<?xml version="1.0" encoding="UTF-8"?>
<!DOCTYPE html PUBLIC "-//W3C//DTD XHTML 1.0 Transitional//EN"
    "http://www.w3.org/TR/xhtml1/DTD/xhtml1-transitional.dtd">
<html xmlns="http://www.w3.org/1999/xhtml" xml:lang="en" lang="en">
 <head>
  <title>
</title>
<meta http-equiv="Content-Type" content="text/html;charset=utf-8" />
  <meta name='ocr-system' content='tesseract 3.04.00' />
  <meta name='ocr-capabilities' content='ocr_page ocr_carea ocr_par ocr_line ocrx_word'/>
</head>
<body>
  <div class='ocr_page' id='page_1' title='image "./corpusiuriscivil02krueuoft_0271.png"; bbox 0 0 3034 4776; ppageno 0'>
   <div class='ocr_carea' id='block_1_1' title="bbox 195 124 1086 185">
    <p class='ocr_par' dir='ltr' id='par_1_1' title="bbox 195 124 1086 185">
     <span class='ocr_line' id='line_1_1' title="bbox 195 124 1086 185; baseline -0.003 0"><span class='ocrx_word' id='word_1_1' title='bbox 195 146 268 185; x_wconf 82' lang='lat' dir='ltr'><strong>m:</strong></span> <span class='ocrx_word' id='word_1_2' title='bbox 302 144 555 184; x_wconf 75' lang='lat' dir='ltr'><strong>PRAEDns</strong></span> <span class='ocrx_word' id='word_1_3' title='bbox 593 124 701 183; x_wconf 74' lang='lat' dir='ltr'><strong>vnn</strong></span> <span class='ocrx_word' id='word_1_4' title='bbox 735 143 878 182; x_wconf 79' lang='lat' dir='ltr'><strong>Anus</strong></span> <span class='ocrx_word' id='word_1_5' title='bbox 914 143 1086 182; x_wconf 73' lang='lat' dir='ltr'><strong>Rnssos</strong></span> 
     </span>
    </p>
   </div>
   <div class='ocr_carea' id='block_1_2' title="bbox 622 277 1519 390">
    <p class='ocr_par' dir='ltr' id='par_1_2' title="bbox 622 277 1519 390">
     <span class='ocr_line' id='line_1_2' title="bbox 622 277 1518 338; baseline 0 -13"><span class='ocrx_word' id='word_1_6' title='bbox 622 277 985 338; x_wconf 82' lang='lat' dir='ltr'><strong>quemadmodum</strong></span> <span class='ocrx_word' id='word_1_7' title='bbox 1019 281 1075 334; x_wconf 90' lang='lat' dir='ltr'><strong>et,</strong></span> <span class='ocrx_word' id='word_1_8' title='bbox 1117 280 1154 323; x_wconf 91' lang='lat' dir='ltr'><strong>si</strong></span> <span class='ocrx_word' id='word_1_9' title='bbox 1184 283 1419 336; x_wconf 87' lang='lat' dir='ltr'><strong>suspectus</strong></span> <span class='ocrx_word' id='word_1_10' title='bbox 1449 294 1518 326; x_wconf 91' lang='lat' dir='ltr'><strong>re-</strong></span> 
     </span>
     <span class='ocr_line' id='line_1_3' title="bbox 964 335 1519 390; baseline 0.007 -13"><span class='ocrx_word' id='word_1_11' title='bbox 964 335 1082 390; x_wconf 91' lang='lat' dir='ltr'><strong>quod</strong></span> <span class='ocrx_word' id='word_1_12' title='bbox 1129 337 1258 379; x_wconf 87' lang='lat' dir='ltr'><strong>etiam</strong></span> <span class='ocrx_word' id='word_1_13' title='bbox 1299 338 1519 382; x_wconf 91' lang='lat' dir='ltr'><strong>veteribus</strong></span> 
     </span>
    </p>
   </div>
   <div class='ocr_carea' id='block_1_3' title="bbox 187 281 1521 1004">
    <p class='ocr_par' dir='ltr' id='par_1_3' title="bbox 187 281 1521 1004">
     <span class='ocr_line' id='line_1_4' title="bbox 191 281 579 326; baseline 0 0"><span class='ocrx_word' id='word_1_14' title='bbox 191 283 304 326; x_wconf 86' lang='lat' dir='ltr'><strong>alius</strong></span> <span class='ocrx_word' id='word_1_15' title='bbox 334 281 579 326; x_wconf 82' lang='lat' dir='ltr'><strong>creabitur:</strong></span> 
     </span>
     <span class='ocr_line' id='line_1_5' title="bbox 189 337 888 395; baseline -0.009 -12"><span class='ocrx_word' id='word_1_16' title='bbox 189 337 407 395; x_wconf 81' lang='lat' dir='ltr'><strong>periatur,</strong></span> <span class='ocrx_word' id='word_1_17' title='bbox 456 338 568 381; x_wconf 88' lang='lat' dir='ltr'><strong>alter</strong></span> <span class='ocrx_word' id='word_1_18' title='bbox 611 339 888 391; x_wconf 85' lang='lat' dir='ltr'><strong>subrogatur.</strong></span> 
     </span>
     <span class='ocr_line' id='line_1_6' title="bbox 194 392 1520 450; baseline 0 -12"><span class='ocrx_word' id='word_1_19' title='bbox 194 397 238 438; x_wconf 87' lang='lat'><strong>11</strong></span> <span class='ocrx_word' id='word_1_20' title='bbox 299 393 472 448; x_wconf 84' lang='lat' dir='ltr'><strong>legibus</strong></span> <span class='ocrx_word' id='word_1_21' title='bbox 502 394 682 450; x_wconf 82' lang='lat' dir='ltr'><strong>placuit.</strong></span> <span class='ocrx_word' id='word_1_22' title='bbox 741 392 861 435; x_wconf 86' lang='lat' dir='ltr'><strong>Haec</strong></span> <span class='ocrx_word' id='word_1_23' title='bbox 889 393 1037 433; x_wconf 88' lang='lat' dir='ltr'><strong>autem</strong></span> <span class='ocrx_word' id='word_1_24' title='bbox 1078 393 1243 446; x_wconf 89' lang='lat' dir='ltr'><strong>omnia,</strong></span> <span class='ocrx_word' id='word_1_25' title='bbox 1285 397 1426 448; x_wconf 84' lang='lat' dir='ltr'><strong>quae¹</strong></span> <span class='ocrx_word' id='word_1_26' title='bbox 1467 394 1520 438; x_wconf 89' lang='lat' dir='ltr'><strong>de</strong></span> 
     </span>
     <span class='ocr_line' id='line_1_7' title="bbox 189 448 1520 501; baseline -0.002 -7"><span class='ocrx_word' id='word_1_27' title='bbox 189 449 486 494; x_wconf 69' lang='lat' dir='ltr'><strong>creationibus</strong></span> <span class='ocrx_word' id='word_1_28' title='bbox 516 454 768 493; x_wconf 88' lang='lat' dir='ltr'><strong>curatorum</strong></span> <span class='ocrx_word' id='word_1_29' title='bbox 799 459 898 491; x_wconf 91' lang='lat' dir='ltr'><strong>cum</strong></span> <span class='ocrx_word' id='word_1_30' title='bbox 926 458 1008 501; x_wconf 91' lang='lat' dir='ltr'><strong>per</strong></span> <span class='ocrx_word' id='word_1_31' title='bbox 1037 460 1194 490; x_wconf 89' lang='lat' dir='ltr'><strong>novam</strong></span> <span class='ocrx_word' id='word_1_32' title='bbox 1223 448 1520 494; x_wconf 85' lang='lat' dir='ltr'><strong>definitionem</strong></span> 
     </span>
     <span class='ocr_line' id='line_1_8' title="bbox 187 502 1521 560; baseline 0 -11"><span class='ocrx_word' id='word_1_33' title='bbox 187 504 443 550; x_wconf 81' lang='lat' dir='ltr'><strong>introducta</strong></span> <span class='ocrx_word' id='word_1_34' title='bbox 468 508 584 556; x_wconf 89' lang='lat' dir='ltr'><strong>sunt,</strong></span> <span class='ocrx_word' id='word_1_35' title='bbox 614 503 778 548; x_wconf 86' lang='lat' dir='ltr'><strong>futuris</strong></span> <span class='ocrx_word' id='word_1_36' title='bbox 804 502 978 546; x_wconf 80' lang='lat' dir='ltr'><strong>casibus</strong></span> <span class='ocrx_word' id='word_1_37' title='bbox 1004 502 1288 558; x_wconf 82' lang='lat' dir='ltr'><strong>imponantur</strong></span> <span class='ocrx_word' id='word_1_38' title='bbox 1313 508 1358 548; x_wconf 91' lang='lat' dir='ltr'><strong>et</strong></span> <span class='ocrx_word' id='word_1_39' title='bbox 1379 518 1521 560; x_wconf 89' lang='lat' dir='ltr'><strong>neque</strong></span> 
     </span>
     <span class='ocr_line' id='line_1_9' title="bbox 188 561 1521 616; baseline 0 -12"><span class='ocrx_word' id='word_1_40' title='bbox 188 565 321 604; x_wconf 86' lang='lat' dir='ltr'><strong>antea</strong></span> <span class='ocrx_word' id='word_1_41' title='bbox 372 561 482 604; x_wconf 84' lang='lat' dir='ltr'><strong>facti</strong></span> <span class='ocrx_word' id='word_1_42' title='bbox 536 564 761 604; x_wconf 77' lang='lat' dir='ltr'><strong>curatores</strong></span> <span class='ocrx_word' id='word_1_43' title='bbox 813 563 1122 602; x_wconf 84' lang='lat' dir='ltr'><strong>removeantur</strong></span> <span class='ocrx_word' id='word_1_44' title='bbox 1166 572 1305 615; x_wconf 90' lang='lat' dir='ltr'><strong>neque</strong></span> <span class='ocrx_word' id='word_1_45' title='bbox 1355 561 1521 616; x_wconf 87' lang='lat' dir='ltr'><strong>aliquid</strong></span> 
     </span>
     <span class='ocr_line' id='line_1_10' title="bbox 188 613 1520 669; baseline -0.002 -9"><span class='ocrx_word' id='word_1_46' title='bbox 188 630 348 660; x_wconf 90' lang='lat' dir='ltr'><strong>novum</strong></span> <span class='ocrx_word' id='word_1_47' title='bbox 392 617 456 661; x_wconf 91' lang='lat' dir='ltr'><strong>eis</strong></span> <span class='ocrx_word' id='word_1_48' title='bbox 500 616 707 665; x_wconf 81' lang='lat' dir='ltr'><strong>accedat,</strong></span> <span class='ocrx_word' id='word_1_49' title='bbox 751 613 828 658; x_wconf 91' lang='lat' dir='ltr'><strong>sed</strong></span> <span class='ocrx_word' id='word_1_50' title='bbox 871 614 1052 669; x_wconf 89' lang='lat' dir='ltr'><strong>antiquo</strong></span> <span class='ocrx_word' id='word_1_51' title='bbox 1092 615 1243 658; x_wconf 87' lang='lat' dir='ltr'><strong>ordine</strong></span> <span class='ocrx_word' id='word_1_52' title='bbox 1281 616 1438 660; x_wconf 88' lang='lat' dir='ltr'><strong>statuti</strong></span> <span class='ocrx_word' id='word_1_53' title='bbox 1473 617 1520 659; x_wconf 92' lang='lat' dir='ltr'><strong>in</strong></span> 
     </span>
     <span class='ocr_line' id='line_1_11' title="bbox 188 670 1519 738; baseline -0.003 -21"><span class='ocrx_word' id='word_1_54' title='bbox 188 672 395 728; x_wconf 80' lang='lat' dir='ltr'><strong>antiquos</strong></span> <span class='ocrx_word' id='word_1_55' title='bbox 423 678 635 738; x_wconf 83' lang='lat' dir='ltr'><strong>quantum</strong></span> <span class='ocrx_word' id='word_1_56' title='bbox 674 670 729 714; x_wconf 90' lang='lat' dir='ltr'><strong>ad</strong></span> <span class='ocrx_word' id='word_1_57' title='bbox 760 671 1025 713; x_wconf 80' lang='lat' dir='ltr'><strong>creationem</strong></span> <span class='ocrx_word' id='word_1_58' title='bbox 1054 678 1342 726; x_wconf 89' lang='lat' dir='ltr'><strong>permaneant</strong></span> <span class='ocrx_word' id='word_1_59' title='bbox 1369 671 1519 715; x_wconf 91' lang='lat' dir='ltr'><strong>termi-</strong></span> 
     </span>
     <span class='ocr_line' id='line_1_12' title="bbox 189 725 1519 783; baseline -0.002 -11"><span class='ocrx_word' id='word_1_60' title='bbox 189 741 292 772; x_wconf 84' lang='lat' dir='ltr'><strong>nos:</strong></span> <span class='ocrx_word' id='word_1_61' title='bbox 330 731 536 772; x_wconf 85' lang='lat' dir='ltr'><strong>cautione</strong></span> <span class='ocrx_word' id='word_1_62' title='bbox 564 727 766 770; x_wconf 89' lang='lat' dir='ltr'><strong>videlicet</strong></span> <span class='ocrx_word' id='word_1_63' title='bbox 805 726 870 769; x_wconf 89' lang='lat' dir='ltr'><strong>vel</strong></span> <span class='ocrx_word' id='word_1_64' title='bbox 905 725 1214 782; x_wconf 83' lang='lat' dir='ltr'><strong>satisdatione,</strong></span> <span class='ocrx_word' id='word_1_65' title='bbox 1255 740 1367 783; x_wconf 88' lang='lat' dir='ltr'><strong>quae</strong></span> <span class='ocrx_word' id='word_1_66' title='bbox 1404 727 1519 770; x_wconf 90' lang='lat' dir='ltr'><strong>anti-</strong></span> 
     </span>
     <span class='ocr_line' id='line_1_13' title="bbox 189 782 1519 840; baseline -0.002 -11"><span class='ocrx_word' id='word_1_67' title='bbox 189 784 338 840; x_wconf 85' lang='lat' dir='ltr'><strong>quitus</strong></span> <span class='ocrx_word' id='word_1_68' title='bbox 376 783 523 828; x_wconf 87' lang='lat' dir='ltr'><strong>fuerat</strong></span> <span class='ocrx_word' id='word_1_69' title='bbox 558 782 835 836; x_wconf 86' lang='lat' dir='ltr'><strong>introducta,</strong></span> <span class='ocrx_word' id='word_1_70' title='bbox 882 794 1016 837; x_wconf 86' lang='lat' dir='ltr'><strong>super</strong></span> <span class='ocrx_word' id='word_1_71' title='bbox 1050 786 1207 839; x_wconf 88' lang='lat' dir='ltr'><strong>postea</strong></span> <span class='ocrx_word' id='word_1_72' title='bbox 1245 782 1519 827; x_wconf 87' lang='lat' dir='ltr'><strong>venientibus</strong></span> 
     </span>
     <span class='ocr_line' id='line_1_14' title="bbox 189 836 1518 894; baseline -0.003 -10"><span class='ocrx_word' id='word_1_73' title='bbox 189 840 247 884; x_wconf 84' lang='lat' dir='ltr'><strong>ad</strong></span> <span class='ocrx_word' id='word_1_74' title='bbox 274 839 466 884; x_wconf 82' lang='lat' dir='ltr'><strong>furiosos</strong></span> <span class='ocrx_word' id='word_1_75' title='bbox 491 837 845 884; x_wconf 83' lang='lat' dir='ltr'><strong>successionibus</strong></span> <span class='ocrx_word' id='word_1_76' title='bbox 870 837 1048 882; x_wconf 91' lang='lat' dir='ltr'><strong>minime</strong></span> <span class='ocrx_word' id='word_1_77' title='bbox 1070 839 1352 894; x_wconf 89' lang='lat' dir='ltr'><strong>praestanda.</strong></span> <span class='ocrx_word' id='word_1_78' title='bbox 1403 836 1518 883; x_wconf 75' lang='lat' dir='ltr'><strong>D.1c.</strong></span> 
     </span>
     <span class='ocr_line' id='line_1_15' title="bbox 189 893 1519 1004; baseline -0.002 -63"><span class='ocrx_word' id='word_1_79' title='bbox 189 895 310 954; x_wconf 83' lang='lat' dir='ltr'><strong>Sept.</strong></span> <span class='ocrx_word' id='word_1_80' title='bbox 353 893 743 953; x_wconf 68' lang='lat' dir='ltr'><strong>Constantinopoli</strong></span> <span class='ocrx_word' id='word_1_81' title='bbox 780 893 1030 951; x_wconf 81' lang='lat' dir='ltr'><strong>Lampadio</strong></span> <span class='ocrx_word' id='word_1_82' title='bbox 1073 900 1119 939; x_wconf 84' lang='lat' dir='ltr'><strong>et</strong></span> <span class='ocrx_word' id='word_1_83' title='bbox 1163 893 1317 940; x_wconf 87' lang='lat' dir='ltr'><strong>Oreste</strong></span> <span class='ocrx_word' id='word_1_84' title='bbox 1334 906 1519 1004; x_wconf 56' lang='grc' dir='ltr'>[1)αὸξῶ</span> 
     </span>
     <span class='ocr_line' id='line_1_16' title="bbox 189 963 1390 996; baseline -0.001 -1"><span class='ocrx_word' id='word_1_85' title='bbox 189 964 332 996; x_wconf 82' lang='lat' dir='ltr'><strong>conss.</strong></span> <span class='ocrx_word' id='word_1_86' title='bbox 1350 963 1390 995; x_wconf 90' lang='lat' dir='ltr'><strong>a.</strong></span> 
     </span>
    </p>
   </div>
   <div class='ocr_carea' id='block_1_4' title="bbox 752 1121 949 1169">
    <p class='ocr_par' dir='ltr' id='par_1_4' title="bbox 752 1121 949 1169">
     <span class='ocr_line' id='line_1_17' title="bbox 752 1121 949 1169; baseline 0.005 -1"><span class='ocrx_word' id='word_1_87' title='bbox 752 1121 949 1169; x_wconf 55' lang='lat' dir='ltr'>LXXI!</span> 
     </span>
    </p>
   </div>
   <div class='ocr_carea' id='block_1_5' title="bbox 186 1201 1519 1300">
    <p class='ocr_par' dir='ltr' id='par_1_5' title="bbox 186 1201 1519 1300">
     <span class='ocr_line' id='line_1_18' title="bbox 186 1201 1519 1246; baseline -0.002 -1"><span class='ocrx_word' id='word_1_88' title='bbox 186 1205 262 1246; x_wconf 88' lang='lat' dir='ltr'><strong>DE</strong></span> <span class='ocrx_word' id='word_1_89' title='bbox 290 1202 550 1244; x_wconf 83' lang='lat' dir='ltr'><strong>PRAEDIIS</strong></span> <span class='ocrx_word' id='word_1_90' title='bbox 577 1202 689 1242; x_wconf 87' lang='lat' dir='ltr'><strong>VEL</strong></span> <span class='ocrx_word' id='word_1_91' title='bbox 712 1202 861 1242; x_wconf 83' lang='lat' dir='ltr'>ALIIS</span> <span class='ocrx_word' id='word_1_92' title='bbox 885 1202 1066 1243; x_wconf 86' lang='lat' dir='ltr'><strong>REBUS</strong></span> <span class='ocrx_word' id='word_1_93' title='bbox 1091 1203 1358 1244; x_wconf 85' lang='lat' dir='ltr'>MINORUM</span> <span class='ocrx_word' id='word_1_94' title='bbox 1388 1201 1519 1242; x_wconf 86' lang='lat' dir='ltr'>SINE</span> 
     </span>
     <span class='ocr_line' id='line_1_19' title="bbox 187 1256 1518 1300; baseline -0.003 0"><span class='ocrx_word' id='word_1_95' title='bbox 187 1258 442 1300; x_wconf 82' lang='lat' dir='ltr'>DECRETO</span> <span class='ocrx_word' id='word_1_96' title='bbox 482 1259 599 1299; x_wconf 90' lang='lat' dir='ltr'><strong>NON</strong></span> <span class='ocrx_word' id='word_1_97' title='bbox 631 1258 980 1299; x_wconf 86' lang='lat' dir='ltr'><strong>ALIENANDIS</strong></span> <span class='ocrx_word' id='word_1_98' title='bbox 1010 1259 1124 1299; x_wconf 89' lang='lat' dir='ltr'><strong>VEL</strong></span> <span class='ocrx_word' id='word_1_99' title='bbox 1164 1256 1518 1300; x_wconf 85' lang='lat' dir='ltr'><strong>OBLIGANDIS.</strong></span> 
     </span>
    </p>
   </div>
   <div class='ocr_carea' id='block_1_6' title="bbox 171 1338 1521 3291">
    <p class='ocr_par' dir='ltr' id='par_1_6' title="bbox 178 1338 1521 1896">
     <span class='ocr_line' id='line_1_20' title="bbox 243 1338 1520 1399; baseline -0.004 -13"><span class='ocrx_word' id='word_1_100' title='bbox 243 1339 266 1386; x_wconf 94' lang='lat'>1</span> <span class='ocrx_word' id='word_1_101' title='bbox 307 1339 416 1399; x_wconf 88' lang='lat' dir='ltr'><strong>Imp.</strong></span> <span class='ocrx_word' id='word_1_102' title='bbox 448 1340 702 1384; x_wconf 77' lang='lat' dir='ltr'><strong>Antoninus</strong></span> <span class='ocrx_word' id='word_1_103' title='bbox 730 1340 781 1383; x_wconf 90' lang='lat' dir='ltr'><strong>A.</strong></span> <span class='ocrx_word' id='word_1_104' title='bbox 813 1338 1041 1384; x_wconf 83' lang='lat' dir='ltr'><strong>Muciano.</strong></span> <span class='ocrx_word' id='word_1_105' title='bbox 1110 1339 1313 1384; x_wconf 89' lang='lat' dir='ltr'><strong>Venditio</strong></span> <span class='ocrx_word' id='word_1_106' title='bbox 1344 1338 1520 1396; x_wconf 86' lang='lat' dir='ltr'><strong>quidem</strong></span> 
     </span>
     <span class='ocr_line' id='line_1_21' title="bbox 184 1395 1519 1454; baseline -0.003 -13"><span class='ocrx_word' id='word_1_107' title='bbox 184 1396 374 1454; x_wconf 82' lang='lat' dir='ltr'><strong>praedii,</strong></span> <span class='ocrx_word' id='word_1_108' title='bbox 419 1396 537 1452; x_wconf 86' lang='lat' dir='ltr'><strong>quod</strong></span> <span class='ocrx_word' id='word_1_109' title='bbox 580 1396 676 1438; x_wconf 91' lang='lat' dir='ltr'><strong>iure</strong></span> <span class='ocrx_word' id='word_1_110' title='bbox 720 1396 915 1451; x_wconf 88' lang='lat' dir='ltr'><strong>pignoris</strong></span> <span class='ocrx_word' id='word_1_111' title='bbox 958 1396 1025 1439; x_wconf 91' lang='lat' dir='ltr'><strong>vel</strong></span> <span class='ocrx_word' id='word_1_112' title='bbox 1069 1396 1114 1439; x_wconf 91' lang='lat' dir='ltr'><strong>in</strong></span> <span class='ocrx_word' id='word_1_113' title='bbox 1158 1408 1295 1439; x_wconf 88' lang='lat' dir='ltr'><strong>causa</strong></span> <span class='ocrx_word' id='word_1_114' title='bbox 1337 1395 1519 1439; x_wconf 88' lang='lat' dir='ltr'><strong>iudicati</strong></span> 
     </span>
     <span class='ocr_line' id='line_1_22' title="bbox 184 1451 1518 1508; baseline -0.001 -13"><span class='ocrx_word' id='word_1_115' title='bbox 184 1455 364 1508; x_wconf 91' lang='lat' dir='ltr'><strong>captum</strong></span> <span class='ocrx_word' id='word_1_116' title='bbox 405 1455 452 1496; x_wconf 91' lang='lat' dir='ltr'><strong>et</strong></span> <span class='ocrx_word' id='word_1_117' title='bbox 494 1451 754 1496; x_wconf 89' lang='lat' dir='ltr'><strong>distractum</strong></span> <span class='ocrx_word' id='word_1_118' title='bbox 796 1457 883 1503; x_wconf 87' lang='lat' dir='ltr'><strong>est,</strong></span> <span class='ocrx_word' id='word_1_119' title='bbox 928 1451 985 1495; x_wconf 89' lang='lat' dir='ltr'><strong>ad</strong></span> <span class='ocrx_word' id='word_1_120' title='bbox 1029 1456 1209 1495; x_wconf 88' lang='lat' dir='ltr'><strong>senatus</strong></span> <span class='ocrx_word' id='word_1_121' title='bbox 1255 1451 1518 1504; x_wconf 86' lang='lat' dir='ltr'><strong>consultum,</strong></span> 
     </span>
     <span class='ocr_line' id='line_1_23' title="bbox 184 1507 1517 1563; baseline -0.002 -11"><span class='ocrx_word' id='word_1_122' title='bbox 184 1509 301 1563; x_wconf 89' lang='lat' dir='ltr'><strong>quod</strong></span> <span class='ocrx_word' id='word_1_123' title='bbox 339 1507 393 1552; x_wconf 91' lang='lat' dir='ltr'><strong>de</strong></span> <span class='ocrx_word' id='word_1_124' title='bbox 431 1507 673 1551; x_wconf 85' lang='lat' dir='ltr'><strong>alienandis</strong></span> <span class='ocrx_word' id='word_1_125' title='bbox 712 1507 903 1563; x_wconf 90' lang='lat' dir='ltr'><strong>praediis</strong></span> <span class='ocrx_word' id='word_1_126' title='bbox 942 1507 1210 1562; x_wconf 90' lang='lat' dir='ltr'><strong>pupillorum</strong></span> <span class='ocrx_word' id='word_1_127' title='bbox 1238 1507 1308 1550; x_wconf 87' lang='lat' dir='ltr'><strong>vel</strong></span> <span class='ocrx_word' id='word_1_128' title='bbox 1343 1507 1517 1550; x_wconf 91' lang='lat' dir='ltr'><strong>adules-</strong></span> 
     </span>
     <span class='ocr_line' id='line_1_24' title="bbox 185 1562 1518 1619; baseline -0.002 -12"><span class='ocrx_word' id='word_1_129' title='bbox 185 1563 377 1608; x_wconf 89' lang='lat' dir='ltr'><strong>centium</strong></span> <span class='ocrx_word' id='word_1_130' title='bbox 416 1568 599 1607; x_wconf 89' lang='lat' dir='ltr'><strong>auctore</strong></span> <span class='ocrx_word' id='word_1_131' title='bbox 614 1565 631 1590; x_wconf 85' lang='lat'>³</span> <span class='ocrx_word' id='word_1_132' title='bbox 671 1568 876 1619; x_wconf 91' lang='lat' dir='ltr'><strong>praetore</strong></span> <span class='ocrx_word' id='word_1_133' title='bbox 914 1563 981 1606; x_wconf 87' lang='lat' dir='ltr'><strong>vel</strong></span> <span class='ocrx_word' id='word_1_134' title='bbox 1024 1562 1228 1616; x_wconf 88' lang='lat' dir='ltr'><strong>praeside</strong></span> <span class='ocrx_word' id='word_1_135' title='bbox 1267 1562 1518 1617; x_wconf 89' lang='lat' dir='ltr'><strong>provinciae</strong></span> 
     </span>
     <span class='ocr_line' id='line_1_25' title="bbox 187 1617 1519 1673; baseline -0.002 -11"><span class='ocrx_word' id='word_1_136' title='bbox 187 1625 203 1662; x_wconf 83' lang='lat'>1</span> <span class='ocrx_word' id='word_1_137' title='bbox 265 1619 432 1663; x_wconf 89' lang='lat' dir='ltr'><strong>factum</strong></span> <span class='ocrx_word' id='word_1_138' title='bbox 462 1624 542 1672; x_wconf 90' lang='lat' dir='ltr'><strong>est,</strong></span> <span class='ocrx_word' id='word_1_139' title='bbox 582 1632 671 1662; x_wconf 90' lang='lat' dir='ltr'><strong>non</strong></span> <span class='ocrx_word' id='word_1_140' title='bbox 699 1617 904 1673; x_wconf 79' lang='lat' dir='ltr'><strong>pertinet.</strong></span> <span class='ocrx_word' id='word_1_141' title='bbox 974 1617 1060 1660; x_wconf 86' lang='lat' dir='ltr'><strong>Sed</strong></span> <span class='ocrx_word' id='word_1_142' title='bbox 1094 1617 1134 1659; x_wconf 89' lang='lat' dir='ltr'><strong>si</strong></span> <span class='ocrx_word' id='word_1_143' title='bbox 1164 1617 1296 1660; x_wconf 88' lang='lat' dir='ltr'><strong>etiam</strong></span> <span class='ocrx_word' id='word_1_144' title='bbox 1326 1631 1445 1661; x_wconf 91' lang='lat' dir='ltr'><strong>nunc</strong></span> <span class='ocrx_word' id='word_1_145' title='bbox 1473 1619 1519 1660; x_wconf 93' lang='lat' dir='ltr'><strong>in</strong></span> 
     </span>
     <span class='ocr_line' id='line_1_26' title="bbox 183 1672 1517 1728; baseline -0.001 -10"><span class='ocrx_word' id='word_1_146' title='bbox 183 1687 237 1718; x_wconf 91' lang='lat' dir='ltr'><strong>ea</strong></span> <span class='ocrx_word' id='word_1_147' title='bbox 274 1679 420 1718; x_wconf 85' lang='lat' dir='ltr'><strong>aetate</strong></span> <span class='ocrx_word' id='word_1_148' title='bbox 459 1687 526 1726; x_wconf 89' lang='lat' dir='ltr'><strong>es,</strong></span> <span class='ocrx_word' id='word_1_149' title='bbox 566 1674 638 1717; x_wconf 90' lang='lat' dir='ltr'><strong>cui</strong></span> <span class='ocrx_word' id='word_1_150' title='bbox 667 1673 890 1716; x_wconf 90' lang='lat' dir='ltr'><strong>subveniri</strong></span> <span class='ocrx_word' id='word_1_151' title='bbox 919 1673 1045 1724; x_wconf 90' lang='lat' dir='ltr'><strong>solet,</strong></span> <span class='ocrx_word' id='word_1_152' title='bbox 1085 1672 1233 1715; x_wconf 89' lang='lat' dir='ltr'><strong>aditus</strong></span> <span class='ocrx_word' id='word_1_153' title='bbox 1265 1676 1517 1728; x_wconf 88' lang='lat' dir='ltr'><strong>competens</strong></span> 
     </span>
     <span class='ocr_line' id='line_1_27' title="bbox 179 1727 1517 1783; baseline -0.002 -9"><span class='ocrx_word' id='word_1_154' title='bbox 179 1730 324 1782; x_wconf 87' lang='lat' dir='ltr'><strong>iudex,</strong></span> <span class='ocrx_word' id='word_1_155' title='bbox 367 1742 424 1773; x_wconf 89' lang='lat' dir='ltr'><strong>an</strong></span> <span class='ocrx_word' id='word_1_156' title='bbox 467 1734 512 1773; x_wconf 93' lang='lat' dir='ltr'><strong>te</strong></span> <span class='ocrx_word' id='word_1_157' title='bbox 553 1729 600 1771; x_wconf 92' lang='lat' dir='ltr'><strong>in</strong></span> <span class='ocrx_word' id='word_1_158' title='bbox 637 1730 854 1783; x_wconf 88' lang='lat' dir='ltr'><strong>integrum</strong></span> <span class='ocrx_word' id='word_1_159' title='bbox 891 1728 1123 1771; x_wconf 87' lang='lat' dir='ltr'><strong>restituere</strong></span> <span class='ocrx_word' id='word_1_160' title='bbox 1163 1727 1343 1781; x_wconf 90' lang='lat' dir='ltr'><strong>debeat,</strong></span> <span class='ocrx_word' id='word_1_161' title='bbox 1388 1741 1517 1783; x_wconf 89' lang='lat' dir='ltr'><strong>prae-</strong></span> 
     </span>
     <span class='ocr_line' id='line_1_28' title="bbox 179 1782 1521 1839; baseline -0.001 -11"><span class='ocrx_word' id='word_1_162' title='bbox 179 1790 305 1829; x_wconf 83' lang='lat' dir='ltr'><strong>sente</strong></span> <span class='ocrx_word' id='word_1_163' title='bbox 326 1785 496 1828; x_wconf 88' lang='lat' dir='ltr'><strong>diversa</strong></span> <span class='ocrx_word' id='word_1_164' title='bbox 519 1788 646 1839; x_wconf 88' lang='lat' dir='ltr'><strong>parte</strong></span> <span class='ocrx_word' id='word_1_165' title='bbox 667 1795 805 1826; x_wconf 87' lang='lat' dir='ltr'><strong>causa</strong></span> <span class='ocrx_word' id='word_1_166' title='bbox 830 1783 1007 1838; x_wconf 88' lang='lat' dir='ltr'><strong>cognita</strong></span> <span class='ocrx_word' id='word_1_167' title='bbox 1032 1782 1247 1838; x_wconf 90' lang='lat' dir='ltr'><strong>dispiciet.</strong></span> <span class='ocrx_word' id='word_1_168' title='bbox 1294 1782 1388 1827; x_wconf 85' lang='grc' dir='ltr'><strong>ΡΡ.</strong></span> <span class='ocrx_word' id='word_1_169' title='bbox 1416 1795 1521 1827; x_wconf 73' lang='lat'><strong>1111</strong></span> 
     </span>
     <span class='ocr_line' id='line_1_29' title="bbox 178 1839 1515 1896; baseline -0.001 -12"><span class='ocrx_word' id='word_1_170' title='bbox 178 1840 222 1884; x_wconf 80' lang='lat' dir='ltr'><strong>lc.</strong></span> <span class='ocrx_word' id='word_1_171' title='bbox 251 1839 357 1884; x_wconf 84' lang='lat' dir='ltr'><strong>Dec.</strong></span> <span class='ocrx_word' id='word_1_172' title='bbox 387 1839 563 1883; x_wconf 84' lang='lat' dir='ltr'><strong>duobus</strong></span> <span class='ocrx_word' id='word_1_173' title='bbox 590 1839 752 1896; x_wconf 87' lang='lat' dir='ltr'><strong>Aspris</strong></span> <span class='ocrx_word' id='word_1_174' title='bbox 780 1851 923 1882; x_wconf 85' lang='lat' dir='ltr'><strong>conss.</strong></span> <span class='ocrx_word' id='word_1_175' title='bbox 1328 1843 1385 1890; x_wconf 87' lang='lat' dir='ltr'><strong>[a.</strong></span> <span class='ocrx_word' id='word_1_176' title='bbox 1418 1842 1515 1890; x_wconf 85' lang='lat'>212]</span> 
     </span>
    </p>

    <p class='ocr_par' dir='ltr' id='par_1_7' title="bbox 174 1892 1518 2386">
     <span class='ocr_line' id='line_1_30' title="bbox 234 1892 1515 1952; baseline -0.002 -13"><span class='ocrx_word' id='word_1_177' title='bbox 234 1893 266 1940; x_wconf 83' lang='lat'>2</span> <span class='ocrx_word' id='word_1_178' title='bbox 310 1893 424 1952; x_wconf 87' lang='lat' dir='ltr'><strong>Imp.</strong></span> <span class='ocrx_word' id='word_1_179' title='bbox 472 1893 731 1938; x_wconf 79' lang='lat' dir='ltr'><strong>Gordianus</strong></span> <span class='ocrx_word' id='word_1_180' title='bbox 773 1895 824 1937; x_wconf 90' lang='lat' dir='ltr'><strong>A.</strong></span> <span class='ocrx_word' id='word_1_181' title='bbox 873 1892 1087 1938; x_wconf 75' lang='lat' dir='ltr'><strong>Cleareho</strong></span> <span class='ocrx_word' id='word_1_182' title='bbox 1137 1899 1182 1938; x_wconf 84' lang='lat' dir='ltr'><strong>et</strong></span> <span class='ocrx_word' id='word_1_183' title='bbox 1223 1893 1515 1951; x_wconf 77' lang='lat' dir='ltr'><strong>Aphrodisia.</strong></span> 
     </span>
     <span class='ocr_line' id='line_1_31' title="bbox 177 1949 1518 2005; baseline -0.001 -10"><span class='ocrx_word' id='word_1_184' title='bbox 177 1950 278 1995; x_wconf 86' lang='lat' dir='ltr'><strong>Non</strong></span> <span class='ocrx_word' id='word_1_185' title='bbox 315 1955 382 1994; x_wconf 89' lang='lat' dir='ltr'><strong>est</strong></span> <span class='ocrx_word' id='word_1_186' title='bbox 418 1949 542 1994; x_wconf 88' lang='lat' dir='ltr'><strong>vobis</strong></span> <span class='ocrx_word' id='word_1_187' title='bbox 580 1949 832 1993; x_wconf 88' lang='lat' dir='ltr'><strong>necessaria</strong></span> <span class='ocrx_word' id='word_1_188' title='bbox 870 1950 916 1992; x_wconf 92' lang='lat' dir='ltr'><strong>in</strong></span> <span class='ocrx_word' id='word_1_189' title='bbox 953 1950 1172 2005; x_wconf 88' lang='lat' dir='ltr'><strong>integrum</strong></span> <span class='ocrx_word' id='word_1_190' title='bbox 1200 1951 1439 2002; x_wconf 87' lang='lat' dir='ltr'><strong>restitutio,</strong></span> <span class='ocrx_word' id='word_1_191' title='bbox 1480 1949 1518 1994; x_wconf 87' lang='lat' dir='ltr'><strong>si</strong></span> 
     </span>
     <span class='ocr_line' id='line_1_32' title="bbox 174 2005 1518 2062; baseline -0.001 -12"><span class='ocrx_word' id='word_1_192' title='bbox 174 2009 345 2050; x_wconf 89' lang='lat' dir='ltr'><strong>tutores</strong></span> <span class='ocrx_word' id='word_1_193' title='bbox 360 2005 430 2050; x_wconf 89' lang='lat' dir='ltr'><strong>vel</strong></span> <span class='ocrx_word' id='word_1_194' title='bbox 451 2007 679 2050; x_wconf 87' lang='lat' dir='ltr'><strong>curatores</strong></span> <span class='ocrx_word' id='word_1_195' title='bbox 695 2006 830 2049; x_wconf 90' lang='lat' dir='ltr'><strong>vestri</strong></span> <span class='ocrx_word' id='word_1_196' title='bbox 850 2005 1187 2061; x_wconf 89' lang='lat' dir='ltr'><strong>possessionem,</strong></span> <span class='ocrx_word' id='word_1_197' title='bbox 1213 2006 1319 2050; x_wconf 92' lang='lat' dir='ltr'><strong>licet</strong></span> <span class='ocrx_word' id='word_1_198' title='bbox 1373 2005 1518 2062; x_wconf 87' lang='lat' dir='ltr'><strong>ignori</strong></span> 
     </span>
     <span class='ocr_line' id='line_1_33' title="bbox 181 2020 1515 2116; baseline -0.001 -10"><span class='ocrx_word' id='word_1_199' title='bbox 181 2067 198 2106; x_wconf 83' lang='lat'>1</span> <span class='ocrx_word' id='word_1_200' title='bbox 259 2074 430 2116; x_wconf 86' lang='lat' dir='ltr'><strong>nexam,</strong></span> <span class='ocrx_word' id='word_1_201' title='bbox 460 2061 762 2105; x_wconf 89' lang='lat' dir='ltr'><strong>vendiderunt.</strong></span> <span class='ocrx_word' id='word_1_202' title='bbox 823 2060 950 2116; x_wconf 82' lang='lat' dir='ltr'><strong>Quod</strong></span> <span class='ocrx_word' id='word_1_203' title='bbox 983 2061 1021 2105; x_wconf 90' lang='lat' dir='ltr'><strong>si</strong></span> <span class='ocrx_word' id='word_1_204' title='bbox 1051 2061 1291 2106; x_wconf 88' lang='lat' dir='ltr'><strong>creditores</strong></span> <span class='ocrx_word' id='word_1_205' title='bbox 1322 2020 1371 2105; x_wconf 56' lang='lat' dir='ltr'><strong>ig</strong></span> <span class='ocrx_word' id='word_1_206' title='bbox 1396 2063 1515 2106; x_wconf 85' lang='lat' dir='ltr'><strong>fece-</strong></span> 
     </span>
     <span class='ocr_line' id='line_1_34' title="bbox 175 2117 1517 2171; baseline -0.001 -8"><span class='ocrx_word' id='word_1_207' title='bbox 175 2118 277 2171; x_wconf 89' lang='lat' dir='ltr'><strong>rint,</strong></span> <span class='ocrx_word' id='word_1_208' title='bbox 311 2118 376 2162; x_wconf 88' lang='lat' dir='ltr'><strong>ita</strong></span> <span class='ocrx_word' id='word_1_209' title='bbox 405 2117 579 2162; x_wconf 91' lang='lat' dir='ltr'><strong>demum</strong></span> <span class='ocrx_word' id='word_1_210' title='bbox 606 2118 733 2160; x_wconf 88' lang='lat' dir='ltr'><strong>iuxta</strong></span> <span class='ocrx_word' id='word_1_211' title='bbox 760 2117 947 2160; x_wconf 86' lang='lat' dir='ltr'><strong>formam</strong></span> <span class='ocrx_word' id='word_1_212' title='bbox 976 2117 1110 2161; x_wconf 90' lang='lat' dir='ltr'><strong>edicti</strong></span> <span class='ocrx_word' id='word_1_213' title='bbox 1138 2118 1405 2162; x_wconf 85' lang='lat' dir='ltr'><strong>beneficium</strong></span> <span class='ocrx_word' id='word_1_214' title='bbox 1434 2118 1517 2162; x_wconf 90' lang='lat' dir='ltr'><strong>tibi</strong></span> 
     </span>
     <span class='ocr_line' id='line_1_35' title="bbox 175 2173 1516 2232; baseline 0 -14"><span class='ocrx_word' id='word_1_215' title='bbox 175 2174 474 2232; x_wconf 83' lang='lat' dir='ltr'><strong>impertietur,</strong></span> <span class='ocrx_word' id='word_1_216' title='bbox 516 2174 552 2218; x_wconf 90' lang='lat' dir='ltr'><strong>si</strong></span> <span class='ocrx_word' id='word_1_217' title='bbox 589 2173 876 2217; x_wconf 86' lang='lat' dir='ltr'><strong>fraudulenta</strong></span> <span class='ocrx_word' id='word_1_218' title='bbox 914 2174 1178 2228; x_wconf 82' lang='lat' dir='ltr'><strong>venditione,</strong></span> <span class='ocrx_word' id='word_1_219' title='bbox 1219 2175 1516 2230; x_wconf 88' lang='lat' dir='ltr'><strong>participante</strong></span> 
     </span>
     <span class='ocr_line' id='line_1_36' title="bbox 177 2229 1514 2286; baseline 0 -11"><span class='ocrx_word' id='word_1_220' title='bbox 177 2230 407 2275; x_wconf 87' lang='lat' dir='ltr'><strong>consilium</strong></span> <span class='ocrx_word' id='word_1_221' title='bbox 436 2236 633 2286; x_wconf 89' lang='lat' dir='ltr'><strong>emptore</strong></span> <span class='ocrx_word' id='word_1_222' title='bbox 646 2231 676 2283; x_wconf 89' lang='lat'><strong>⁴,</strong></span> <span class='ocrx_word' id='word_1_223' title='bbox 719 2229 926 2272; x_wconf 89' lang='lat' dir='ltr'><strong>damnum</strong></span> <span class='ocrx_word' id='word_1_224' title='bbox 955 2230 1036 2274; x_wconf 90' lang='lat' dir='ltr'><strong>tibi</strong></span> <span class='ocrx_word' id='word_1_225' title='bbox 1065 2229 1284 2274; x_wconf 88' lang='lat' dir='ltr'><strong>inflictum</strong></span> <span class='ocrx_word' id='word_1_226' title='bbox 1314 2243 1412 2275; x_wconf 88' lang='lat' dir='ltr'><strong>esse</strong></span> <span class='ocrx_word' id='word_1_227' title='bbox 1435 2231 1514 2274; x_wconf 90' lang='lat' dir='ltr'><strong>do-</strong></span> 
     </span>
     <span class='ocr_line' id='line_1_37' title="bbox 177 2284 1517 2331; baseline -0.001 -1"><span class='ocrx_word' id='word_1_228' title='bbox 177 2291 342 2330; x_wconf 90' lang='lat' dir='ltr'><strong>ceatur.</strong></span> <span class='ocrx_word' id='word_1_229' title='bbox 415 2284 508 2329; x_wconf 92' lang='lat' dir='ltr'><strong>PP.</strong></span> <span class='ocrx_word' id='word_1_230' title='bbox 543 2296 609 2329; x_wconf 84' lang='lat'><strong>111</strong></span> <span class='ocrx_word' id='word_1_231' title='bbox 652 2284 694 2329; x_wconf 82' lang='lat' dir='ltr'><strong>Ic.</strong></span> <span class='ocrx_word' id='word_1_232' title='bbox 738 2284 867 2329; x_wconf 84' lang='lat' dir='ltr'><strong>Febr.</strong></span> <span class='ocrx_word' id='word_1_233' title='bbox 912 2284 1144 2329; x_wconf 82' lang='lat' dir='ltr'><strong>Gordiano</strong></span> <span class='ocrx_word' id='word_1_234' title='bbox 1181 2288 1232 2331; x_wconf 89' lang='lat' dir='ltr'><strong>A.</strong></span> <span class='ocrx_word' id='word_1_235' title='bbox 1274 2294 1319 2331; x_wconf 85' lang='lat' dir='ltr'><strong>et</strong></span> <span class='ocrx_word' id='word_1_236' title='bbox 1355 2287 1517 2331; x_wconf 83' lang='lat' dir='ltr'><strong>Aviola</strong></span> 
     </span>
     <span class='ocr_line' id='line_1_38' title="bbox 177 2346 1497 2386; baseline -0.001 0"><span class='ocrx_word' id='word_1_237' title='bbox 177 2355 319 2386; x_wconf 83' lang='lat' dir='ltr'><strong>conss.</strong></span> <span class='ocrx_word' id='word_1_238' title='bbox 1345 2356 1385 2385; x_wconf 88' lang='lat' dir='ltr'><strong>a.</strong></span> <span class='ocrx_word' id='word_1_239' title='bbox 1418 2346 1497 2386; x_wconf 85' lang='lat'><strong>239</strong></span> 
     </span>
    </p>

    <p class='ocr_par' dir='ltr' id='par_1_8' title="bbox 175 2346 1516 2787">
     <span class='ocr_line' id='line_1_39' title="bbox 234 2346 1516 2456; baseline 0 -14"><span class='ocrx_word' id='word_1_240' title='bbox 234 2395 265 2445; x_wconf 90' lang='lat'><strong>3</strong></span> <span class='ocrx_word' id='word_1_241' title='bbox 305 2396 453 2456; x_wconf 85' lang='lat' dir='ltr'><strong>Impp.</strong></span> <span class='ocrx_word' id='word_1_242' title='bbox 504 2396 773 2441; x_wconf 82' lang='lat' dir='ltr'><strong>Valerianus</strong></span> <span class='ocrx_word' id='word_1_243' title='bbox 821 2402 866 2441; x_wconf 86' lang='lat' dir='ltr'><strong>et</strong></span> <span class='ocrx_word' id='word_1_244' title='bbox 906 2395 1136 2441; x_wconf 82' lang='lat' dir='ltr'><strong>Gallienus</strong></span> <span class='ocrx_word' id='word_1_245' title='bbox 1174 2399 1266 2442; x_wconf 89' lang='lat' dir='ltr'><strong>AA.</strong></span> <span class='ocrx_word' id='word_1_246' title='bbox 1315 2346 1516 2442; x_wconf 46' lang='lat' dir='ltr'><strong>{becclo}</strong></span> 
     </span>
     <span class='ocr_line' id='line_1_40' title="bbox 175 2452 1515 2509; baseline -0.001 -11"><span class='ocrx_word' id='word_1_247' title='bbox 175 2454 306 2498; x_wconf 87' lang='lat' dir='ltr'><strong>siano</strong></span> <span class='ocrx_word' id='word_1_248' title='bbox 336 2459 381 2498; x_wconf 87' lang='lat' dir='ltr'><strong>et</strong></span> <span class='ocrx_word' id='word_1_249' title='bbox 407 2453 522 2497; x_wconf 86' lang='lat' dir='ltr'><strong>aliis.</strong></span> <span class='ocrx_word' id='word_1_250' title='bbox 570 2452 679 2496; x_wconf 90' lang='lat' dir='ltr'><strong>Cum</strong></span> <span class='ocrx_word' id='word_1_251' title='bbox 708 2454 997 2509; x_wconf 83' lang='lat' dir='ltr'><strong>emancipatis</strong></span> <span class='ocrx_word' id='word_1_252' title='bbox 1027 2453 1151 2497; x_wconf 88' lang='lat' dir='ltr'><strong>vobis</strong></span> <span class='ocrx_word' id='word_1_253' title='bbox 1181 2453 1408 2509; x_wconf 88' lang='lat' dir='ltr'><strong>praedium</strong></span> <span class='ocrx_word' id='word_1_254' title='bbox 1438 2454 1515 2497; x_wconf 90' lang='lat' dir='ltr'><strong>ad-</strong></span> 
     </span>
     <span class='ocr_line' id='line_1_41' title="bbox 178 2509 1516 2566; baseline 0 -12"><span class='ocrx_word' id='word_1_255' title='bbox 178 2509 385 2566; x_wconf 86' lang='lat' dir='ltr'><strong>quisitum</strong></span> <span class='ocrx_word' id='word_1_256' title='bbox 412 2510 552 2563; x_wconf 81' lang='lat' dir='ltr'><strong>foret,</strong></span> <span class='ocrx_word' id='word_1_257' title='bbox 591 2509 776 2552; x_wconf 89' lang='lat' dir='ltr'><strong>alienari</strong></span> <span class='ocrx_word' id='word_1_258' title='bbox 816 2522 843 2552; x_wconf 88' lang='lat' dir='ltr'><strong>a</strong></span> <span class='ocrx_word' id='word_1_259' title='bbox 881 2514 1008 2564; x_wconf 90' lang='lat' dir='ltr'><strong>patre</strong></span> <span class='ocrx_word' id='word_1_260' title='bbox 1042 2509 1279 2565; x_wconf 90' lang='lat' dir='ltr'><strong>eodemque</strong></span> <span class='ocrx_word' id='word_1_261' title='bbox 1310 2515 1516 2554; x_wconf 86' lang='lat' dir='ltr'><strong>curatore</strong></span> 
     </span>
     <span class='ocr_line' id='line_1_42' title="bbox 175 2565 1514 2622; baseline 0 -12"><span class='ocrx_word' id='word_1_262' title='bbox 175 2567 271 2611; x_wconf 89' lang='lat' dir='ltr'><strong>sine</strong></span> <span class='ocrx_word' id='word_1_263' title='bbox 312 2565 528 2622; x_wconf 88' lang='lat' dir='ltr'><strong>praesidis</strong></span> <span class='ocrx_word' id='word_1_264' title='bbox 572 2565 838 2609; x_wconf 88' lang='lat' dir='ltr'><strong>auctoritate</strong></span> <span class='ocrx_word' id='word_1_265' title='bbox 881 2578 969 2609; x_wconf 90' lang='lat' dir='ltr'><strong>non</strong></span> <span class='ocrx_word' id='word_1_266' title='bbox 1012 2566 1180 2621; x_wconf 91' lang='lat' dir='ltr'><strong>potuit,</strong></span> <span class='ocrx_word' id='word_1_267' title='bbox 1231 2567 1419 2610; x_wconf 85' lang='lat' dir='ltr'><strong>maxime</strong></span> <span class='ocrx_word' id='word_1_268' title='bbox 1463 2567 1514 2619; x_wconf 91' lang='lat' dir='ltr'><strong>si,</strong></span> 
     </span>
     <span class='ocr_line' id='line_1_43' title="bbox 175 2623 1514 2678; baseline 0.001 -12"><span class='ocrx_word' id='word_1_269' title='bbox 175 2626 399 2678; x_wconf 86' lang='lat' dir='ltr'><strong>tamquam</strong></span> <span class='ocrx_word' id='word_1_270' title='bbox 436 2634 567 2664; x_wconf 88' lang='lat' dir='ltr'><strong>suum</strong></span> <span class='ocrx_word' id='word_1_271' title='bbox 605 2626 743 2673; x_wconf 89' lang='lat' dir='ltr'><strong>esset,</strong></span> <span class='ocrx_word' id='word_1_272' title='bbox 784 2634 874 2665; x_wconf 92' lang='lat' dir='ltr'><strong>non</strong></span> <span class='ocrx_word' id='word_1_273' title='bbox 909 2626 1133 2676; x_wconf 91' lang='lat' dir='ltr'><strong>tamquam</strong></span> <span class='ocrx_word' id='word_1_274' title='bbox 1163 2623 1382 2677; x_wconf 90' lang='lat' dir='ltr'><strong>pupillare</strong></span> <span class='ocrx_word' id='word_1_275' title='bbox 1410 2636 1514 2667; x_wconf 88' lang='lat' dir='ltr'><strong>ven·</strong></span> 
     </span>
     <span class='ocr_line' id='line_1_44' title="bbox 176 2677 1513 2733; baseline -0.001 -10"><span class='ocrx_word' id='word_1_276' title='bbox 176 2677 348 2730; x_wconf 88' lang='lat' dir='ltr'><strong>diderit,</strong></span> <span class='ocrx_word' id='word_1_277' title='bbox 378 2677 550 2721; x_wconf 90' lang='lat' dir='ltr'><strong>illibata</strong></span> <span class='ocrx_word' id='word_1_278' title='bbox 581 2689 636 2720; x_wconf 90' lang='lat' dir='ltr'><strong>ue</strong></span> <span class='ocrx_word' id='word_1_279' title='bbox 664 2677 788 2721; x_wconf 90' lang='lat' dir='ltr'><strong>vobis</strong></span> <span class='ocrx_word' id='word_1_280' title='bbox 813 2679 1064 2733; x_wconf 80' lang='lat' dir='ltr'><strong>persecutio</strong></span> <span class='ocrx_word' id='word_1_281' title='bbox 1089 2678 1184 2722; x_wconf 89' lang='lat' dir='ltr'><strong>eius</strong></span> <span class='ocrx_word' id='word_1_282' title='bbox 1208 2683 1371 2722; x_wconf 87' lang='lat' dir='ltr'><strong>manet.</strong></span> <span class='ocrx_word' id='word_1_283' title='bbox 1418 2677 1513 2723; x_wconf 89' lang='grc' dir='ltr'><strong>ΡΡ.</strong></span> 
     </span>
     <span class='ocr_line' id='line_1_45' title="bbox 176 2732 1512 2787; baseline 0 -9"><span class='ocrx_word' id='word_1_284' title='bbox 176 2745 246 2778; x_wconf 82' lang='lat'><strong>111</strong></span> <span class='ocrx_word' id='word_1_285' title='bbox 270 2747 374 2778; x_wconf 85' lang='lat' dir='ltr'><strong>non.</strong></span> <span class='ocrx_word' id='word_1_286' title='bbox 406 2732 505 2776; x_wconf 89' lang='lat' dir='ltr'><strong>Ian.</strong></span> <span class='ocrx_word' id='word_1_287' title='bbox 574 2746 681 2777; x_wconf 82' lang='lat' dir='ltr'><strong>usco</strong></span> <span class='ocrx_word' id='word_1_288' title='bbox 712 2739 757 2777; x_wconf 85' lang='lat' dir='ltr'><strong>et</strong></span> <span class='ocrx_word' id='word_1_289' title='bbox 783 2733 933 2777; x_wconf 88' lang='lat' dir='ltr'><strong>Basso</strong></span> <span class='ocrx_word' id='word_1_290' title='bbox 965 2747 1107 2778; x_wconf 85' lang='lat' dir='ltr'><strong>conss.</strong></span> <span class='ocrx_word' id='word_1_291' title='bbox 1326 2739 1382 2787; x_wconf 91' lang='lat' dir='ltr'><strong>[a.</strong></span> <span class='ocrx_word' id='word_1_292' title='bbox 1415 2738 1512 2787; x_wconf 87' lang='grc'>258]</span> 
     </span>
    </p>

    <p class='ocr_par' dir='ltr' id='par_1_9' title="bbox 171 2787 1514 3291">
     <span class='ocr_line' id='line_1_46' title="bbox 230 2787 1514 2846; baseline -0.001 -11"><span class='ocrx_word' id='word_1_293' title='bbox 230 2787 263 2836; x_wconf 89' lang='grc'><strong>4</strong></span> <span class='ocrx_word' id='word_1_294' title='bbox 294 2788 418 2833; x_wconf 86' lang='lat' dir='ltr'><strong>Idem</strong></span> <span class='ocrx_word' id='word_1_295' title='bbox 456 2791 548 2832; x_wconf 87' lang='lat' dir='ltr'><strong>AA.</strong></span> <span class='ocrx_word' id='word_1_296' title='bbox 588 2787 859 2832; x_wconf 73' lang='lat' dir='ltr'><strong>Mithridati.</strong></span> <span class='ocrx_word' id='word_1_297' title='bbox 925 2789 1027 2833; x_wconf 91' lang='lat' dir='ltr'><strong>Non</strong></span> <span class='ocrx_word' id='word_1_298' title='bbox 1065 2790 1209 2833; x_wconf 88' lang='lat' dir='ltr'><strong>solum</strong></span> <span class='ocrx_word' id='word_1_299' title='bbox 1248 2802 1329 2846; x_wconf 90' lang='lat' dir='ltr'><strong>per</strong></span> <span class='ocrx_word' id='word_1_300' title='bbox 1364 2790 1514 2834; x_wconf 87' lang='lat' dir='ltr'><strong>vendi-</strong></span> 
     </span>
     <span class='ocr_line' id='line_1_47' title="bbox 174 2844 1514 2902; baseline 0.001 -13"><span class='ocrx_word' id='word_1_301' title='bbox 174 2846 338 2889; x_wconf 87' lang='lat' dir='ltr'><strong>tionem</strong></span> <span class='ocrx_word' id='word_1_302' title='bbox 390 2845 563 2888; x_wconf 88' lang='lat' dir='ltr'><strong>rustica</strong></span> <span class='ocrx_word' id='word_1_303' title='bbox 607 2844 790 2900; x_wconf 88' lang='lat' dir='ltr'><strong>praedia</strong></span> <span class='ocrx_word' id='word_1_304' title='bbox 831 2845 899 2888; x_wconf 89' lang='lat' dir='ltr'><strong>vel</strong></span> <span class='ocrx_word' id='word_1_305' title='bbox 943 2846 1200 2890; x_wconf 89' lang='lat' dir='ltr'><strong>suburbana</strong></span> <span class='ocrx_word' id='word_1_306' title='bbox 1244 2847 1402 2902; x_wconf 91' lang='lat' dir='ltr'><strong>pupilli</strong></span> <span class='ocrx_word' id='word_1_307' title='bbox 1447 2848 1514 2890; x_wconf 92' lang='lat' dir='ltr'><strong>vel</strong></span> 
     </span>
     <span class='ocr_line' id='line_1_48' title="bbox 173 2900 1512 2959; baseline 0.001 -14"><span class='ocrx_word' id='word_1_308' title='bbox 173 2900 477 2946; x_wconf 82' lang='lat' dir='ltr'><strong>adulescentes</strong></span> <span class='ocrx_word' id='word_1_309' title='bbox 491 2903 509 2929; x_wconf 77' lang='lat'><strong>⁶</strong></span> <span class='ocrx_word' id='word_1_310' title='bbox 533 2900 754 2944; x_wconf 75' lang='lat' dir='ltr'><strong>alienare⁸</strong></span> <span class='ocrx_word' id='word_1_311' title='bbox 779 2901 1085 2958; x_wconf 87' lang='lat' dir='ltr'><strong>prohibentur,</strong></span> <span class='ocrx_word' id='word_1_312' title='bbox 1112 2902 1191 2946; x_wconf 89' lang='lat' dir='ltr'><strong>sed</strong></span> <span class='ocrx_word' id='word_1_313' title='bbox 1210 2915 1353 2959; x_wconf 90' lang='lat' dir='ltr'><strong>neque</strong></span> <span class='ocrx_word' id='word_1_314' title='bbox 1367 2905 1512 2947; x_wconf 88' lang='lat' dir='ltr'><strong>trans-</strong></span> 
     </span>
     <span class='ocr_line' id='line_1_49' title="bbox 171 2956 1513 3015; baseline 0.001 -14"><span class='ocrx_word' id='word_1_315' title='bbox 171 2956 358 3002; x_wconf 84' lang='lat' dir='ltr'><strong>actionis</strong></span> <span class='ocrx_word' id='word_1_316' title='bbox 397 2956 570 3001; x_wconf 88' lang='lat' dir='ltr'><strong>ratione</strong></span> <span class='ocrx_word' id='word_1_317' title='bbox 607 2969 750 3013; x_wconf 90' lang='lat' dir='ltr'><strong>neque</strong></span> <span class='ocrx_word' id='word_1_318' title='bbox 777 2958 1103 3013; x_wconf 88' lang='lat' dir='ltr'><strong>permutatione</strong></span> <span class='ocrx_word' id='word_1_319' title='bbox 1134 2964 1178 3002; x_wconf 88' lang='lat' dir='ltr'><strong>et</strong></span> <span class='ocrx_word' id='word_1_320' title='bbox 1206 2960 1345 3003; x_wconf 90' lang='lat' dir='ltr'><strong>multo</strong></span> <span class='ocrx_word' id='word_1_321' title='bbox 1374 2960 1513 3015; x_wconf 87' lang='lat' dir='ltr'><strong>magis</strong></span> 
     </span>
     <span class='ocr_line' id='line_1_50' title="bbox 171 3013 1513 3069; baseline 0.001 -11"><span class='ocrx_word' id='word_1_322' title='bbox 171 3013 411 3059; x_wconf 83' lang='lat' dir='ltr'><strong>donatione</strong></span> <span class='ocrx_word' id='word_1_323' title='bbox 451 3024 537 3056; x_wconf 90' lang='lat' dir='ltr'><strong>nec</strong></span> <span class='ocrx_word' id='word_1_324' title='bbox 579 3013 665 3057; x_wconf 90' lang='lat' dir='ltr'><strong>alio</strong></span> <span class='ocrx_word' id='word_1_325' title='bbox 712 3027 889 3069; x_wconf 88' lang='lat' dir='ltr'><strong>quoquo</strong></span> <span class='ocrx_word' id='word_1_326' title='bbox 930 3014 1059 3058; x_wconf 91' lang='lat' dir='ltr'><strong>modo</strong></span> <span class='ocrx_word' id='word_1_327' title='bbox 1098 3027 1152 3059; x_wconf 90' lang='lat' dir='ltr'><strong>ea</strong></span> <span class='ocrx_word' id='word_1_328' title='bbox 1190 3015 1434 3059; x_wconf 88' lang='lat' dir='ltr'><strong>transferre</strong></span> <span class='ocrx_word' id='word_1_329' title='bbox 1462 3018 1513 3059; x_wconf 91' lang='lat' dir='ltr'><strong>e⁷</strong></span> 
     </span>
     <span class='ocr_line' id='line_1_51' title="bbox 178 3067 1512 3125; baseline 0.002 -13"><span class='ocrx_word' id='word_1_330' title='bbox 178 3074 192 3112; x_wconf 86' lang='lat'>1</span> <span class='ocrx_word' id='word_1_331' title='bbox 265 3067 456 3113; x_wconf 86' lang='lat' dir='ltr'><strong>dominio</strong></span> <span class='ocrx_word' id='word_1_332' title='bbox 496 3082 576 3113; x_wconf 90' lang='lat' dir='ltr'><strong>suo</strong></span> <span class='ocrx_word' id='word_1_333' title='bbox 615 3074 814 3124; x_wconf 87' lang='lat' dir='ltr'><strong>possunt.</strong></span> <span class='ocrx_word' id='word_1_334' title='bbox 884 3070 1025 3125; x_wconf 85' lang='lat' dir='ltr'><strong>Igitur</strong></span> <span class='ocrx_word' id='word_1_335' title='bbox 1061 3076 1106 3114; x_wconf 89' lang='lat' dir='ltr'><strong>et</strong></span> <span class='ocrx_word' id='word_1_336' title='bbox 1142 3076 1193 3114; x_wconf 92' lang='lat' dir='ltr'><strong>tu</strong></span> <span class='ocrx_word' id='word_1_337' title='bbox 1234 3072 1272 3115; x_wconf 90' lang='lat' dir='ltr'><strong>si</strong></span> <span class='ocrx_word' id='word_1_338' title='bbox 1301 3071 1512 3116; x_wconf 86' lang='lat' dir='ltr'><strong>fratribus</strong></span> 
     </span>
     <span class='ocr_line' id='line_1_52' title="bbox 172 3125 1512 3180; baseline 0.001 -12"><span class='ocrx_word' id='word_1_339' title='bbox 172 3125 261 3169; x_wconf 88' lang='lat' dir='ltr'><strong>tuis</strong></span> <span class='ocrx_word' id='word_1_340' title='bbox 305 3137 386 3180; x_wconf 88' lang='lat' dir='ltr'><strong>per</strong></span> <span class='ocrx_word' id='word_1_341' title='bbox 426 3125 772 3168; x_wconf 86' lang='lat' dir='ltr'><strong>transactionem</strong></span> <span class='ocrx_word' id='word_1_342' title='bbox 823 3125 1007 3168; x_wconf 87' lang='lat' dir='ltr'><strong>fundum</strong></span> <span class='ocrx_word' id='word_1_343' title='bbox 1051 3126 1232 3180; x_wconf 90' lang='lat' dir='ltr'><strong>dedisti,</strong></span> <span class='ocrx_word' id='word_1_344' title='bbox 1289 3128 1512 3172; x_wconf 85' lang='lat' dir='ltr'><strong>vindicare</strong></span> 
     </span>
     <span class='ocr_line' id='line_1_53' title="bbox 173 3180 1512 3235; baseline 0.003 -12"><span class='ocrx_word' id='word_1_345' title='bbox 173 3192 274 3223; x_wconf 89' lang='lat' dir='ltr'><strong>eum</strong></span> <span class='ocrx_word' id='word_1_346' title='bbox 315 3184 456 3235; x_wconf 88' lang='lat' dir='ltr'><strong>potes.</strong></span> <span class='ocrx_word' id='word_1_347' title='bbox 530 3180 609 3223; x_wconf 89' lang='lat' dir='ltr'><strong>sed</strong></span> <span class='ocrx_word' id='word_1_348' title='bbox 652 3181 690 3223; x_wconf 88' lang='lat' dir='ltr'><strong>si</strong></span> <span class='ocrx_word' id='word_1_349' title='bbox 728 3180 834 3234; x_wconf 90' lang='lat' dir='ltr'><strong>quid</strong></span> <span class='ocrx_word' id='word_1_350' title='bbox 869 3181 1055 3225; x_wconf 89' lang='lat' dir='ltr'><strong>invicem</strong></span> <span class='ocrx_word' id='word_1_351' title='bbox 1093 3183 1150 3226; x_wconf 89' lang='lat' dir='ltr'><strong>ab</strong></span> <span class='ocrx_word' id='word_1_352' title='bbox 1182 3184 1243 3226; x_wconf 90' lang='lat' dir='ltr'><strong>eis</strong></span> <span class='ocrx_word' id='word_1_353' title='bbox 1274 3195 1328 3226; x_wconf 87' lang='lat' dir='ltr'><strong>ex</strong></span> <span class='ocrx_word' id='word_1_354' title='bbox 1358 3183 1512 3227; x_wconf 90' lang='lat' dir='ltr'><strong>eodem</strong></span> 
     </span>
     <span class='ocr_line' id='line_1_54' title="bbox 173 3235 1509 3291; baseline 0.002 -13"><span class='ocrx_word' id='word_1_355' title='bbox 173 3240 305 3291; x_wconf 88' lang='lat' dir='ltr'><strong>pacto</strong></span> <span class='ocrx_word' id='word_1_356' title='bbox 345 3239 612 3280; x_wconf 87' lang='lat' dir='ltr'><strong>consecutus</strong></span> <span class='ocrx_word' id='word_1_357' title='bbox 649 3247 719 3287; x_wconf 90' lang='lat' dir='ltr'><strong>es,</strong></span> <span class='ocrx_word' id='word_1_358' title='bbox 759 3235 804 3278; x_wconf 90' lang='lat' dir='ltr'><strong>id</strong></span> <span class='ocrx_word' id='word_1_359' title='bbox 842 3242 994 3280; x_wconf 90' lang='lat' dir='ltr'><strong>mutuo</strong></span> <span class='ocrx_word' id='word_1_360' title='bbox 1039 3239 1271 3282; x_wconf 87' lang='lat' dir='ltr'><strong>restituere</strong></span> <span class='ocrx_word' id='word_1_361' title='bbox 1314 3239 1509 3284; x_wconf 88' lang='lat' dir='ltr'><strong>debebis.</strong></span> 
     </span>
    </p>
   </div>
   <div class='ocr_carea' id='block_1_7' title="bbox 175 3289 1549 3347">
    <p class='ocr_par' dir='ltr' id='par_1_10' title="bbox 175 3289 1549 3347">
     <span class='ocr_line' id='line_1_55' title="bbox 175 3289 1549 3347; baseline 0.002 -12"><span class='ocrx_word' id='word_1_362' title='bbox 175 3290 266 3335; x_wconf 86' lang='grc' dir='ltr'><strong>ΡΡ.</strong></span> <span class='ocrx_word' id='word_1_363' title='bbox 285 3302 357 3334; x_wconf 72' lang='lat' dir='ltr'><strong>xv</strong></span> <span class='ocrx_word' id='word_1_364' title='bbox 376 3289 418 3334; x_wconf 76' lang='lat' dir='ltr'><strong>lc.</strong></span> <span class='ocrx_word' id='word_1_365' title='bbox 438 3290 545 3334; x_wconf 90' lang='lat' dir='ltr'><strong>Mai.</strong></span> <span class='ocrx_word' id='word_1_366' title='bbox 564 3290 807 3334; x_wconf 86' lang='lat' dir='ltr'><strong>Saeculare</strong></span> <span class='ocrx_word' id='word_1_367' title='bbox 823 3303 869 3334; x_wconf 82' lang='lat' dir='ltr'><strong>Il</strong></span> <span class='ocrx_word' id='word_1_368' title='bbox 891 3299 935 3335; x_wconf 89' lang='lat' dir='ltr'><strong>et</strong></span> <span class='ocrx_word' id='word_1_369' title='bbox 949 3291 1134 3337; x_wconf 89' lang='lat' dir='ltr'><strong>Donato</strong></span> <span class='ocrx_word' id='word_1_370' title='bbox 1153 3294 1295 3337; x_wconf 71' lang='lat' dir='ltr'><strong>conss</strong></span> <span class='ocrx_word' id='word_1_371' title='bbox 1337 3298 1396 3344; x_wconf 78' lang='lat' dir='ltr'><strong>[a.</strong></span> <span class='ocrx_word' id='word_1_372' title='bbox 1413 3298 1510 3347; x_wconf 88' lang='grc'>260]</span> <span class='ocrx_word' id='word_1_373' title='bbox 1548 3326 1549 3329; x_wconf 22' lang='lat'>¹</span> 
     </span>
    </p>
   </div>
   <div class='ocr_carea' id='block_1_8' title="bbox 171 3345 1513 4232">
    <p class='ocr_par' dir='ltr' id='par_1_11' title="bbox 171 3345 1513 4185">
     <span class='ocr_line' id='line_1_56' title="bbox 231 3345 1511 3403; baseline 0.002 -12"><span class='ocrx_word' id='word_1_374' title='bbox 231 3345 261 3392; x_wconf 84' lang='lat'>5</span> <span class='ocrx_word' id='word_1_375' title='bbox 294 3345 419 3391; x_wconf 88' lang='lat' dir='ltr'><strong>Idem</strong></span> <span class='ocrx_word' id='word_1_376' title='bbox 451 3348 541 3390; x_wconf 89' lang='lat' dir='ltr'><strong>AA.</strong></span> <span class='ocrx_word' id='word_1_377' title='bbox 574 3345 756 3390; x_wconf 86' lang='lat' dir='ltr'><strong>Sereno.</strong></span> <span class='ocrx_word' id='word_1_378' title='bbox 802 3347 902 3391; x_wconf 89' lang='lat' dir='ltr'><strong>Etsi</strong></span> <span class='ocrx_word' id='word_1_379' title='bbox 931 3360 1112 3403; x_wconf 89' lang='lat' dir='ltr'><strong>praeses</strong></span> <span class='ocrx_word' id='word_1_380' title='bbox 1138 3349 1382 3392; x_wconf 87' lang='lat' dir='ltr'><strong>decreverit</strong></span> <span class='ocrx_word' id='word_1_381' title='bbox 1407 3350 1511 3394; x_wconf 90' lang='lat' dir='ltr'><strong>alie-</strong></span> 
     </span>
     <span class='ocr_line' id='line_1_57' title="bbox 173 3402 1512 3458; baseline 0.001 -10"><span class='ocrx_word' id='word_1_382' title='bbox 173 3402 367 3448; x_wconf 87' lang='lat' dir='ltr'><strong>nandum</strong></span> <span class='ocrx_word' id='word_1_383' title='bbox 419 3403 487 3446; x_wconf 88' lang='lat' dir='ltr'><strong>vel</strong></span> <span class='ocrx_word' id='word_1_384' title='bbox 538 3402 821 3458; x_wconf 86' lang='lat' dir='ltr'><strong>obligandum</strong></span> <span class='ocrx_word' id='word_1_385' title='bbox 874 3404 1030 3458; x_wconf 88' lang='lat' dir='ltr'><strong>pupilli</strong></span> <span class='ocrx_word' id='word_1_386' title='bbox 1087 3405 1391 3448; x_wconf 89' lang='lat' dir='ltr'><strong>suburbanum</strong></span> <span class='ocrx_word' id='word_1_387' title='bbox 1444 3407 1512 3449; x_wconf 90' lang='lat' dir='ltr'><strong>vel</strong></span> 
     </span>
     <span class='ocr_line' id='line_1_58' title="bbox 172 3458 1511 3515; baseline 0.001 -12"><span class='ocrx_word' id='word_1_388' title='bbox 172 3459 386 3503; x_wconf 86' lang='lat' dir='ltr'><strong>rusticum</strong></span> <span class='ocrx_word' id='word_1_389' title='bbox 415 3458 655 3513; x_wconf 90' lang='lat' dir='ltr'><strong>praedium,</strong></span> <span class='ocrx_word' id='word_1_390' title='bbox 685 3463 833 3501; x_wconf 90' lang='lat' dir='ltr'><strong>tamen</strong></span> <span class='ocrx_word' id='word_1_391' title='bbox 864 3462 1082 3502; x_wconf 87' lang='lat' dir='ltr'><strong>actionem</strong></span> <span class='ocrx_word' id='word_1_392' title='bbox 1107 3461 1288 3515; x_wconf 90' lang='lat' dir='ltr'><strong>pupillo,</strong></span> <span class='ocrx_word' id='word_1_393' title='bbox 1321 3462 1359 3503; x_wconf 89' lang='lat' dir='ltr'><strong>si</strong></span> <span class='ocrx_word' id='word_1_394' title='bbox 1387 3461 1511 3505; x_wconf 87' lang='lat' dir='ltr'><strong>falsis</strong></span> 
     </span>
     <span class='ocr_line' id='line_1_59' title="bbox 173 3515 1511 3571; baseline 0.001 -13"><span class='ocrx_word' id='word_1_395' title='bbox 173 3515 521 3570; x_wconf 83' lang='lat' dir='ltr'><strong>adlegationibus</strong></span> <span class='ocrx_word' id='word_1_396' title='bbox 553 3515 894 3558; x_wconf 88' lang='lat' dir='ltr'><strong>circumventam</strong></span> <span class='ocrx_word' id='word_1_397' title='bbox 921 3515 1174 3570; x_wconf 88' lang='lat' dir='ltr'><strong>religionem</strong></span> <span class='ocrx_word' id='word_1_398' title='bbox 1202 3516 1295 3560; x_wconf 89' lang='lat' dir='ltr'><strong>eius</strong></span> <span class='ocrx_word' id='word_1_399' title='bbox 1321 3517 1511 3571; x_wconf 84' lang='lat' dir='ltr'><strong>probare</strong></span> 
     </span>
     <span class='ocr_line' id='line_1_60' title="bbox 171 3571 1513 3628; baseline 0 -12"><span class='ocrx_word' id='word_1_400' title='bbox 171 3572 326 3628; x_wconf 88' lang='lat' dir='ltr'><strong>possit,</strong></span> <span class='ocrx_word' id='word_1_401' title='bbox 357 3575 539 3614; x_wconf 90' lang='lat' dir='ltr'><strong>senatus</strong></span> <span class='ocrx_word' id='word_1_402' title='bbox 568 3571 830 3614; x_wconf 86' lang='lat' dir='ltr'><strong>reservavit:</strong></span> <span class='ocrx_word' id='word_1_403' title='bbox 863 3583 993 3626; x_wconf 88' lang='lat' dir='ltr'><strong>quam</strong></span> <span class='ocrx_word' id='word_1_404' title='bbox 1024 3584 1229 3615; x_wconf 85' lang='lat' dir='ltr'><strong>exercere</strong></span> <span class='ocrx_word' id='word_1_405' title='bbox 1257 3575 1308 3615; x_wconf 92' lang='lat' dir='ltr'><strong>tu</strong></span> <span class='ocrx_word' id='word_1_406' title='bbox 1339 3585 1513 3628; x_wconf 90' lang='lat' dir='ltr'><strong>quoque</strong></span> 
     </span>
     <span class='ocr_line' id='line_1_61' title="bbox 173 3625 1512 3672; baseline 0.001 -1"><span class='ocrx_word' id='word_1_407' title='bbox 173 3641 263 3671; x_wconf 91' lang='lat' dir='ltr'><strong>non</strong></span> <span class='ocrx_word' id='word_1_408' title='bbox 300 3627 475 3671; x_wconf 89' lang='lat' dir='ltr'><strong>vetaris.</strong></span> <span class='ocrx_word' id='word_1_409' title='bbox 544 3625 636 3670; x_wconf 88' lang='grc' dir='ltr'><strong>ΡΡ.</strong></span> <span class='ocrx_word' id='word_1_410' title='bbox 670 3638 738 3670; x_wconf 82' lang='lat' dir='ltr'><strong>III</strong></span> <span class='ocrx_word' id='word_1_411' title='bbox 770 3626 812 3670; x_wconf 82' lang='lat' dir='ltr'><strong>lc.</strong></span> <span class='ocrx_word' id='word_1_412' title='bbox 844 3625 954 3671; x_wconf 86' lang='lat' dir='ltr'><strong>Mai.</strong></span> <span class='ocrx_word' id='word_1_413' title='bbox 992 3626 1236 3672; x_wconf 84' lang='lat' dir='ltr'><strong>Saeculare</strong></span> <span class='ocrx_word' id='word_1_414' title='bbox 1266 3640 1311 3671; x_wconf 84' lang='lat' dir='ltr'><strong>II</strong></span> <span class='ocrx_word' id='word_1_415' title='bbox 1347 3635 1391 3671; x_wconf 84' lang='lat' dir='ltr'><strong>et</strong></span> <span class='ocrx_word' id='word_1_416' title='bbox 1419 3628 1512 3672; x_wconf 90' lang='lat' dir='ltr'><strong>Do-</strong></span> 
     </span>
     <span class='ocr_line' id='line_1_62' title="bbox 174 3688 1510 3736; baseline 0.001 -10"><span class='ocrx_word' id='word_1_417' title='bbox 174 3689 280 3727; x_wconf 87' lang='lat' dir='ltr'><strong>nato</strong></span> <span class='ocrx_word' id='word_1_418' title='bbox 312 3695 455 3727; x_wconf 68' lang='lat' dir='ltr'><strong>conss</strong></span> <span class='ocrx_word' id='word_1_419' title='bbox 1323 3688 1379 3736; x_wconf 85' lang='lat' dir='ltr'><strong>[a.</strong></span> <span class='ocrx_word' id='word_1_420' title='bbox 1414 3689 1510 3736; x_wconf 82' lang='lat'>260]</span> 
     </span>
     <span class='ocr_line' id='line_1_63' title="bbox 231 3736 1509 3803; baseline 0.002 -22"><span class='ocrx_word' id='word_1_421' title='bbox 231 3736 262 3786; x_wconf 90' lang='lat'><strong>6</strong></span> <span class='ocrx_word' id='word_1_422' title='bbox 306 3737 375 3782; x_wconf 92' lang='lat' dir='ltr'><strong>Im</strong></span> <span class='ocrx_word' id='word_1_423' title='bbox 404 3752 484 3803; x_wconf 84' lang='lat' dir='ltr'><strong>pp.</strong></span> <span class='ocrx_word' id='word_1_424' title='bbox 534 3737 676 3782; x_wconf 86' lang='lat' dir='ltr'><strong>Carus</strong></span> <span class='ocrx_word' id='word_1_425' title='bbox 722 3736 912 3782; x_wconf 83' lang='lat' dir='ltr'><strong>Carinus</strong></span> <span class='ocrx_word' id='word_1_426' title='bbox 955 3744 999 3783; x_wconf 89' lang='lat' dir='ltr'><strong>et</strong></span> <span class='ocrx_word' id='word_1_427' title='bbox 1038 3738 1340 3784; x_wconf 84' lang='lat' dir='ltr'><strong>Numerianus</strong></span> <span class='ocrx_word' id='word_1_428' title='bbox 1377 3741 1509 3784; x_wconf 88' lang='lat' dir='ltr'><strong>AAA.</strong></span> 
     </span>
     <span class='ocr_line' id='line_1_64' title="bbox 184 3752 1510 3852; baseline 0.002 -15"><span class='ocrx_word' id='word_1_429' title='bbox 184 3794 318 3838; x_wconf 85' lang='lat' dir='ltr'><strong>Varo.</strong></span> <span class='ocrx_word' id='word_1_430' title='bbox 368 3752 600 3838; x_wconf 49' lang='lat' dir='ltr'><strong>{diuorum</strong></span> <span class='ocrx_word' id='word_1_431' title='bbox 628 3794 921 3848; x_wconf 86' lang='lat' dir='ltr'><strong>possessionis</strong></span> <span class='ocrx_word' id='word_1_432' title='bbox 952 3795 1158 3849; x_wconf 87' lang='lat' dir='ltr'><strong>venditio,</strong></span> <span class='ocrx_word' id='word_1_433' title='bbox 1189 3809 1268 3852; x_wconf 90' lang='lat' dir='ltr'><strong>per</strong></span> <span class='ocrx_word' id='word_1_434' title='bbox 1297 3809 1510 3852; x_wconf 89' lang='lat' dir='ltr'><strong>procura-</strong></span> 
     </span>
     <span class='ocr_line' id='line_1_65' title="bbox 173 3849 1511 3908; baseline 0.002 -15"><span class='ocrx_word' id='word_1_435' title='bbox 173 3856 314 3895; x_wconf 87' lang='lat' dir='ltr'><strong>torem</strong></span> <span class='ocrx_word' id='word_1_436' title='bbox 343 3849 488 3894; x_wconf 90' lang='lat' dir='ltr'><strong>delato</strong></span> <span class='ocrx_word' id='word_1_437' title='bbox 520 3849 577 3892; x_wconf 90' lang='lat' dir='ltr'><strong>ad</strong></span> <span class='ocrx_word' id='word_1_438' title='bbox 605 3855 854 3905; x_wconf 87' lang='lat' dir='ltr'><strong>praetorem</strong></span> <span class='ocrx_word' id='word_1_439' title='bbox 884 3850 951 3894; x_wconf 86' lang='lat' dir='ltr'><strong>vel</strong></span> <span class='ocrx_word' id='word_1_440' title='bbox 980 3852 1230 3906; x_wconf 85' lang='lat' dir='ltr'><strong>praesidem</strong></span> <span class='ocrx_word' id='word_1_441' title='bbox 1260 3853 1511 3908; x_wconf 91' lang='lat' dir='ltr'><strong>provinciae</strong></span> 
     </span>
     <span class='ocr_line' id='line_1_66' title="bbox 174 3906 1510 3960; baseline 0.001 -10"><span class='ocrx_word' id='word_1_442' title='bbox 174 3907 344 3959; x_wconf 90' lang='lat' dir='ltr'><strong>libello,</strong></span> <span class='ocrx_word' id='word_1_443' title='bbox 385 3906 483 3949; x_wconf 90' lang='lat' dir='ltr'><strong>fieri</strong></span> <span class='ocrx_word' id='word_1_444' title='bbox 521 3918 612 3948; x_wconf 90' lang='lat' dir='ltr'><strong>non</strong></span> <span class='ocrx_word' id='word_1_445' title='bbox 649 3906 814 3960; x_wconf 88' lang='lat' dir='ltr'><strong>potuit,</strong></span> <span class='ocrx_word' id='word_1_446' title='bbox 857 3919 954 3949; x_wconf 91' lang='lat' dir='ltr'><strong>cum</strong></span> <span class='ocrx_word' id='word_1_447' title='bbox 996 3919 1048 3949; x_wconf 89' lang='lat' dir='ltr'><strong>ea</strong></span> <span class='ocrx_word' id='word_1_448' title='bbox 1085 3921 1155 3951; x_wconf 88' lang='lat' dir='ltr'><strong>res</strong></span> <span class='ocrx_word' id='word_1_449' title='bbox 1192 3908 1349 3952; x_wconf 87' lang='lat' dir='ltr'><strong>confici</strong></span> <span class='ocrx_word' id='word_1_450' title='bbox 1391 3911 1510 3952; x_wconf 89' lang='lat' dir='ltr'><strong>recte</strong></span> 
     </span>
     <span class='ocr_line' id='line_1_67' title="bbox 175 3961 1508 4020; baseline 0.002 -14"><span class='ocrx_word' id='word_1_451' title='bbox 175 3963 302 4006; x_wconf 87' lang='lat' dir='ltr'><strong>aliter</strong></span> <span class='ocrx_word' id='word_1_452' title='bbox 345 3975 434 4006; x_wconf 89' lang='lat' dir='ltr'><strong>non</strong></span> <span class='ocrx_word' id='word_1_453' title='bbox 478 3965 647 4016; x_wconf 89' lang='lat' dir='ltr'><strong>potest,</strong></span> <span class='ocrx_word' id='word_1_454' title='bbox 692 3961 776 4004; x_wconf 91' lang='lat' dir='ltr'><strong>nisi</strong></span> <span class='ocrx_word' id='word_1_455' title='bbox 816 3962 934 4017; x_wconf 88' lang='lat' dir='ltr'><strong>apud</strong></span> <span class='ocrx_word' id='word_1_456' title='bbox 974 3968 1076 4005; x_wconf 89' lang='lat' dir='ltr'><strong>acta</strong></span> <span class='ocrx_word' id='word_1_457' title='bbox 1112 3965 1257 4007; x_wconf 88' lang='lat' dir='ltr'><strong>causis</strong></span> <span class='ocrx_word' id='word_1_458' title='bbox 1297 3965 1508 4020; x_wconf 88' lang='lat' dir='ltr'><strong>probatis,</strong></span> 
     </span>
     <span class='ocr_line' id='line_1_68' title="bbox 173 4017 1508 4074; baseline 0.001 -12"><span class='ocrx_word' id='word_1_459' title='bbox 173 4031 283 4074; x_wconf 90' lang='lat' dir='ltr'><strong>quae</strong></span> <span class='ocrx_word' id='word_1_460' title='bbox 312 4017 553 4062; x_wconf 83' lang='lat' dir='ltr'><strong>venditioni</strong></span> <span class='ocrx_word' id='word_1_461' title='bbox 583 4017 890 4060; x_wconf 89' lang='lat' dir='ltr'><strong>necessitatem</strong></span> <span class='ocrx_word' id='word_1_462' title='bbox 919 4017 1124 4068; x_wconf 90' lang='lat' dir='ltr'><strong>inferant,</strong></span> <span class='ocrx_word' id='word_1_463' title='bbox 1166 4019 1391 4063; x_wconf 89' lang='lat' dir='ltr'><strong>decretum</strong></span> <span class='ocrx_word' id='word_1_464' title='bbox 1422 4021 1508 4064; x_wconf 90' lang='lat' dir='ltr'><strong>sol-</strong></span> 
     </span>
     <span class='ocr_line' id='line_1_69' title="bbox 172 4072 1508 4128; baseline 0 -10"><span class='ocrx_word' id='word_1_465' title='bbox 172 4075 370 4118; x_wconf 87' lang='lat' dir='ltr'><strong>lemniter</strong></span> <span class='ocrx_word' id='word_1_466' title='bbox 411 4075 732 4128; x_wconf 88' lang='lat' dir='ltr'><strong>interponatur.</strong></span> <span class='ocrx_word' id='word_1_467' title='bbox 807 4072 901 4116; x_wconf 88' lang='lat' dir='ltr'><strong>PP.</strong></span> <span class='ocrx_word' id='word_1_468' title='bbox 957 4087 1061 4118; x_wconf 85' lang='lat' dir='ltr'><strong>non.</strong></span> <span class='ocrx_word' id='word_1_469' title='bbox 1107 4073 1246 4120; x_wconf 85' lang='lat' dir='ltr'><strong>Mart.</strong></span> <span class='ocrx_word' id='word_1_470' title='bbox 1295 4075 1410 4120; x_wconf 86' lang='lat' dir='ltr'><strong>Caro</strong></span> <span class='ocrx_word' id='word_1_471' title='bbox 1465 4082 1508 4120; x_wconf 82' lang='lat' dir='ltr'><strong>et</strong></span> 
     </span>
     <span class='ocr_line' id='line_1_70' title="bbox 175 4130 1506 4185; baseline 0 -11"><span class='ocrx_word' id='word_1_472' title='bbox 175 4130 338 4176; x_wconf 85' lang='lat' dir='ltr'><strong>Carino</strong></span> <span class='ocrx_word' id='word_1_473' title='bbox 369 4131 462 4175; x_wconf 86' lang='lat' dir='ltr'><strong>AA.</strong></span> <span class='ocrx_word' id='word_1_474' title='bbox 494 4142 636 4173; x_wconf 78' lang='lat' dir='ltr'><strong>conss,</strong></span> <span class='ocrx_word' id='word_1_475' title='bbox 1320 4136 1378 4185; x_wconf 92' lang='lat' dir='ltr'><strong>[a.</strong></span> <span class='ocrx_word' id='word_1_476' title='bbox 1410 4135 1506 4184; x_wconf 79' lang='lat'>283]</span> 
     </span>
    </p>

    <p class='ocr_par' dir='ltr' id='par_1_12' title="bbox 228 4183 1507 4232">
     <span class='ocr_line' id='line_1_71' title="bbox 228 4183 1507 4232; baseline 0 0"><span class='ocrx_word' id='word_1_477' title='bbox 228 4184 255 4232; x_wconf 89' lang='lat'><strong>7</strong></span> <span class='ocrx_word' id='word_1_478' title='bbox 290 4186 414 4231; x_wconf 84' lang='lat' dir='ltr'><strong>Idem</strong></span> <span class='ocrx_word' id='word_1_479' title='bbox 446 4187 577 4229; x_wconf 90' lang='lat' dir='ltr'><strong>AAA.</strong></span> <span class='ocrx_word' id='word_1_480' title='bbox 610 4183 803 4228; x_wconf 84' lang='lat' dir='ltr'><strong>Isidore.</strong></span> <span class='ocrx_word' id='word_1_481' title='bbox 873 4184 919 4228; x_wconf 88' lang='lat' dir='ltr'><strong>Si</strong></span> <span class='ocrx_word' id='word_1_482' title='bbox 949 4185 1006 4229; x_wconf 90' lang='lat' dir='ltr'><strong>ad</strong></span> <span class='ocrx_word' id='word_1_483' title='bbox 1033 4186 1340 4232; x_wconf 86' lang='lat' dir='ltr'><strong>resolvendam</strong></span> <span class='ocrx_word' id='word_1_484' title='bbox 1371 4188 1507 4232; x_wconf 89' lang='lat' dir='ltr'><strong>dona-</strong></span> 
     </span>
    </p>
   </div>
   <div class='ocr_carea' id='block_1_9' title="bbox 170 4327 1513 4661">
    <p class='ocr_par' dir='ltr' id='par_1_13' title="bbox 170 4327 1513 4661">
     <span class='ocr_line' id='line_1_72' title="bbox 172 4327 1511 4383; baseline 0.001 -14"><span class='ocrx_word' id='word_1_485' title='bbox 172 4327 222 4379; x_wconf 86' lang='lat'><strong>(1)</strong></span> <span class='ocrx_word' id='word_1_486' title='bbox 253 4340 357 4379; x_wconf 77' lang='lat' dir='ltr'><strong>quae</strong></span> <span class='ocrx_word' id='word_1_487' title='bbox 387 4329 464 4368; x_wconf 82' lang='lat' dir='ltr'><strong>del.</strong></span> <span class='ocrx_word' id='word_1_488' title='bbox 550 4328 606 4378; x_wconf 87' lang='grc'><strong>(2)</strong></span> <span class='ocrx_word' id='word_1_489' title='bbox 638 4327 679 4367; x_wconf 89' lang='grc' dir='ltr'><em>Β</em></span> <span class='ocrx_word' id='word_1_490' title='bbox 710 4327 776 4376; x_wconf 88' lang='grc'><strong>38,</strong></span> <span class='ocrx_word' id='word_1_491' title='bbox 805 4334 840 4375; x_wconf 89' lang='grc'><strong>9,</strong></span> <span class='ocrx_word' id='word_1_492' title='bbox 868 4335 911 4368; x_wconf 83' lang='grc'><strong>42</strong></span> <span class='ocrx_word' id='word_1_493' title='bbox 942 4342 1048 4380; x_wconf 83' lang='lat' dir='ltr'><strong>seqq.</strong></span> <span class='ocrx_word' id='word_1_494' title='bbox 1079 4350 1135 4359; x_wconf 94' lang='lat'>—</span> <span class='ocrx_word' id='word_1_495' title='bbox 1169 4330 1232 4382; x_wconf 86' lang='lat' dir='ltr'><strong>Cf.</strong></span> <span class='ocrx_word' id='word_1_496' title='bbox 1263 4330 1364 4383; x_wconf 72' lang='lat' dir='ltr'><strong>Diy.</strong></span> <span class='ocrx_word' id='word_1_497' title='bbox 1396 4330 1461 4377; x_wconf 80' lang='lat'><strong>27,</strong></span> <span class='ocrx_word' id='word_1_498' title='bbox 1489 4338 1511 4371; x_wconf 82' lang='lat'>9</span> 
     </span>
     <span class='ocr_line' id='line_1_73' title="bbox 170 4382 1513 4436; baseline 0.001 -12"><span class='ocrx_word' id='word_1_499' title='bbox 170 4383 226 4432; x_wconf 84' lang='lat'><strong>(3)</strong></span> <span class='ocrx_word' id='word_1_500' title='bbox 266 4383 315 4424; x_wconf 90' lang='lat' dir='ltr'><strong>de</strong></span> <span class='ocrx_word' id='word_1_501' title='bbox 351 4382 581 4424; x_wconf 86' lang='lat' dir='ltr'><strong>alienandis</strong></span> <span class='ocrx_word' id='word_1_502' title='bbox 612 4414 621 4424; x_wconf 91' lang='lat'><strong>.</strong></span> <span class='ocrx_word' id='word_1_503' title='bbox 638 4413 648 4422; x_wconf 91' lang='lat'><strong>.</strong></span> <span class='ocrx_word' id='word_1_504' title='bbox 667 4412 676 4422; x_wconf 87' lang='lat'><strong>.</strong></span> <span class='ocrx_word' id='word_1_505' title='bbox 708 4383 892 4432; x_wconf 86' lang='lat' dir='ltr'><strong>auctore]</strong></span> <span class='ocrx_word' id='word_1_506' title='bbox 939 4383 1007 4434; x_wconf 74' lang='lat'><strong>0⁶,</strong></span> <span class='ocrx_word' id='word_1_507' title='bbox 1050 4396 1135 4424; x_wconf 91' lang='lat' dir='ltr'><strong>non</strong></span> <span class='ocrx_word' id='word_1_508' title='bbox 1180 4385 1281 4436; x_wconf 88' lang='lat' dir='ltr'><strong>(non</strong></span> <span class='ocrx_word' id='word_1_509' title='bbox 1321 4400 1394 4426; x_wconf 87' lang='lat' dir='ltr'><strong>om.</strong></span> <span class='ocrx_word' id='word_1_510' title='bbox 1430 4385 1513 4435; x_wconf 65' lang='lat' dir='ltr'><strong>Ra)</strong></span> 
     </span>
     <span class='ocr_line' id='line_1_74' title="bbox 171 4436 1510 4491; baseline 0.004 -14"><span class='ocrx_word' id='word_1_511' title='bbox 171 4437 400 4479; x_wconf 83' lang='lat' dir='ltr'><strong>alienandis</strong></span> <span class='ocrx_word' id='word_1_512' title='bbox 418 4471 425 4479; x_wconf 97' lang='lat'><strong>.</strong></span> <span class='ocrx_word' id='word_1_513' title='bbox 447 4470 455 4478; x_wconf 94' lang='lat'><strong>.</strong></span> <span class='ocrx_word' id='word_1_514' title='bbox 476 4473 484 4481; x_wconf 91' lang='lat'><strong>.</strong></span> <span class='ocrx_word' id='word_1_515' title='bbox 503 4439 584 4479; x_wconf 90' lang='lat' dir='ltr'><strong>nisi</strong></span> <span class='ocrx_word' id='word_1_516' title='bbox 601 4439 706 4488; x_wconf 88' lang='lat' dir='ltr'><strong>(sine</strong></span> <span class='ocrx_word' id='word_1_517' title='bbox 729 4437 795 4489; x_wconf 63' lang='lat' dir='ltr'><strong>Cb)</strong></span> <span class='ocrx_word' id='word_1_518' title='bbox 809 4440 978 4479; x_wconf 86' lang='lat' dir='ltr'><strong>auctore</strong></span> <span class='ocrx_word' id='word_1_519' title='bbox 1001 4436 1095 4481; x_wconf 64' lang='lat'><strong>0⁶12</strong></span> <span class='ocrx_word' id='word_1_520' title='bbox 1111 4455 1195 4481; x_wconf 83' lang='lat' dir='ltr'><strong>cum</strong></span> <span class='ocrx_word' id='word_1_521' title='bbox 1213 4441 1257 4482; x_wconf 84' lang='grc' dir='ltr'><strong><em>Β</em></strong></span> <span class='ocrx_word' id='word_1_522' title='bbox 1314 4441 1367 4491; x_wconf 82' lang='lat'><strong>(4)</strong></span> <span class='ocrx_word' id='word_1_523' title='bbox 1388 4442 1448 4482; x_wconf 86' lang='lat' dir='ltr'><strong>sic</strong></span> <span class='ocrx_word' id='word_1_524' title='bbox 1468 4441 1510 4491; x_wconf 79' lang='lat' dir='ltr'><strong>C,</strong></span> 
     </span>
     <span class='ocr_line' id='line_1_75' title="bbox 172 4493 1511 4551; baseline 0.002 -18"><span class='ocrx_word' id='word_1_525' title='bbox 172 4493 344 4534; x_wconf 87' lang='lat' dir='ltr'><strong>consilio</strong></span> <span class='ocrx_word' id='word_1_526' title='bbox 374 4495 567 4551; x_wconf 80' lang='lat' dir='ltr'><strong>emptoris</strong></span> <span class='ocrx_word' id='word_1_527' title='bbox 596 4495 638 4536; x_wconf 84' lang='lat' dir='ltr'><em>R</em></span> <span class='ocrx_word' id='word_1_528' title='bbox 751 4495 806 4545; x_wconf 87' lang='lat'><strong>(5)</strong></span> <span class='ocrx_word' id='word_1_529' title='bbox 838 4494 1111 4535; x_wconf 87' lang='lat' dir='ltr'><strong>adulescentis</strong></span> <span class='ocrx_word' id='word_1_530' title='bbox 1145 4495 1301 4538; x_wconf 79' lang='lat' dir='ltr'><em>VLGR</em></span> <span class='ocrx_word' id='word_1_531' title='bbox 1331 4505 1375 4537; x_wconf 82' lang='lat' dir='ltr'><strong>ut</strong></span> <span class='ocrx_word' id='word_1_532' title='bbox 1402 4497 1511 4537; x_wconf 85' lang='lat' dir='ltr'><strong>vide—</strong></span> 
     </span>
     <span class='ocr_line' id='line_1_76' title="bbox 174 4551 1511 4604; baseline 0.001 -15"><span class='ocrx_word' id='word_1_533' title='bbox 174 4564 237 4590; x_wconf 80' lang='lat' dir='ltr'><strong>rur</strong></span> <span class='ocrx_word' id='word_1_534' title='bbox 266 4565 350 4591; x_wconf 82' lang='lat' dir='ltr'><strong>cum</strong></span> <span class='ocrx_word' id='word_1_535' title='bbox 383 4551 620 4600; x_wconf 74' lang='lat' dir='ltr'><strong>Thalelaeo,</strong></span> <span class='ocrx_word' id='word_1_536' title='bbox 663 4553 735 4604; x_wconf 82' lang='lat' dir='ltr'><strong>qui</strong></span> <span class='ocrx_word' id='word_1_537' title='bbox 761 4553 800 4590; x_wconf 84' lang='lat' dir='ltr'><strong>in</strong></span> <span class='ocrx_word' id='word_1_538' title='bbox 835 4551 879 4591; x_wconf 89' lang='grc' dir='ltr'><em>Β</em></span> <span class='ocrx_word' id='word_1_539' title='bbox 907 4551 1109 4604; x_wconf 82' lang='lat' dir='ltr'><strong>supplevit</strong></span> <span class='ocrx_word' id='word_1_540' title='bbox 1137 4553 1295 4593; x_wconf 75' lang='lat' dir='ltr'><strong>tutores</strong></span> <span class='ocrx_word' id='word_1_541' title='bbox 1324 4555 1364 4593; x_wconf 82' lang='lat' dir='ltr'><strong>et</strong></span> <span class='ocrx_word' id='word_1_542' title='bbox 1392 4564 1511 4592; x_wconf 85' lang='lat' dir='ltr'><strong>oura-</strong></span> 
     </span>
     <span class='ocr_line' id='line_1_77' title="bbox 172 4604 1510 4661; baseline 0.001 -15"><span class='ocrx_word' id='word_1_543' title='bbox 172 4610 280 4646; x_wconf 85' lang='lat' dir='ltr'><strong>tores</strong></span> <span class='ocrx_word' id='word_1_544' title='bbox 335 4607 392 4657; x_wconf 85' lang='grc'><strong>(6)</strong></span> <span class='ocrx_word' id='word_1_545' title='bbox 419 4608 477 4647; x_wconf 78' lang='lat' dir='ltr'><strong>sic</strong></span> <span class='ocrx_word' id='word_1_546' title='bbox 511 4608 604 4648; x_wconf 64' lang='lat' dir='ltr'>ch</span> <span class='ocrx_word' id='word_1_547' title='bbox 630 4623 714 4647; x_wconf 82' lang='lat' dir='ltr'><strong>cam</strong></span> <span class='ocrx_word' id='word_1_548' title='bbox 745 4608 798 4656; x_wconf 87' lang='lat' dir='ltr'><strong>B,</strong></span> <span class='ocrx_word' id='word_1_549' title='bbox 828 4606 1002 4647; x_wconf 89' lang='lat' dir='ltr'><strong>alienari</strong></span> <span class='ocrx_word' id='word_1_550' title='bbox 1024 4604 1167 4649; x_wconf 56' lang='lat' dir='ltr'><strong>chR</strong></span> <span class='ocrx_word' id='word_1_551' title='bbox 1225 4608 1280 4660; x_wconf 81' lang='lat'><strong>(7)</strong></span> <span class='ocrx_word' id='word_1_552' title='bbox 1306 4621 1327 4648; x_wconf 86' lang='lat' dir='ltr'><strong>e</strong></span> <span class='ocrx_word' id='word_1_553' title='bbox 1350 4609 1510 4661; x_wconf 69' lang='lat' dir='ltr'><strong>scripti,</strong></span> 
     </span>
    </p>
   </div>
   <div class='ocr_carea' id='block_1_10' title="bbox 1512 125 1615 185">
    <p class='ocr_par' dir='ltr' id='par_1_14' title="bbox 1512 125 1615 185">
     <span class='ocr_line' id='line_1_78' title="bbox 1512 125 1615 185; baseline 0 -1"><span class='ocrx_word' id='word_1_554' title='bbox 1512 125 1615 185; x_wconf 80' lang='lat'><strong>235</strong></span> 
     </span>
    </p>
   </div>
   <div class='ocr_carea' id='block_1_11' title="bbox 2663 131 2927 183">
    <p class='ocr_par' dir='ltr' id='par_1_15' title="bbox 2663 131 2927 183">
     <span class='ocr_line' id='line_1_79' title="bbox 2663 131 2927 183; baseline -0.004 0"><span class='ocrx_word' id='word_1_555' title='bbox 2663 131 2706 183; x_wconf 91' lang='lat' dir='ltr'>V</span> <span class='ocrx_word' id='word_1_556' title='bbox 2746 134 2829 183; x_wconf 88' lang='lat'><strong>70.</strong></span> <span class='ocrx_word' id='word_1_557' title='bbox 2869 134 2927 182; x_wconf 84' lang='lat'><strong>71</strong></span> 
     </span>
    </p>
   </div>
   <div class='ocr_carea' id='block_1_12' title="bbox 1593 279 2946 4244">
    <p class='ocr_par' dir='ltr' id='par_1_16' title="bbox 1593 279 2946 4244">
     <span class='ocr_line' id='line_1_80' title="bbox 1602 279 2935 338; baseline 0.001 -13"><span class='ocrx_word' id='word_1_558' title='bbox 1602 282 1786 335; x_wconf 88' lang='lat' dir='ltr'><strong>tionem,</strong></span> <span class='ocrx_word' id='word_1_559' title='bbox 1826 294 1956 338; x_wconf 88' lang='lat' dir='ltr'><strong>quam</strong></span> <span class='ocrx_word' id='word_1_560' title='bbox 1993 279 2040 324; x_wconf 85' lang='lat' dir='ltr'><strong>in</strong></span> <span class='ocrx_word' id='word_1_561' title='bbox 2079 281 2402 336; x_wconf 88' lang='lat' dir='ltr'><strong>emancipatum</strong></span> <span class='ocrx_word' id='word_1_562' title='bbox 2440 285 2485 325; x_wconf 87' lang='lat' dir='ltr'><strong>te</strong></span> <span class='ocrx_word' id='word_1_563' title='bbox 2522 286 2652 338; x_wconf 87' lang='lat' dir='ltr'><strong>pater</strong></span> <span class='ocrx_word' id='word_1_564' title='bbox 2688 282 2935 334; x_wconf 89' lang='lat' dir='ltr'><strong>contulerit,</strong></span> 
     </span>
     <span class='ocr_line' id='line_1_81' title="bbox 1602 335 2935 390; baseline 0.002 -10"><span class='ocrx_word' id='word_1_565' title='bbox 1602 339 1745 382; x_wconf 89' lang='lat' dir='ltr'><strong>minor</strong></span> <span class='ocrx_word' id='word_1_566' title='bbox 1789 337 1917 382; x_wconf 90' lang='lat' dir='ltr'><strong>annis</strong></span> <span class='ocrx_word' id='word_1_567' title='bbox 1963 335 2211 380; x_wconf 88' lang='lat' dir='ltr'><strong>cautionem</strong></span> <span class='ocrx_word' id='word_1_568' title='bbox 2259 337 2440 382; x_wconf 89' lang='lat' dir='ltr'><strong>emisisti</strong></span> <span class='ocrx_word' id='word_1_569' title='bbox 2450 341 2480 390; x_wconf 83' lang='lat'><strong>⁸,</strong></span> <span class='ocrx_word' id='word_1_570' title='bbox 2535 351 2635 383; x_wconf 90' lang='lat' dir='ltr'><strong>cum</strong></span> <span class='ocrx_word' id='word_1_571' title='bbox 2686 338 2935 383; x_wconf 87' lang='lat' dir='ltr'><strong>huiusmodi</strong></span> 
     </span>
     <span class='ocr_line' id='line_1_82' title="bbox 1603 394 2936 450; baseline 0 -12"><span class='ocrx_word' id='word_1_572' title='bbox 1603 395 1822 450; x_wconf 87' lang='lat' dir='ltr'><strong>scriptura</strong></span> <span class='ocrx_word' id='word_1_573' title='bbox 1858 395 2015 437; x_wconf 89' lang='lat' dir='ltr'><strong>contra</strong></span> <span class='ocrx_word' id='word_1_574' title='bbox 2053 395 2234 435; x_wconf 87' lang='lat' dir='ltr'><strong>senatus</strong></span> <span class='ocrx_word' id='word_1_575' title='bbox 2271 394 2460 437; x_wconf 90' lang='lat' dir='ltr'><strong>consulti</strong></span> <span class='ocrx_word' id='word_1_576' title='bbox 2488 394 2800 438; x_wconf 87' lang='lat' dir='ltr'><strong>auctoritatem</strong></span> <span class='ocrx_word' id='word_1_577' title='bbox 2830 395 2936 438; x_wconf 87' lang='lat' dir='ltr'><strong>data</strong></span> 
     </span>
     <span class='ocr_line' id='line_1_83' title="bbox 1604 447 2937 508; baseline -0.001 -15"><span class='ocrx_word' id='word_1_578' title='bbox 1604 450 1673 503; x_wconf 86' lang='lat' dir='ltr'><strong>sit,</strong></span> <span class='ocrx_word' id='word_1_579' title='bbox 1703 463 1794 494; x_wconf 91' lang='lat' dir='ltr'><strong>non</strong></span> <span class='ocrx_word' id='word_1_580' title='bbox 1822 449 1967 495; x_wconf 89' lang='lat' dir='ltr'><strong>oberit</strong></span> <span class='ocrx_word' id='word_1_581' title='bbox 1991 448 2079 492; x_wconf 91' lang='lat' dir='ltr'><strong>iuri</strong></span> <span class='ocrx_word' id='word_1_582' title='bbox 2107 453 2199 492; x_wconf 89' lang='lat' dir='ltr'><strong>tuo.</strong></span> <span class='ocrx_word' id='word_1_583' title='bbox 2258 447 2351 493; x_wconf 88' lang='grc' dir='ltr'><strong>ΡΡ.</strong></span> <span class='ocrx_word' id='word_1_584' title='bbox 2382 461 2431 493; x_wconf 71' lang='grc' dir='ltr'><strong>ν]</strong></span> <span class='ocrx_word' id='word_1_585' title='bbox 2457 449 2515 493; x_wconf 88' lang='lat' dir='ltr'><strong>id.</strong></span> <span class='ocrx_word' id='word_1_586' title='bbox 2545 449 2690 508; x_wconf 78' lang='lat' dir='ltr'><strong>Sept.⁹</strong></span> <span class='ocrx_word' id='word_1_587' title='bbox 2719 450 2937 494; x_wconf 85' lang='lat' dir='ltr'><strong>Hemesae</strong></span> 
     </span>
     <span class='ocr_line' id='line_1_84' title="bbox 1606 504 2937 557; baseline -0.001 -8"><span class='ocrx_word' id='word_1_588' title='bbox 1606 505 1721 550; x_wconf 85' lang='lat' dir='ltr'><strong>Caro</strong></span> <span class='ocrx_word' id='word_1_589' title='bbox 1751 510 1797 550; x_wconf 87' lang='lat' dir='ltr'><strong>et</strong></span> <span class='ocrx_word' id='word_1_590' title='bbox 1826 504 1990 549; x_wconf 89' lang='lat' dir='ltr'><strong>Carino</strong></span> <span class='ocrx_word' id='word_1_591' title='bbox 2020 504 2112 548; x_wconf 85' lang='lat' dir='ltr'><strong>AA.</strong></span> <span class='ocrx_word' id='word_1_592' title='bbox 2143 517 2286 548; x_wconf 80' lang='lat' dir='ltr'><strong>conss.</strong></span> <span class='ocrx_word' id='word_1_593' title='bbox 2751 509 2808 557; x_wconf 90' lang='lat' dir='ltr'><strong>[a.</strong></span> <span class='ocrx_word' id='word_1_594' title='bbox 2840 508 2937 557; x_wconf 82' lang='lat'>283]</span> 
     </span>
     <span class='ocr_line' id='line_1_85' title="bbox 1660 558 2939 618; baseline -0.003 -10"><span class='ocrx_word' id='word_1_595' title='bbox 1660 558 1690 608; x_wconf 90' lang='grc'>8</span> <span class='ocrx_word' id='word_1_596' title='bbox 1727 560 1831 604; x_wconf 89' lang='lat' dir='ltr'><strong>¹⁰Im</strong></span> <span class='ocrx_word' id='word_1_597' title='bbox 1859 575 1909 618; x_wconf 87' lang='lat' dir='ltr'><strong>p.</strong></span> <span class='ocrx_word' id='word_1_598' title='bbox 1937 559 2248 604; x_wconf 83' lang='lat' dir='ltr'><strong>Diocletianus</strong></span> <span class='ocrx_word' id='word_1_599' title='bbox 2276 565 2321 604; x_wconf 90' lang='lat' dir='ltr'><strong>et</strong></span> <span class='ocrx_word' id='word_1_600' title='bbox 2343 559 2656 605; x_wconf 77' lang='lat' dir='ltr'><strong>Maximianus</strong></span> <span class='ocrx_word' id='word_1_601' title='bbox 2682 560 2775 603; x_wconf 87' lang='lat' dir='ltr'><strong>AA.</strong></span> <span class='ocrx_word' id='word_1_602' title='bbox 2799 559 2939 604; x_wconf 76' lang='lat' dir='ltr'><strong>Theo-</strong></span> 
     </span>
     <span class='ocr_line' id='line_1_86' title="bbox 1603 615 2937 671; baseline -0.001 -12"><span class='ocrx_word' id='word_1_603' title='bbox 1603 615 1749 659; x_wconf 87' lang='lat' dir='ltr'><strong>dotae.</strong></span> <span class='ocrx_word' id='word_1_604' title='bbox 1846 615 1998 659; x_wconf 77' lang='lat' dir='ltr'><strong>taedia</strong></span> <span class='ocrx_word' id='word_1_605' title='bbox 2035 615 2227 667; x_wconf 89' lang='lat' dir='ltr'><strong>rustica,</strong></span> <span class='ocrx_word' id='word_1_606' title='bbox 2267 629 2381 671; x_wconf 91' lang='lat' dir='ltr'><strong>quae</strong></span> <span class='ocrx_word' id='word_1_607' title='bbox 2420 620 2576 659; x_wconf 89' lang='lat' dir='ltr'><strong>contra</strong></span> <span class='ocrx_word' id='word_1_608' title='bbox 2613 618 2796 659; x_wconf 87' lang='lat' dir='ltr'><strong>senatus</strong></span> <span class='ocrx_word' id='word_1_609' title='bbox 2833 627 2937 658; x_wconf 92' lang='lat' dir='ltr'><strong>con-</strong></span> 
     </span>
     <span class='ocr_line' id='line_1_87' title="bbox 1603 669 2940 726; baseline 0 -13"><span class='ocrx_word' id='word_1_610' title='bbox 1603 671 1768 713; x_wconf 87' lang='lat' dir='ltr'><strong>sultum</strong></span> <span class='ocrx_word' id='word_1_611' title='bbox 1792 672 1955 714; x_wconf 88' lang='lat' dir='ltr'><strong>donata</strong></span> <span class='ocrx_word' id='word_1_612' title='bbox 1980 683 2077 715; x_wconf 86' lang='lat' dir='ltr'><strong>esse</strong></span> <span class='ocrx_word' id='word_1_613' title='bbox 2104 674 2208 715; x_wconf 89' lang='lat' dir='ltr'><strong>ante</strong></span> <span class='ocrx_word' id='word_1_614' title='bbox 2233 672 2410 726; x_wconf 89' lang='lat' dir='ltr'><strong>nuptias</strong></span> <span class='ocrx_word' id='word_1_615' title='bbox 2426 669 2751 725; x_wconf 84' lang='lat' dir='ltr'><strong>sponsaliorum</strong></span> <span class='ocrx_word' id='word_1_616' title='bbox 2765 670 2940 713; x_wconf 90' lang='lat' dir='ltr'><strong>nomine</strong></span> 
     </span>
     <span class='ocr_line' id='line_1_88' title="bbox 1602 724 2938 779; baseline 0.001 -11"><span class='ocrx_word' id='word_1_617' title='bbox 1602 738 1783 779; x_wconf 91' lang='lat' dir='ltr'><strong>precum</strong></span> <span class='ocrx_word' id='word_1_618' title='bbox 1823 731 2000 770; x_wconf 88' lang='lat' dir='ltr'><strong>tuarum</strong></span> <span class='ocrx_word' id='word_1_619' title='bbox 2040 726 2257 770; x_wconf 85' lang='lat' dir='ltr'><strong>confessio</strong></span> <span class='ocrx_word' id='word_1_620' title='bbox 2297 725 2511 779; x_wconf 88' lang='lat' dir='ltr'><strong>ostendit,</strong></span> <span class='ocrx_word' id='word_1_621' title='bbox 2553 737 2655 767; x_wconf 92' lang='lat' dir='ltr'><strong>cum</strong></span> <span class='ocrx_word' id='word_1_622' title='bbox 2690 724 2938 779; x_wconf 87' lang='lat' dir='ltr'><strong>proprietas</strong></span> 
     </span>
     <span class='ocr_line' id='line_1_89' title="bbox 1602 779 2940 835; baseline 0 -12"><span class='ocrx_word' id='word_1_623' title='bbox 1602 779 1658 823; x_wconf 89' lang='lat' dir='ltr'><strong>ad</strong></span> <span class='ocrx_word' id='word_1_624' title='bbox 1687 782 1732 823; x_wconf 87' lang='lat' dir='ltr'><strong>te</strong></span> <span class='ocrx_word' id='word_1_625' title='bbox 1755 784 1939 835; x_wconf 90' lang='lat' dir='ltr'><strong>propter</strong></span> <span class='ocrx_word' id='word_1_626' title='bbox 1962 782 2069 823; x_wconf 90' lang='lat' dir='ltr'><strong>iuris</strong></span> <span class='ocrx_word' id='word_1_627' title='bbox 2092 782 2372 824; x_wconf 89' lang='lat' dir='ltr'><strong>interdictum</strong></span> <span class='ocrx_word' id='word_1_628' title='bbox 2396 780 2586 822; x_wconf 88' lang='lat' dir='ltr'><strong>transire</strong></span> <span class='ocrx_word' id='word_1_629' title='bbox 2614 792 2704 822; x_wconf 93' lang='lat' dir='ltr'><strong>non</strong></span> <span class='ocrx_word' id='word_1_630' title='bbox 2732 780 2940 834; x_wconf 89' lang='lat' dir='ltr'><strong>potuerit,</strong></span> 
     </span>
     <span class='ocr_line' id='line_1_90' title="bbox 1600 832 2939 891; baseline 0 -13"><span class='ocrx_word' id='word_1_631' title='bbox 1600 836 1647 878; x_wconf 91' lang='lat' dir='ltr'><strong>in</strong></span> <span class='ocrx_word' id='word_1_632' title='bbox 1672 835 1862 879; x_wconf 89' lang='lat' dir='ltr'><strong>dominio</strong></span> <span class='ocrx_word' id='word_1_633' title='bbox 1879 836 2024 878; x_wconf 88' lang='lat' dir='ltr'><strong>mariti</strong></span> <span class='ocrx_word' id='word_1_634' title='bbox 2040 836 2334 891; x_wconf 87' lang='lat' dir='ltr'><strong>permansisse</strong></span> <span class='ocrx_word' id='word_1_635' title='bbox 2349 835 2497 889; x_wconf 90' lang='lat' dir='ltr'><strong>palam</strong></span> <span class='ocrx_word' id='word_1_636' title='bbox 2513 838 2592 877; x_wconf 88' lang='lat' dir='ltr'><strong>est.</strong></span> <span class='ocrx_word' id='word_1_637' title='bbox 2639 832 2732 876; x_wconf 87' lang='grc' dir='ltr'><strong>ΡΡ.</strong></span> <span class='ocrx_word' id='word_1_638' title='bbox 2750 845 2820 876; x_wconf 81' lang='lat'><strong>111</strong></span> <span class='ocrx_word' id='word_1_639' title='bbox 2836 848 2939 878; x_wconf 88' lang='lat' dir='ltr'><strong>non.</strong></span> 
     </span>
     <span class='ocr_line' id='line_1_91' title="bbox 1602 889 2940 942; baseline -0.001 -7"><span class='ocrx_word' id='word_1_640' title='bbox 1602 890 1715 935; x_wconf 86' lang='lat' dir='ltr'><strong>Nov.</strong></span> <span class='ocrx_word' id='word_1_641' title='bbox 1742 890 2027 934; x_wconf 81' lang='lat' dir='ltr'><strong>Diocletiano</strong></span> <span class='ocrx_word' id='word_1_642' title='bbox 2051 893 2103 933; x_wconf 89' lang='lat' dir='ltr'><strong>A.</strong></span> <span class='ocrx_word' id='word_1_643' title='bbox 2131 901 2178 932; x_wconf 85' lang='lat' dir='ltr'><strong>II</strong></span> <span class='ocrx_word' id='word_1_644' title='bbox 2203 896 2248 934; x_wconf 87' lang='lat' dir='ltr'><strong>et</strong></span> <span class='ocrx_word' id='word_1_645' title='bbox 2269 889 2532 933; x_wconf 79' lang='lat' dir='ltr'><strong>Aristobulo</strong></span> <span class='ocrx_word' id='word_1_646' title='bbox 2559 901 2702 932; x_wconf 83' lang='lat' dir='ltr'><strong>conss.</strong></span> <span class='ocrx_word' id='word_1_647' title='bbox 2759 893 2815 941; x_wconf 90' lang='lat' dir='ltr'><strong>[a.</strong></span> <span class='ocrx_word' id='word_1_648' title='bbox 2843 893 2940 942; x_wconf 80' lang='lat'>285]</span> 
     </span>
     <span class='ocr_line' id='line_1_92' title="bbox 1658 943 2941 999; baseline -0.001 -10"><span class='ocrx_word' id='word_1_649' title='bbox 1658 943 1689 993; x_wconf 81' lang='grc'>9</span> <span class='ocrx_word' id='word_1_650' title='bbox 1731 944 1855 989; x_wconf 88' lang='lat' dir='ltr'><strong>Idem</strong></span> <span class='ocrx_word' id='word_1_651' title='bbox 1891 947 1982 989; x_wconf 86' lang='lat' dir='ltr'><strong>AA.</strong></span> <span class='ocrx_word' id='word_1_652' title='bbox 2024 943 2252 988; x_wconf 84' lang='lat' dir='ltr'><strong>Muciano.</strong></span> <span class='ocrx_word' id='word_1_653' title='bbox 2321 944 2423 987; x_wconf 89' lang='lat' dir='ltr'><strong>Etsi</strong></span> <span class='ocrx_word' id='word_1_654' title='bbox 2456 945 2514 994; x_wconf 88' lang='lat' dir='ltr'><strong>is,</strong></span> <span class='ocrx_word' id='word_1_655' title='bbox 2556 956 2685 999; x_wconf 87' lang='lat' dir='ltr'><strong>quem</strong></span> <span class='ocrx_word' id='word_1_656' title='bbox 2715 944 2941 999; x_wconf 88' lang='lat' dir='ltr'><strong>praedium</strong></span> 
     </span>
     <span class='ocr_line' id='line_1_93' title="bbox 1601 999 2941 1053; baseline 0 -8"><span class='ocrx_word' id='word_1_657' title='bbox 1601 1003 1815 1045; x_wconf 89' lang='lat' dir='ltr'><strong>rusticum</strong></span> <span class='ocrx_word' id='word_1_658' title='bbox 1831 1000 2008 1044; x_wconf 86' lang='lat' dir='ltr'><strong>minoris</strong></span> <span class='ocrx_word' id='word_1_659' title='bbox 2026 1000 2284 1043; x_wconf 87' lang='lat' dir='ltr'><strong>distraxisse</strong></span> <span class='ocrx_word' id='word_1_660' title='bbox 2301 999 2521 1053; x_wconf 85' lang='lat' dir='ltr'><strong>adfirmas,</strong></span> <span class='ocrx_word' id='word_1_661' title='bbox 2553 1000 2770 1044; x_wconf 88' lang='lat' dir='ltr'><strong>curatoris</strong></span> <span class='ocrx_word' id='word_1_662' title='bbox 2794 1001 2941 1045; x_wconf 82' lang='lat' dir='ltr'><strong>officio</strong></span> 
     </span>
     <span class='ocr_line' id='line_1_94' title="bbox 1601 1055 2942 1110; baseline -0.001 -9"><span class='ocrx_word' id='word_1_663' title='bbox 1601 1059 1782 1101; x_wconf 83' lang='lat' dir='ltr'><strong>functus</strong></span> <span class='ocrx_word' id='word_1_664' title='bbox 1820 1057 1867 1100; x_wconf 90' lang='lat' dir='ltr'><strong>id</strong></span> <span class='ocrx_word' id='word_1_665' title='bbox 1905 1055 2032 1110; x_wconf 83' lang='lat' dir='ltr'><strong>fecit,</strong></span> <span class='ocrx_word' id='word_1_666' title='bbox 2072 1055 2263 1099; x_wconf 87' lang='lat' dir='ltr'><strong>venditio</strong></span> <span class='ocrx_word' id='word_1_667' title='bbox 2302 1060 2452 1099; x_wconf 90' lang='lat' dir='ltr'><strong>tamen</strong></span> <span class='ocrx_word' id='word_1_668' title='bbox 2492 1061 2649 1099; x_wconf 91' lang='lat' dir='ltr'><strong>contra</strong></span> <span class='ocrx_word' id='word_1_669' title='bbox 2678 1055 2765 1099; x_wconf 89' lang='lat' dir='ltr'><strong>divi</strong></span> <span class='ocrx_word' id='word_1_670' title='bbox 2794 1056 2942 1101; x_wconf 86' lang='lat' dir='ltr'><strong>Severi</strong></span> 
     </span>
     <span class='ocr_line' id='line_1_95' title="bbox 1602 1111 2941 1158; baseline 0 -1"><span class='ocrx_word' id='word_1_671' title='bbox 1602 1114 1845 1158; x_wconf 90' lang='lat' dir='ltr'><strong>orationem</strong></span> <span class='ocrx_word' id='word_1_672' title='bbox 1894 1113 2015 1155; x_wconf 90' lang='lat' dir='ltr'><strong>facta</strong></span> <span class='ocrx_word' id='word_1_673' title='bbox 2096 1111 2281 1155; x_wconf 89' lang='lat' dir='ltr'><strong>raesidis</strong></span> <span class='ocrx_word' id='word_1_674' title='bbox 2332 1112 2550 1155; x_wconf 88' lang='lat' dir='ltr'><strong>sententia</strong></span> <span class='ocrx_word' id='word_1_675' title='bbox 2592 1124 2683 1155; x_wconf 91' lang='lat' dir='ltr'><strong>non</strong></span> <span class='ocrx_word' id='word_1_676' title='bbox 2723 1111 2941 1157; x_wconf 90' lang='lat' dir='ltr'><strong>immerito</strong></span> 
     </span>
     <span class='ocr_line' id='line_1_96' title="bbox 1609 1167 2942 1223; baseline -0.001 -10"><span class='ocrx_word' id='word_1_677' title='bbox 1609 1174 1623 1212; x_wconf 88' lang='lat'><em>1</em></span> <span class='ocrx_word' id='word_1_678' title='bbox 1685 1170 1875 1213; x_wconf 85' lang='lat' dir='ltr'><strong>rescissa</strong></span> <span class='ocrx_word' id='word_1_679' title='bbox 1914 1171 1995 1212; x_wconf 85' lang='lat' dir='ltr'><strong>est.</strong></span> <span class='ocrx_word' id='word_1_680' title='bbox 2101 1168 2257 1222; x_wconf 85' lang='lat' dir='ltr'><strong>ignora</strong></span> <span class='ocrx_word' id='word_1_681' title='bbox 2295 1179 2425 1219; x_wconf 87' lang='lat' dir='ltr'><strong>sane,</strong></span> <span class='ocrx_word' id='word_1_682' title='bbox 2466 1181 2578 1223; x_wconf 89' lang='lat' dir='ltr'><strong>quae</strong></span> <span class='ocrx_word' id='word_1_683' title='bbox 2617 1168 2675 1211; x_wconf 91' lang='lat' dir='ltr'><strong>ob</strong></span> <span class='ocrx_word' id='word_1_684' title='bbox 2715 1167 2942 1213; x_wconf 88' lang='lat' dir='ltr'><strong>evictionis</strong></span> 
     </span>
     <span class='ocr_line' id='line_1_97' title="bbox 1602 1224 2942 1281; baseline -0.001 -12"><span class='ocrx_word' id='word_1_685' title='bbox 1602 1226 1846 1281; x_wconf 90' lang='lat' dir='ltr'><strong>periculum</strong></span> <span class='ocrx_word' id='word_1_686' title='bbox 1882 1224 1996 1268; x_wconf 90' lang='lat' dir='ltr'><strong>idem</strong></span> <span class='ocrx_word' id='word_1_687' title='bbox 2038 1228 2217 1267; x_wconf 84' lang='lat' dir='ltr'><strong>curator</strong></span> <span class='ocrx_word' id='word_1_688' title='bbox 2253 1236 2307 1267; x_wconf 85' lang='lat' dir='ltr'><strong>ex</strong></span> <span class='ocrx_word' id='word_1_689' title='bbox 2335 1224 2469 1267; x_wconf 90' lang='lat' dir='ltr'><strong>rebus</strong></span> <span class='ocrx_word' id='word_1_690' title='bbox 2530 1224 2690 1279; x_wconf 91' lang='lat' dir='ltr'><strong>ropriis</strong></span> <span class='ocrx_word' id='word_1_691' title='bbox 2720 1224 2802 1268; x_wconf 90' lang='lat' dir='ltr'><strong>tibi</strong></span> <span class='ocrx_word' id='word_1_692' title='bbox 2831 1225 2942 1268; x_wconf 93' lang='lat' dir='ltr'><strong>obli-</strong></span> 
     </span>
     <span class='ocr_line' id='line_1_98' title="bbox 1600 1237 2943 1343; baseline 0 -18"><span class='ocrx_word' id='word_1_693' title='bbox 1600 1282 1732 1336; x_wconf 87' lang='lat' dir='ltr'><strong>gavit,</strong></span> <span class='ocrx_word' id='word_1_694' title='bbox 1765 1295 1854 1325; x_wconf 91' lang='lat' dir='ltr'><strong>non</strong></span> <span class='ocrx_word' id='word_1_695' title='bbox 1883 1280 2135 1343; x_wconf 39' lang='lat' dir='ltr'><strong>prohiberis·</strong></span> <span class='ocrx_word' id='word_1_696' title='bbox 2158 1280 2377 1335; x_wconf 90' lang='lat' dir='ltr'><strong>persequi.</strong></span> <span class='ocrx_word' id='word_1_697' title='bbox 2436 1237 2530 1323; x_wconf 53' lang='lat'><strong>1³13.</strong></span> <span class='ocrx_word' id='word_1_698' title='bbox 2562 1293 2666 1324; x_wconf 85' lang='lat' dir='ltr'><strong>non.</strong></span> <span class='ocrx_word' id='word_1_699' title='bbox 2693 1279 2807 1325; x_wconf 87' lang='lat' dir='ltr'><strong>Nov.</strong></span> <span class='ocrx_word' id='word_1_700' title='bbox 2832 1280 2943 1326; x_wconf 87' lang='lat' dir='ltr'><strong>Dio-</strong></span> 
     </span>
     <span class='ocr_line' id='line_1_99' title="bbox 1603 1335 2942 1390; baseline 0.001 -10"><span class='ocrx_word' id='word_1_701' title='bbox 1603 1338 1794 1382; x_wconf 82' lang='lat' dir='ltr'><strong>cletiano</strong></span> <span class='ocrx_word' id='word_1_702' title='bbox 1824 1340 1875 1381; x_wconf 90' lang='lat' dir='ltr'><strong>A.</strong></span> <span class='ocrx_word' id='word_1_703' title='bbox 1907 1349 1951 1380; x_wconf 82' lang='lat'><strong>11</strong></span> <span class='ocrx_word' id='word_1_704' title='bbox 1982 1343 2027 1380; x_wconf 88' lang='lat' dir='ltr'><strong>et</strong></span> <span class='ocrx_word' id='word_1_705' title='bbox 2053 1335 2313 1380; x_wconf 83' lang='lat' dir='ltr'><strong>Aristobulo</strong></span> <span class='ocrx_word' id='word_1_706' title='bbox 2345 1348 2489 1379; x_wconf 86' lang='lat' dir='ltr'><strong>conss.</strong></span> <span class='ocrx_word' id='word_1_707' title='bbox 2754 1339 2811 1388; x_wconf 90' lang='lat' dir='ltr'><strong>[a.</strong></span> <span class='ocrx_word' id='word_1_708' title='bbox 2844 1340 2942 1390; x_wconf 82' lang='lat'>285]</span> 
     </span>
     <span class='ocr_line' id='line_1_100' title="bbox 1661 1390 2942 1448; baseline -0.001 -10"><span class='ocrx_word' id='word_1_709' title='bbox 1661 1392 1724 1440; x_wconf 86' lang='lat'><strong>10</strong></span> <span class='ocrx_word' id='word_1_710' title='bbox 1755 1393 1881 1437; x_wconf 86' lang='lat' dir='ltr'><strong>Idem</strong></span> <span class='ocrx_word' id='word_1_711' title='bbox 1911 1392 2002 1437; x_wconf 88' lang='lat' dir='ltr'><strong>AA.</strong></span> <span class='ocrx_word' id='word_1_712' title='bbox 2038 1390 2191 1436; x_wconf 90' lang='lat' dir='ltr'><strong>Grato.</strong></span> <span class='ocrx_word' id='word_1_713' title='bbox 2251 1391 2561 1444; x_wconf 88' lang='lat' dir='ltr'><strong>Praediorum,</strong></span> <span class='ocrx_word' id='word_1_714' title='bbox 2600 1405 2714 1448; x_wconf 89' lang='lat' dir='ltr'><strong>quae</strong></span> <span class='ocrx_word' id='word_1_715' title='bbox 2743 1393 2837 1436; x_wconf 89' lang='lat' dir='ltr'><strong>sine</strong></span> <span class='ocrx_word' id='word_1_716' title='bbox 2866 1392 2942 1438; x_wconf 90' lang='lat' dir='ltr'><strong>de·</strong></span> 
     </span>
     <span class='ocr_line' id='line_1_101' title="bbox 1604 1447 2942 1504; baseline 0 -11"><span class='ocrx_word' id='word_1_717' title='bbox 1604 1455 1722 1493; x_wconf 87' lang='lat' dir='ltr'><strong>creto</strong></span> <span class='ocrx_word' id='word_1_718' title='bbox 1749 1450 1943 1493; x_wconf 88' lang='lat' dir='ltr'><strong>alienata</strong></span> <span class='ocrx_word' id='word_1_719' title='bbox 1965 1452 2084 1500; x_wconf 90' lang='lat' dir='ltr'><strong>sunt,</strong></span> <span class='ocrx_word' id='word_1_720' title='bbox 2110 1447 2350 1491; x_wconf 90' lang='lat' dir='ltr'><strong>dominium</strong></span> <span class='ocrx_word' id='word_1_721' title='bbox 2366 1447 2452 1491; x_wconf 92' lang='lat' dir='ltr'><strong>tibi</strong></span> <span class='ocrx_word' id='word_1_722' title='bbox 2465 1448 2748 1504; x_wconf 88' lang='lat' dir='ltr'><strong>persequenti</strong></span> <span class='ocrx_word' id='word_1_723' title='bbox 2761 1461 2942 1504; x_wconf 88' lang='lat' dir='ltr'><strong>praeses</strong></span> 
     </span>
     <span class='ocr_line' id='line_1_102' title="bbox 1603 1504 2943 1560; baseline 0.001 -12"><span class='ocrx_word' id='word_1_724' title='bbox 1603 1518 1729 1560; x_wconf 91' lang='lat' dir='ltr'><strong>opem</strong></span> <span class='ocrx_word' id='word_1_725' title='bbox 1772 1505 1899 1548; x_wconf 86' lang='lat' dir='ltr'><strong>feret.</strong></span> <span class='ocrx_word' id='word_1_726' title='bbox 1975 1504 2095 1560; x_wconf 89' lang='lat' dir='ltr'><strong>apud</strong></span> <span class='ocrx_word' id='word_1_727' title='bbox 2133 1516 2263 1559; x_wconf 88' lang='lat' dir='ltr'><strong>quem</strong></span> <span class='ocrx_word' id='word_1_728' title='bbox 2302 1504 2340 1547; x_wconf 90' lang='lat' dir='ltr'><strong>si</strong></span> <span class='ocrx_word' id='word_1_729' title='bbox 2378 1504 2575 1548; x_wconf 81' lang='lat' dir='ltr'><strong>illuxerit</strong></span> <span class='ocrx_word' id='word_1_730' title='bbox 2610 1518 2700 1548; x_wconf 91' lang='lat' dir='ltr'><strong>non</strong></span> <span class='ocrx_word' id='word_1_731' title='bbox 2737 1505 2943 1550; x_wconf 88' lang='lat' dir='ltr'><strong>universa</strong></span> 
     </span>
     <span class='ocr_line' id='line_1_103' title="bbox 1603 1560 2943 1617; baseline 0.001 -13"><span class='ocrx_word' id='word_1_732' title='bbox 1603 1563 1758 1617; x_wconf 89' lang='lat' dir='ltr'><strong>pretia,</strong></span> <span class='ocrx_word' id='word_1_733' title='bbox 1790 1574 1902 1617; x_wconf 86' lang='lat' dir='ltr'><strong>quae</strong></span> <span class='ocrx_word' id='word_1_734' title='bbox 1933 1560 2127 1604; x_wconf 90' lang='lat' dir='ltr'><strong>curatori</strong></span> <span class='ocrx_word' id='word_1_735' title='bbox 2155 1564 2232 1603; x_wconf 92' lang='lat' dir='ltr'><strong>tuo</strong></span> <span class='ocrx_word' id='word_1_736' title='bbox 2265 1560 2369 1604; x_wconf 82' lang='lat' dir='ltr'><strong>data</strong></span> <span class='ocrx_word' id='word_1_737' title='bbox 2399 1566 2522 1613; x_wconf 90' lang='lat' dir='ltr'><strong>sunt,</strong></span> <span class='ocrx_word' id='word_1_738' title='bbox 2560 1561 2606 1603; x_wconf 92' lang='lat' dir='ltr'><strong>in</strong></span> <span class='ocrx_word' id='word_1_739' title='bbox 2634 1562 2943 1616; x_wconf 87' lang='lat' dir='ltr'><strong>patrimonium</strong></span> 
     </span>
     <span class='ocr_line' id='line_1_104' title="bbox 1602 1616 2944 1673; baseline 0.001 -13"><span class='ocrx_word' id='word_1_740' title='bbox 1602 1622 1725 1660; x_wconf 87' lang='lat' dir='ltr'><strong>tuum</strong></span> <span class='ocrx_word' id='word_1_741' title='bbox 1754 1617 2046 1672; x_wconf 87' lang='lat' dir='ltr'><strong>processisse,</strong></span> <span class='ocrx_word' id='word_1_742' title='bbox 2083 1628 2166 1671; x_wconf 89' lang='lat' dir='ltr'><strong>pro</strong></span> <span class='ocrx_word' id='word_1_743' title='bbox 2202 1628 2257 1659; x_wconf 90' lang='lat' dir='ltr'><strong>ea</strong></span> <span class='ocrx_word' id='word_1_744' title='bbox 2293 1616 2527 1660; x_wconf 82' lang='lat' dir='ltr'><strong>dumtaxat</strong></span> <span class='ocrx_word' id='word_1_745' title='bbox 2561 1617 2778 1672; x_wconf 89' lang='lat' dir='ltr'><strong>pecuniae</strong></span> <span class='ocrx_word' id='word_1_746' title='bbox 2815 1620 2944 1673; x_wconf 90' lang='lat' dir='ltr'><strong>parte</strong></span> 
     </span>
     <span class='ocr_line' id='line_1_105' title="bbox 1605 1671 2941 1727; baseline 0.001 -11"><span class='ocrx_word' id='word_1_747' title='bbox 1605 1673 1827 1716; x_wconf 86' lang='lat' dir='ltr'><strong>conveniri</strong></span> <span class='ocrx_word' id='word_1_748' title='bbox 1854 1675 1901 1715; x_wconf 88' lang='lat' dir='ltr'><strong>te</strong></span> <span class='ocrx_word' id='word_1_749' title='bbox 1928 1671 2166 1727; x_wconf 91' lang='lat' dir='ltr'><strong>permittit,</strong></span> <span class='ocrx_word' id='word_1_750' title='bbox 2207 1684 2340 1727; x_wconf 90' lang='lat' dir='ltr'><strong>quam</strong></span> <span class='ocrx_word' id='word_1_751' title='bbox 2369 1672 2416 1715; x_wconf 91' lang='lat' dir='ltr'><strong>in</strong></span> <span class='ocrx_word' id='word_1_752' title='bbox 2445 1673 2684 1716; x_wconf 88' lang='lat' dir='ltr'><strong>facultates</strong></span> <span class='ocrx_word' id='word_1_753' title='bbox 2713 1676 2813 1717; x_wconf 83' lang='lat' dir='ltr'><strong>tuas</strong></span> <span class='ocrx_word' id='word_1_754' title='bbox 2845 1687 2941 1718; x_wconf 90' lang='lat' dir='ltr'><strong>ero·</strong></span> 
     </span>
     <span class='ocr_line' id='line_1_106' title="bbox 1601 1727 2946 1786; baseline 0.002 -16"><span class='ocrx_word' id='word_1_755' title='bbox 1601 1734 1750 1783; x_wconf 87' lang='lat' dir='ltr'><strong>gatam</strong></span> <span class='ocrx_word' id='word_1_756' title='bbox 1789 1740 1889 1771; x_wconf 88' lang='lat' dir='ltr'><strong>esse</strong></span> <span class='ocrx_word' id='word_1_757' title='bbox 1933 1727 2192 1771; x_wconf 88' lang='lat' dir='ltr'><strong>constiterit.</strong></span> <span class='ocrx_word' id='word_1_758' title='bbox 2261 1727 2354 1771; x_wconf 89' lang='grc' dir='ltr'><strong>ΡΡ.</strong></span> <span class='ocrx_word' id='word_1_759' title='bbox 2396 1740 2426 1770; x_wconf 81' lang='lat' dir='ltr'><strong><em>V</em></strong></span> <span class='ocrx_word' id='word_1_760' title='bbox 2457 1728 2516 1770; x_wconf 86' lang='lat' dir='ltr'><strong>id.</strong></span> <span class='ocrx_word' id='word_1_761' title='bbox 2547 1730 2661 1785; x_wconf 78' lang='lat' dir='ltr'><strong>Auq.</strong></span> <span class='ocrx_word' id='word_1_762' title='bbox 2702 1728 2816 1786; x_wconf 88' lang='lat' dir='ltr'><strong>ipsis</strong></span> <span class='ocrx_word' id='word_1_763' title='bbox 2855 1742 2946 1774; x_wconf 82' lang='lat'><em>1111</em></span> 
     </span>
     <span class='ocr_line' id='line_1_107' title="bbox 1602 1783 2942 1838; baseline 0.001 -11"><span class='ocrx_word' id='word_1_764' title='bbox 1602 1790 1647 1827; x_wconf 90' lang='lat' dir='ltr'><strong>et</strong></span> <span class='ocrx_word' id='word_1_765' title='bbox 1676 1795 1745 1826; x_wconf 78' lang='grc' dir='ltr'><strong>ΠΙ</strong></span> <span class='ocrx_word' id='word_1_766' title='bbox 1770 1783 1862 1826; x_wconf 88' lang='lat' dir='ltr'><strong>AA.</strong></span> <span class='ocrx_word' id='word_1_767' title='bbox 1894 1795 2036 1826; x_wconf 86' lang='lat' dir='ltr'><strong>conss.</strong></span> <span class='ocrx_word' id='word_1_768' title='bbox 2755 1788 2812 1836; x_wconf 92' lang='lat' dir='ltr'><strong>[a.</strong></span> <span class='ocrx_word' id='word_1_769' title='bbox 2845 1788 2942 1838; x_wconf 91' lang='grc'>290]</span> 
     </span>
     <span class='ocr_line' id='line_1_108' title="bbox 1661 1837 2943 1895; baseline 0.001 -11"><span class='ocrx_word' id='word_1_770' title='bbox 1661 1837 1719 1884; x_wconf 93' lang='grc'><strong>11</strong></span> <span class='ocrx_word' id='word_1_771' title='bbox 1756 1837 1882 1882; x_wconf 87' lang='lat' dir='ltr'><strong>Idem</strong></span> <span class='ocrx_word' id='word_1_772' title='bbox 1911 1839 2004 1882; x_wconf 89' lang='lat' dir='ltr'><strong>AA.</strong></span> <span class='ocrx_word' id='word_1_773' title='bbox 2039 1837 2294 1895; x_wconf 80' lang='lat' dir='ltr'><strong>Trophimo.</strong></span> <span class='ocrx_word' id='word_1_774' title='bbox 2355 1838 2403 1882; x_wconf 83' lang='lat' dir='ltr'><strong>Si</strong></span> <span class='ocrx_word' id='word_1_775' title='bbox 2438 1839 2611 1893; x_wconf 88' lang='lat' dir='ltr'><strong>quidem</strong></span> <span class='ocrx_word' id='word_1_776' title='bbox 2643 1839 2736 1883; x_wconf 89' lang='lat' dir='ltr'><strong>sine</strong></span> <span class='ocrx_word' id='word_1_777' title='bbox 2766 1839 2943 1885; x_wconf 90' lang='lat' dir='ltr'><strong>decreto</strong></span> 
     </span>
     <span class='ocr_line' id='line_1_109' title="bbox 1602 1894 2942 1950; baseline 0.002 -13"><span class='ocrx_word' id='word_1_778' title='bbox 1602 1894 1744 1938; x_wconf 90' lang='lat' dir='ltr'><strong>minor</strong></span> <span class='ocrx_word' id='word_1_779' title='bbox 1768 1894 1896 1938; x_wconf 90' lang='lat' dir='ltr'><strong>annis</strong></span> <span class='ocrx_word' id='word_1_780' title='bbox 1922 1898 2136 1949; x_wconf 89' lang='lat' dir='ltr'><strong>patronus</strong></span> <span class='ocrx_word' id='word_1_781' title='bbox 2161 1898 2266 1937; x_wconf 91' lang='lat' dir='ltr'><strong>tuus</strong></span> <span class='ocrx_word' id='word_1_782' title='bbox 2290 1894 2504 1938; x_wconf 90' lang='lat' dir='ltr'><strong>rusticum</strong></span> <span class='ocrx_word' id='word_1_783' title='bbox 2522 1894 2749 1950; x_wconf 88' lang='lat' dir='ltr'><strong>praedium</strong></span> <span class='ocrx_word' id='word_1_784' title='bbox 2765 1909 2942 1940; x_wconf 91' lang='lat' dir='ltr'><strong>venum-</strong></span> 
     </span>
     <span class='ocr_line' id='line_1_110' title="bbox 1603 1949 2945 2006; baseline 0.003 -14"><span class='ocrx_word' id='word_1_785' title='bbox 1603 1950 1743 2003; x_wconf 88' lang='lat' dir='ltr'><strong>dedit,</strong></span> <span class='ocrx_word' id='word_1_786' title='bbox 1783 1962 2106 2006; x_wconf 89' lang='lat' dir='ltr'><strong>supervacuum</strong></span> <span class='ocrx_word' id='word_1_787' title='bbox 2143 1952 2212 1993; x_wconf 89' lang='lat' dir='ltr'><strong>est</strong></span> <span class='ocrx_word' id='word_1_788' title='bbox 2244 1949 2298 1993; x_wconf 89' lang='lat' dir='ltr'><strong>de</strong></span> <span class='ocrx_word' id='word_1_789' title='bbox 2326 1950 2403 1993; x_wconf 89' lang='lat' dir='ltr'><strong>vili</strong></span> <span class='ocrx_word' id='word_1_790' title='bbox 2431 1951 2574 2005; x_wconf 89' lang='lat' dir='ltr'><strong>pretio</strong></span> <span class='ocrx_word' id='word_1_791' title='bbox 2604 1955 2813 2006; x_wconf 87' lang='lat' dir='ltr'><strong>tractare,</strong></span> <span class='ocrx_word' id='word_1_792' title='bbox 2846 1965 2945 1997; x_wconf 91' lang='lat' dir='ltr'><strong>cum</strong></span> 
     </span>
     <span class='ocr_line' id='line_1_111' title="bbox 1601 2005 2945 2053; baseline 0.002 -4"><span class='ocrx_word' id='word_1_793' title='bbox 1601 2011 1782 2050; x_wconf 90' lang='lat' dir='ltr'><strong>senatus</strong></span> <span class='ocrx_word' id='word_1_794' title='bbox 1814 2006 2006 2050; x_wconf 90' lang='lat' dir='ltr'><strong>consulti</strong></span> <span class='ocrx_word' id='word_1_795' title='bbox 2034 2005 2279 2049; x_wconf 86' lang='lat' dir='ltr'><strong>auctoritas</strong></span> <span class='ocrx_word' id='word_1_796' title='bbox 2308 2009 2480 2049; x_wconf 89' lang='lat' dir='ltr'><strong>retento</strong></span> <span class='ocrx_word' id='word_1_797' title='bbox 2507 2007 2700 2051; x_wconf 90' lang='lat' dir='ltr'><strong>dominio</strong></span> <span class='ocrx_word' id='word_1_798' title='bbox 2723 2009 2945 2053; x_wconf 87' lang='lat' dir='ltr'><strong>alienandi</strong></span> 
     </span>
     <span class='ocr_line' id='line_1_112' title="bbox 1604 2061 2944 2118; baseline 0.002 -12"><span class='ocrx_word' id='word_1_799' title='bbox 1604 2068 1621 2106; x_wconf 93' lang='lat'>1</span> <span class='ocrx_word' id='word_1_800' title='bbox 1684 2063 1798 2105; x_wconf 89' lang='lat' dir='ltr'><strong>viam</strong></span> <span class='ocrx_word' id='word_1_801' title='bbox 1828 2062 2112 2106; x_wconf 88' lang='lat' dir='ltr'><strong>obstruxerit.</strong></span> <span class='ocrx_word' id='word_1_802' title='bbox 2157 2061 2204 2105; x_wconf 87' lang='lat' dir='ltr'><strong>Si</strong></span> <span class='ocrx_word' id='word_1_803' title='bbox 2227 2074 2330 2105; x_wconf 91' lang='lat' dir='ltr'><strong>vero</strong></span> <span class='ocrx_word' id='word_1_804' title='bbox 2355 2062 2453 2106; x_wconf 91' lang='lat' dir='ltr'><strong>iure</strong></span> <span class='ocrx_word' id='word_1_805' title='bbox 2476 2063 2736 2118; x_wconf 90' lang='lat' dir='ltr'><strong>interposito</strong></span> <span class='ocrx_word' id='word_1_806' title='bbox 2765 2063 2944 2110; x_wconf 91' lang='lat' dir='ltr'><strong>decreto</strong></span> 
     </span>
     <span class='ocr_line' id='line_1_113' title="bbox 1600 2118 2945 2174; baseline 0.003 -12"><span class='ocrx_word' id='word_1_807' title='bbox 1600 2118 1894 2162; x_wconf 90' lang='lat' dir='ltr'><strong>venditionem</strong></span> <span class='ocrx_word' id='word_1_808' title='bbox 1923 2118 1996 2161; x_wconf 90' lang='lat' dir='ltr'><strong>vili</strong></span> <span class='ocrx_word' id='word_1_809' title='bbox 2025 2118 2168 2174; x_wconf 90' lang='lat' dir='ltr'><strong>pretio</strong></span> <span class='ocrx_word' id='word_1_810' title='bbox 2199 2119 2294 2162; x_wconf 89' lang='lat' dir='ltr'><strong>eius</strong></span> <span class='ocrx_word' id='word_1_811' title='bbox 2324 2120 2638 2174; x_wconf 88' lang='lat' dir='ltr'><strong>possessionis,</strong></span> <span class='ocrx_word' id='word_1_812' title='bbox 2677 2120 2802 2164; x_wconf 89' lang='lat' dir='ltr'><strong>cuius</strong></span> <span class='ocrx_word' id='word_1_813' title='bbox 2832 2121 2945 2166; x_wconf 86' lang='lat' dir='ltr'><strong>vires</strong></span> 
     </span>
     <span class='ocr_line' id='line_1_114' title="bbox 1600 2173 2945 2230; baseline 0.003 -13"><span class='ocrx_word' id='word_1_814' title='bbox 1600 2175 1853 2229; x_wconf 88' lang='lat' dir='ltr'><strong>ignorabat,</strong></span> <span class='ocrx_word' id='word_1_815' title='bbox 1892 2173 2020 2227; x_wconf 85' lang='lat' dir='ltr'><strong>fecit,</strong></span> <span class='ocrx_word' id='word_1_816' title='bbox 2059 2174 2189 2218; x_wconf 85' lang='lat' dir='ltr'><strong>iuxta</strong></span> <span class='ocrx_word' id='word_1_817' title='bbox 2226 2175 2431 2230; x_wconf 89' lang='lat' dir='ltr'><strong>perpetui</strong></span> <span class='ocrx_word' id='word_1_818' title='bbox 2470 2176 2602 2219; x_wconf 91' lang='lat' dir='ltr'><strong>edicti</strong></span> <span class='ocrx_word' id='word_1_819' title='bbox 2636 2177 2945 2221; x_wconf 82' lang='lat' dir='ltr'><strong>auctoritatem</strong></span> 
     </span>
     <span class='ocr_line' id='line_1_115' title="bbox 1599 2230 2941 2287; baseline 0.001 -13"><span class='ocrx_word' id='word_1_820' title='bbox 1599 2231 1647 2274; x_wconf 90' lang='lat' dir='ltr'><strong>in</strong></span> <span class='ocrx_word' id='word_1_821' title='bbox 1688 2232 1907 2286; x_wconf 88' lang='lat' dir='ltr'><strong>integrum</strong></span> <span class='ocrx_word' id='word_1_822' title='bbox 1949 2230 2172 2275; x_wconf 86' lang='lat' dir='ltr'><strong>restitutio</strong></span> <span class='ocrx_word' id='word_1_823' title='bbox 2219 2243 2356 2275; x_wconf 88' lang='lat' dir='ltr'><strong>causa</strong></span> <span class='ocrx_word' id='word_1_824' title='bbox 2396 2233 2574 2286; x_wconf 85' lang='lat' dir='ltr'><strong>cognita</strong></span> <span class='ocrx_word' id='word_1_825' title='bbox 2610 2232 2650 2275; x_wconf 92' lang='lat' dir='ltr'><strong>ei</strong></span> <span class='ocrx_word' id='word_1_826' title='bbox 2688 2234 2941 2287; x_wconf 90' lang='lat' dir='ltr'><strong>praebetur.</strong></span> 
     </span>
     <span class='ocr_line' id='line_1_116' title="bbox 1601 2285 2942 2344; baseline 0.002 -14"><span class='ocrx_word' id='word_1_827' title='bbox 1601 2285 1694 2330; x_wconf 88' lang='grc' dir='ltr'><strong>ΡΡ.</strong></span> <span class='ocrx_word' id='word_1_828' title='bbox 1728 2299 1810 2330; x_wconf 78' lang='lat'><strong>111</strong></span> <span class='ocrx_word' id='word_1_829' title='bbox 1834 2285 2001 2330; x_wconf 78' lang='lat' dir='ltr'><strong>lc.Dec.</strong></span> <span class='ocrx_word' id='word_1_830' title='bbox 2032 2287 2144 2344; x_wconf 81' lang='lat' dir='ltr'><strong>ipsis</strong></span> <span class='ocrx_word' id='word_1_831' title='bbox 2175 2299 2267 2330; x_wconf 83' lang='lat' dir='ltr'><em>IIII</em></span> <span class='ocrx_word' id='word_1_832' title='bbox 2292 2292 2338 2331; x_wconf 87' lang='lat' dir='ltr'><strong>et</strong></span> <span class='ocrx_word' id='word_1_833' title='bbox 2367 2298 2436 2330; x_wconf 80' lang='grc' dir='ltr'><strong>ιι]</strong></span> <span class='ocrx_word' id='word_1_834' title='bbox 2447 2288 2539 2332; x_wconf 89' lang='lat' dir='ltr'><strong>AA.</strong></span> <span class='ocrx_word' id='word_1_835' title='bbox 2573 2301 2716 2332; x_wconf 86' lang='lat' dir='ltr'><strong>conss.</strong></span> <span class='ocrx_word' id='word_1_836' title='bbox 2765 2293 2821 2341; x_wconf 87' lang='lat' dir='ltr'><strong>[a.</strong></span> <span class='ocrx_word' id='word_1_837' title='bbox 2845 2293 2942 2342; x_wconf 92' lang='grc'>290]</span> 
     </span>
     <span class='ocr_line' id='line_1_117' title="bbox 1659 2339 2943 2390; baseline 0.001 -2"><span class='ocrx_word' id='word_1_838' title='bbox 1659 2339 1724 2388; x_wconf 83' lang='grc'>12</span> <span class='ocrx_word' id='word_1_839' title='bbox 1759 2340 1922 2386; x_wconf 80' lang='lat' dir='ltr'><strong>¹¹Idem</strong></span> <span class='ocrx_word' id='word_1_840' title='bbox 1950 2342 2043 2386; x_wconf 88' lang='lat' dir='ltr'><strong>AA.</strong></span> <span class='ocrx_word' id='word_1_841' title='bbox 2075 2349 2121 2386; x_wconf 87' lang='lat' dir='ltr'><strong>et</strong></span> <span class='ocrx_word' id='word_1_842' title='bbox 2151 2341 2229 2386; x_wconf 88' lang='lat' dir='ltr'><strong>CC.</strong></span> <span class='ocrx_word' id='word_1_843' title='bbox 2261 2341 2466 2387; x_wconf 82' lang='lat' dir='ltr'><strong>Leontio.</strong></span> <span class='ocrx_word' id='word_1_844' title='bbox 2537 2343 2605 2389; x_wconf 90' lang='lat' dir='ltr'><strong>Ob</strong></span> <span class='ocrx_word' id='word_1_845' title='bbox 2641 2356 2718 2388; x_wconf 91' lang='lat' dir='ltr'><strong>aes</strong></span> <span class='ocrx_word' id='word_1_846' title='bbox 2751 2345 2943 2390; x_wconf 86' lang='lat' dir='ltr'><strong>alienum</strong></span> 
     </span>
     <span class='ocr_line' id='line_1_118' title="bbox 1601 2398 2943 2463; baseline 0.003 -22"><span class='ocrx_word' id='word_1_847' title='bbox 1601 2403 1774 2441; x_wconf 89' lang='lat' dir='ltr'><strong>tantum</strong></span> <span class='ocrx_word' id='word_1_848' title='bbox 1817 2410 1954 2442; x_wconf 90' lang='lat' dir='ltr'><strong>causa</strong></span> <span class='ocrx_word' id='word_1_849' title='bbox 1993 2398 2171 2454; x_wconf 87' lang='lat' dir='ltr'><strong>cognita</strong></span> <span class='ocrx_word' id='word_1_850' title='bbox 2207 2398 2446 2463; x_wconf 87' lang='lat' dir='ltr'><strong>praesidali</strong></span> <span class='ocrx_word' id='word_1_851' title='bbox 2489 2398 2669 2444; x_wconf 87' lang='lat' dir='ltr'><strong>decreto</strong></span> <span class='ocrx_word' id='word_1_852' title='bbox 2713 2401 2943 2456; x_wconf 89' lang='lat' dir='ltr'><strong>praedium</strong></span> 
     </span>
     <span class='ocr_line' id='line_1_119' title="bbox 1600 2454 2940 2512; baseline 0.003 -15"><span class='ocrx_word' id='word_1_853' title='bbox 1600 2455 1816 2497; x_wconf 90' lang='lat' dir='ltr'><strong>rusticum</strong></span> <span class='ocrx_word' id='word_1_854' title='bbox 1868 2454 2052 2498; x_wconf 91' lang='lat' dir='ltr'><strong>minoris</strong></span> <span class='ocrx_word' id='word_1_855' title='bbox 2103 2454 2373 2509; x_wconf 83' lang='lat' dir='ltr'><strong>provinciale</strong></span> <span class='ocrx_word' id='word_1_856' title='bbox 2421 2455 2607 2499; x_wconf 89' lang='lat' dir='ltr'><strong>distrahi</strong></span> <span class='ocrx_word' id='word_1_857' title='bbox 2659 2457 2940 2512; x_wconf 88' lang='lat' dir='ltr'><strong>permittitur.</strong></span> 
     </span>
     <span class='ocr_line' id='line_1_120' title="bbox 1601 2509 2941 2566; baseline 0.003 -13"><span class='ocrx_word' id='word_1_858' title='bbox 1601 2510 1646 2554; x_wconf 89' lang='lat' dir='ltr'><strong>S.</strong></span> <span class='ocrx_word' id='word_1_859' title='bbox 1711 2510 1796 2554; x_wconf 78' lang='lat' dir='ltr'><strong>rid.</strong></span> <span class='ocrx_word' id='word_1_860' title='bbox 1825 2509 1869 2554; x_wconf 81' lang='lat' dir='ltr'><strong>lc.</strong></span> <span class='ocrx_word' id='word_1_861' title='bbox 1899 2509 2009 2555; x_wconf 91' lang='lat' dir='ltr'><strong>Mai.</strong></span> <span class='ocrx_word' id='word_1_862' title='bbox 2042 2509 2286 2554; x_wconf 81' lang='lat' dir='ltr'><strong>Heracliae</strong></span> <span class='ocrx_word' id='word_1_863' title='bbox 2313 2511 2405 2554; x_wconf 92' lang='lat' dir='ltr'><strong>AA.</strong></span> <span class='ocrx_word' id='word_1_864' title='bbox 2437 2524 2580 2555; x_wconf 83' lang='lat' dir='ltr'><strong>conss.</strong></span> <span class='ocrx_word' id='word_1_865' title='bbox 2754 2517 2810 2565; x_wconf 88' lang='lat' dir='ltr'><strong>[a.</strong></span> <span class='ocrx_word' id='word_1_866' title='bbox 2845 2517 2941 2566; x_wconf 84' lang='lat'>293]</span> 
     </span>
     <span class='ocr_line' id='line_1_121' title="bbox 1693 2563 2943 2625; baseline 0.001 -13"><span class='ocrx_word' id='word_1_867' title='bbox 1693 2563 1723 2612; x_wconf 87' lang='grc'><strong>3</strong></span> <span class='ocrx_word' id='word_1_868' title='bbox 1755 2564 1882 2611; x_wconf 84' lang='lat' dir='ltr'><strong>Idem</strong></span> <span class='ocrx_word' id='word_1_869' title='bbox 1910 2567 2002 2610; x_wconf 89' lang='lat' dir='ltr'><strong>AA.</strong></span> <span class='ocrx_word' id='word_1_870' title='bbox 2034 2572 2079 2610; x_wconf 84' lang='lat' dir='ltr'><strong>et</strong></span> <span class='ocrx_word' id='word_1_871' title='bbox 2110 2566 2187 2611; x_wconf 86' lang='lat' dir='ltr'><strong>CC.</strong></span> <span class='ocrx_word' id='word_1_872' title='bbox 2219 2565 2493 2610; x_wconf 88' lang='lat' dir='ltr'><strong>Zenonillae.</strong></span> <span class='ocrx_word' id='word_1_873' title='bbox 2553 2567 2702 2611; x_wconf 85' lang='lat' dir='ltr'><strong>Etiam</strong></span> <span class='ocrx_word' id='word_1_874' title='bbox 2731 2569 2943 2625; x_wconf 86' lang='lat' dir='ltr'><strong>vectigale</strong></span> 
     </span>
     <span class='ocr_line' id='line_1_122' title="bbox 1600 2622 2944 2680; baseline 0.003 -14"><span class='ocrx_word' id='word_1_875' title='bbox 1600 2623 1667 2666; x_wconf 90' lang='lat' dir='ltr'><strong>vel</strong></span> <span class='ocrx_word' id='word_1_876' title='bbox 1707 2622 2016 2678; x_wconf 89' lang='lat' dir='ltr'><strong>patrimoniale</strong></span> <span class='ocrx_word' id='word_1_877' title='bbox 2055 2622 2145 2666; x_wconf 88' lang='lat' dir='ltr'><strong>sive</strong></span> <span class='ocrx_word' id='word_1_878' title='bbox 2185 2622 2557 2678; x_wconf 82' lang='lat' dir='ltr'><strong>emphyteuticum</strong></span> <span class='ocrx_word' id='word_1_879' title='bbox 2587 2624 2820 2680; x_wconf 88' lang='lat' dir='ltr'><strong>praedium</strong></span> <span class='ocrx_word' id='word_1_880' title='bbox 2849 2626 2944 2670; x_wconf 89' lang='lat' dir='ltr'><strong>sine</strong></span> 
     </span>
     <span class='ocr_line' id='line_1_123' title="bbox 1600 2677 2944 2740; baseline 0.003 -19"><span class='ocrx_word' id='word_1_881' title='bbox 1600 2678 1780 2723; x_wconf 88' lang='lat' dir='ltr'><strong>decreto</strong></span> <span class='ocrx_word' id='word_1_882' title='bbox 1795 2679 2020 2734; x_wconf 71' lang='lat' dir='ltr'><strong>lpraesidis</strong></span> <span class='ocrx_word' id='word_1_883' title='bbox 2045 2677 2234 2722; x_wconf 89' lang='lat' dir='ltr'><strong>distrahi</strong></span> <span class='ocrx_word' id='word_1_884' title='bbox 2251 2678 2476 2722; x_wconf 90' lang='lat' dir='ltr'><strong>nonlicet.</strong></span> <span class='ocrx_word' id='word_1_885' title='bbox 2522 2678 2567 2722; x_wconf 88' lang='lat' dir='ltr'><strong>S.</strong></span> <span class='ocrx_word' id='word_1_886' title='bbox 2595 2691 2689 2723; x_wconf 79' lang='lat' dir='ltr'><strong>VIII</strong></span> <span class='ocrx_word' id='word_1_887' title='bbox 2714 2680 2758 2724; x_wconf 83' lang='lat' dir='ltr'><strong>lc.</strong></span> <span class='ocrx_word' id='word_1_888' title='bbox 2778 2680 2944 2740; x_wconf 86' lang='lat' dir='ltr'><strong>Sept.¹²</strong></span> 
     </span>
     <span class='ocr_line' id='line_1_124' title="bbox 1601 2733 2941 2790; baseline 0.003 -13"><span class='ocrx_word' id='word_1_889' title='bbox 1601 2733 1738 2778; x_wconf 88' lang='lat' dir='ltr'><strong>Sirmi</strong></span> <span class='ocrx_word' id='word_1_890' title='bbox 1766 2736 1859 2778; x_wconf 88' lang='lat' dir='ltr'><strong>AA.</strong></span> <span class='ocrx_word' id='word_1_891' title='bbox 1891 2748 2035 2778; x_wconf 79' lang='lat' dir='ltr'><strong>conss,</strong></span> <span class='ocrx_word' id='word_1_892' title='bbox 2753 2741 2811 2789; x_wconf 89' lang='lat' dir='ltr'><strong>[a.</strong></span> <span class='ocrx_word' id='word_1_893' title='bbox 2843 2740 2941 2790; x_wconf 83' lang='lat'>293]</span> 
     </span>
     <span class='ocr_line' id='line_1_125' title="bbox 1658 2788 2942 2849; baseline 0.002 -14"><span class='ocrx_word' id='word_1_894' title='bbox 1658 2789 1722 2836; x_wconf 87' lang='grc'><strong>14</strong></span> <span class='ocrx_word' id='word_1_895' title='bbox 1755 2788 1879 2834; x_wconf 88' lang='lat' dir='ltr'><strong>Idem</strong></span> <span class='ocrx_word' id='word_1_896' title='bbox 1907 2790 2000 2834; x_wconf 90' lang='lat' dir='ltr'><strong>AA.</strong></span> <span class='ocrx_word' id='word_1_897' title='bbox 2034 2795 2079 2834; x_wconf 87' lang='lat' dir='ltr'><strong>et</strong></span> <span class='ocrx_word' id='word_1_898' title='bbox 2109 2789 2187 2834; x_wconf 88' lang='lat' dir='ltr'><strong>CC.</strong></span> <span class='ocrx_word' id='word_1_899' title='bbox 2219 2789 2445 2834; x_wconf 60' lang='lat' dir='ltr'><strong>Montoni</strong></span> <span class='ocrx_word' id='word_1_900' title='bbox 2460 2791 2505 2835; x_wconf 87' lang='lat'><strong>¹³.</strong></span> <span class='ocrx_word' id='word_1_901' title='bbox 2565 2790 2700 2836; x_wconf 88' lang='lat' dir='ltr'><strong>Utere</strong></span> <span class='ocrx_word' id='word_1_902' title='bbox 2729 2792 2810 2836; x_wconf 88' lang='lat' dir='ltr'><strong>viri</strong></span> <span class='ocrx_word' id='word_1_903' title='bbox 2836 2807 2942 2849; x_wconf 91' lang='lat' dir='ltr'><strong>pru-</strong></span> 
     </span>
     <span class='ocr_line' id='line_1_126' title="bbox 1599 2846 2943 2905; baseline 0.003 -16"><span class='ocrx_word' id='word_1_904' title='bbox 1599 2846 1844 2890; x_wconf 88' lang='lat' dir='ltr'><strong>dentissimi</strong></span> <span class='ocrx_word' id='word_1_905' title='bbox 1868 2846 2104 2902; x_wconf 90' lang='lat' dir='ltr'><strong>Papiniani</strong></span> <span class='ocrx_word' id='word_1_906' title='bbox 2133 2858 2347 2903; x_wconf 90' lang='lat' dir='ltr'><strong>responso</strong></span> <span class='ocrx_word' id='word_1_907' title='bbox 2380 2849 2725 2904; x_wconf 89' lang='lat' dir='ltr'><strong>ceterorumque,</strong></span> <span class='ocrx_word' id='word_1_908' title='bbox 2758 2862 2943 2905; x_wconf 90' lang='lat' dir='ltr'><strong>quorum</strong></span> 
     </span>
     <span class='ocr_line' id='line_1_127' title="bbox 1599 2902 2943 2958; baseline 0.003 -13"><span class='ocrx_word' id='word_1_909' title='bbox 1599 2903 1806 2958; x_wconf 89' lang='lat' dir='ltr'><strong>precibus</strong></span> <span class='ocrx_word' id='word_1_910' title='bbox 1835 2902 1982 2946; x_wconf 87' lang='lat' dir='ltr'><strong>fecisti</strong></span> <span class='ocrx_word' id='word_1_911' title='bbox 2018 2903 2308 2957; x_wconf 87' lang='lat' dir='ltr'><strong>mentionem,</strong></span> <span class='ocrx_word' id='word_1_912' title='bbox 2348 2903 2576 2948; x_wconf 88' lang='lat' dir='ltr'><strong>sententiis</strong></span> <span class='ocrx_word' id='word_1_913' title='bbox 2618 2917 2671 2948; x_wconf 91' lang='lat' dir='ltr'><strong>ac</strong></span> <span class='ocrx_word' id='word_1_914' title='bbox 2709 2904 2800 2949; x_wconf 91' lang='lat' dir='ltr'><strong>doli</strong></span> <span class='ocrx_word' id='word_1_915' title='bbox 2839 2906 2943 2949; x_wconf 88' lang='lat' dir='ltr'><strong>mali</strong></span> 
     </span>
     <span class='ocr_line' id='line_1_128' title="bbox 1600 2959 2942 3015; baseline 0.003 -13"><span class='ocrx_word' id='word_1_916' title='bbox 1600 2959 1904 3015; x_wconf 87' lang='lat' dir='ltr'><strong>exceptionem</strong></span> <span class='ocrx_word' id='word_1_917' title='bbox 1935 2971 2122 3015; x_wconf 91' lang='lat' dir='ltr'><strong>oppone,</strong></span> <span class='ocrx_word' id='word_1_918' title='bbox 2151 2959 2344 3015; x_wconf 92' lang='lat' dir='ltr'><strong>pretium</strong></span> <span class='ocrx_word' id='word_1_919' title='bbox 2374 2960 2431 3003; x_wconf 92' lang='lat' dir='ltr'><strong>ob</strong></span> <span class='ocrx_word' id='word_1_920' title='bbox 2463 2973 2615 3003; x_wconf 90' lang='lat' dir='ltr'><strong>eorum</strong></span> <span class='ocrx_word' id='word_1_921' title='bbox 2644 2960 2840 3004; x_wconf 91' lang='lat' dir='ltr'><strong>debitum</strong></span> <span class='ocrx_word' id='word_1_922' title='bbox 2869 2975 2942 3006; x_wconf 91' lang='lat' dir='ltr'><strong>so-</strong></span> 
     </span>
     <span class='ocr_line' id='line_1_129' title="bbox 1599 3016 2941 3071; baseline 0.004 -14"><span class='ocrx_word' id='word_1_923' title='bbox 1599 3016 1740 3059; x_wconf 90' lang='lat' dir='ltr'><strong>lutum</strong></span> <span class='ocrx_word' id='word_1_924' title='bbox 1779 3016 2001 3070; x_wconf 84' lang='lat' dir='ltr'><strong>probans,</strong></span> <span class='ocrx_word' id='word_1_925' title='bbox 2040 3016 2078 3058; x_wconf 89' lang='lat' dir='ltr'><strong>si</strong></span> <span class='ocrx_word' id='word_1_926' title='bbox 2117 3020 2282 3059; x_wconf 88' lang='lat' dir='ltr'><strong>sortem</strong></span> <span class='ocrx_word' id='word_1_927' title='bbox 2318 3028 2418 3058; x_wconf 93' lang='lat' dir='ltr'><strong>cum</strong></span> <span class='ocrx_word' id='word_1_928' title='bbox 2458 3016 2627 3070; x_wconf 90' lang='lat' dir='ltr'><strong>usuris,</strong></span> <span class='ocrx_word' id='word_1_929' title='bbox 2675 3029 2788 3071; x_wconf 88' lang='lat' dir='ltr'><strong>quae</strong></span> <span class='ocrx_word' id='word_1_930' title='bbox 2830 3017 2941 3062; x_wconf 88' lang='lat' dir='ltr'><strong>fisco</strong></span> 
     </span>
     <span class='ocr_line' id='line_1_130' title="bbox 1600 3071 2941 3127; baseline 0.001 -13"><span class='ocrx_word' id='word_1_931' title='bbox 1600 3071 1876 3124; x_wconf 88' lang='lat' dir='ltr'><strong>deberentur,</strong></span> <span class='ocrx_word' id='word_1_932' title='bbox 1907 3071 2064 3127; x_wconf 91' lang='lat' dir='ltr'><strong>pupilli</strong></span> <span class='ocrx_word' id='word_1_933' title='bbox 2093 3084 2183 3114; x_wconf 92' lang='lat' dir='ltr'><strong>non</strong></span> <span class='ocrx_word' id='word_1_934' title='bbox 2208 3071 2440 3115; x_wconf 86' lang='lat' dir='ltr'><strong>offerentes</strong></span> <span class='ocrx_word' id='word_1_935' title='bbox 2465 3071 2628 3115; x_wconf 85' lang='lat' dir='ltr'><strong>fundos</strong></span> <span class='ocrx_word' id='word_1_936' title='bbox 2646 3073 2941 3127; x_wconf 88' lang='lat' dir='ltr'><strong>provinciales</strong></span> 
     </span>
     <span class='ocr_line' id='line_1_131' title="bbox 1599 3126 2940 3182; baseline 0.002 -12"><span class='ocrx_word' id='word_1_937' title='bbox 1599 3127 1713 3171; x_wconf 88' lang='lat' dir='ltr'><strong>citra</strong></span> <span class='ocrx_word' id='word_1_938' title='bbox 1751 3127 1976 3171; x_wconf 89' lang='lat' dir='ltr'><strong>decretum</strong></span> <span class='ocrx_word' id='word_1_939' title='bbox 2013 3126 2232 3182; x_wconf 88' lang='lat' dir='ltr'><strong>praesidis</strong></span> <span class='ocrx_word' id='word_1_940' title='bbox 2261 3126 2551 3170; x_wconf 85' lang='lat' dir='ltr'><strong>venumdatos</strong></span> <span class='ocrx_word' id='word_1_941' title='bbox 2589 3140 2690 3170; x_wconf 93' lang='lat' dir='ltr'><strong>cum</strong></span> <span class='ocrx_word' id='word_1_942' title='bbox 2718 3127 2940 3173; x_wconf 86' lang='lat' dir='ltr'><strong>fructibus</strong></span> 
     </span>
     <span class='ocr_line' id='line_1_132' title="bbox 1599 3181 2939 3239; baseline 0.001 -13"><span class='ocrx_word' id='word_1_943' title='bbox 1599 3185 1766 3239; x_wconf 90' lang='lat' dir='ltr'><strong>petant.</strong></span> <span class='ocrx_word' id='word_1_944' title='bbox 1829 3181 1874 3226; x_wconf 82' lang='lat' dir='ltr'><strong>S.</strong></span> <span class='ocrx_word' id='word_1_945' title='bbox 1907 3184 2092 3225; x_wconf 64' lang='lat'><strong>,1171111‘</strong></span> <span class='ocrx_word' id='word_1_946' title='bbox 2120 3181 2164 3225; x_wconf 79' lang='lat' dir='ltr'><strong>lc.</strong></span> <span class='ocrx_word' id='word_1_947' title='bbox 2195 3181 2301 3226; x_wconf 83' lang='lat' dir='ltr'><strong>Dec.</strong></span> <span class='ocrx_word' id='word_1_948' title='bbox 2333 3183 2426 3226; x_wconf 80' lang='lat' dir='ltr'><strong>AA.</strong></span> <span class='ocrx_word' id='word_1_949' title='bbox 2458 3195 2602 3226; x_wconf 82' lang='lat' dir='ltr'><strong>conss.</strong></span> <span class='ocrx_word' id='word_1_950' title='bbox 2751 3188 2808 3236; x_wconf 89' lang='lat' dir='ltr'><strong>[a.</strong></span> <span class='ocrx_word' id='word_1_951' title='bbox 2841 3188 2939 3237; x_wconf 92' lang='grc'>293]</span> 
     </span>
     <span class='ocr_line' id='line_1_133' title="bbox 1657 3235 2941 3296; baseline 0.001 -13"><span class='ocrx_word' id='word_1_952' title='bbox 1657 3237 1718 3283; x_wconf 86' lang='grc'><strong>15</strong></span> <span class='ocrx_word' id='word_1_953' title='bbox 1752 3237 1877 3281; x_wconf 85' lang='lat' dir='ltr'><strong>Idem</strong></span> <span class='ocrx_word' id='word_1_954' title='bbox 1905 3237 1998 3281; x_wconf 90' lang='lat' dir='ltr'><strong>AA.</strong></span> <span class='ocrx_word' id='word_1_955' title='bbox 2039 3243 2085 3281; x_wconf 91' lang='lat' dir='ltr'><strong>et</strong></span> <span class='ocrx_word' id='word_1_956' title='bbox 2123 3235 2201 3281; x_wconf 86' lang='lat' dir='ltr'><strong>CC.</strong></span> <span class='ocrx_word' id='word_1_957' title='bbox 2234 3236 2441 3282; x_wconf 86' lang='lat' dir='ltr'><strong>Sabinae.</strong></span> <span class='ocrx_word' id='word_1_958' title='bbox 2516 3238 2562 3281; x_wconf 90' lang='lat' dir='ltr'><strong>Si</strong></span> <span class='ocrx_word' id='word_1_959' title='bbox 2604 3239 2747 3283; x_wconf 90' lang='lat' dir='ltr'><strong>minor</strong></span> <span class='ocrx_word' id='word_1_960' title='bbox 2788 3240 2941 3296; x_wconf 80' lang='lat' dir='ltr'><strong>viginti</strong></span> 
     </span>
     <span class='ocr_line' id='line_1_134' title="bbox 1597 3292 2938 3349; baseline 0.003 -12"><span class='ocrx_word' id='word_1_961' title='bbox 1597 3293 1789 3349; x_wconf 88' lang='lat' dir='ltr'><strong>quinque</strong></span> <span class='ocrx_word' id='word_1_962' title='bbox 1827 3293 1954 3336; x_wconf 88' lang='lat' dir='ltr'><strong>annis</strong></span> <span class='ocrx_word' id='word_1_963' title='bbox 1992 3292 2222 3348; x_wconf 87' lang='lat' dir='ltr'><strong>praedium</strong></span> <span class='ocrx_word' id='word_1_964' title='bbox 2262 3293 2498 3345; x_wconf 89' lang='lat' dir='ltr'><strong>rusticum,</strong></span> <span class='ocrx_word' id='word_1_965' title='bbox 2528 3307 2628 3338; x_wconf 89' lang='lat' dir='ltr'><strong>cum</strong></span> <span class='ocrx_word' id='word_1_966' title='bbox 2657 3295 2779 3339; x_wconf 89' lang='lat' dir='ltr'><strong>aliud</strong></span> <span class='ocrx_word' id='word_1_967' title='bbox 2807 3296 2938 3341; x_wconf 88' lang='lat' dir='ltr'><strong>debe·</strong></span> 
     </span>
     <span class='ocr_line' id='line_1_135' title="bbox 1598 3349 2939 3404; baseline 0.004 -12"><span class='ocrx_word' id='word_1_968' title='bbox 1598 3362 1681 3400; x_wconf 90' lang='lat' dir='ltr'><strong>res,</strong></span> <span class='ocrx_word' id='word_1_969' title='bbox 1714 3349 1807 3392; x_wconf 90' lang='lat' dir='ltr'><strong>sine</strong></span> <span class='ocrx_word' id='word_1_970' title='bbox 1836 3349 2014 3392; x_wconf 89' lang='lat' dir='ltr'><strong>decreto</strong></span> <span class='ocrx_word' id='word_1_971' title='bbox 2045 3350 2091 3392; x_wconf 91' lang='lat' dir='ltr'><strong>in</strong></span> <span class='ocrx_word' id='word_1_972' title='bbox 2121 3350 2316 3393; x_wconf 89' lang='lat' dir='ltr'><strong>solutum</strong></span> <span class='ocrx_word' id='word_1_973' title='bbox 2352 3349 2531 3404; x_wconf 87' lang='lat' dir='ltr'><strong>dedisti,</strong></span> <span class='ocrx_word' id='word_1_974' title='bbox 2569 3350 2810 3396; x_wconf 91' lang='lat' dir='ltr'><strong>dominium</strong></span> <span class='ocrx_word' id='word_1_975' title='bbox 2838 3365 2865 3396; x_wconf 87' lang='lat' dir='ltr'><strong>a</strong></span> <span class='ocrx_word' id='word_1_976' title='bbox 2894 3356 2939 3397; x_wconf 89' lang='lat' dir='ltr'><strong>te</strong></span> 
     </span>
     <span class='ocr_line' id='line_1_136' title="bbox 1597 3404 2936 3460; baseline 0.002 -12"><span class='ocrx_word' id='word_1_977' title='bbox 1597 3405 1822 3449; x_wconf 90' lang='lat' dir='ltr'><strong>discedere</strong></span> <span class='ocrx_word' id='word_1_978' title='bbox 1860 3417 1950 3448; x_wconf 91' lang='lat' dir='ltr'><strong>non</strong></span> <span class='ocrx_word' id='word_1_979' title='bbox 1986 3404 2186 3460; x_wconf 87' lang='lat' dir='ltr'><strong>permisit</strong></span> <span class='ocrx_word' id='word_1_980' title='bbox 2225 3407 2408 3450; x_wconf 87' lang='lat' dir='ltr'><strong>senatus</strong></span> <span class='ocrx_word' id='word_1_981' title='bbox 2448 3408 2640 3451; x_wconf 87' lang='lat' dir='ltr'><strong>consulti</strong></span> <span class='ocrx_word' id='word_1_982' title='bbox 2678 3408 2936 3453; x_wconf 89' lang='lat' dir='ltr'><strong>auctoritas.</strong></span> 
     </span>
     <span class='ocr_line' id='line_1_137' title="bbox 1597 3459 2937 3517; baseline 0.004 -13"><span class='ocrx_word' id='word_1_983' title='bbox 1597 3462 1642 3504; x_wconf 88' lang='lat' dir='ltr'><strong>S.</strong></span> <span class='ocrx_word' id='word_1_984' title='bbox 1682 3472 1778 3504; x_wconf 71' lang='grc' dir='ltr'><strong>ΠΙ]</strong></span> <span class='ocrx_word' id='word_1_985' title='bbox 1803 3459 1845 3504; x_wconf 77' lang='lat' dir='ltr'><strong>lc.</strong></span> <span class='ocrx_word' id='word_1_986' title='bbox 1877 3459 1983 3504; x_wconf 85' lang='lat' dir='ltr'><strong>Dee.</strong></span> <span class='ocrx_word' id='word_1_987' title='bbox 2014 3461 2282 3507; x_wconf 71' lang='lat' dir='ltr'><strong>AA..conss.</strong></span> <span class='ocrx_word' id='word_1_988' title='bbox 2749 3469 2807 3517; x_wconf 85' lang='lat' dir='ltr'><strong>[a.</strong></span> <span class='ocrx_word' id='word_1_989' title='bbox 2840 3468 2937 3517; x_wconf 89' lang='grc'>293]</span> 
     </span>
     <span class='ocr_line' id='line_1_138' title="bbox 1654 3513 2939 3576; baseline 0.002 -14"><span class='ocrx_word' id='word_1_990' title='bbox 1654 3513 1719 3562; x_wconf 88' lang='grc'><strong>16</strong></span> <span class='ocrx_word' id='word_1_991' title='bbox 1763 3514 1891 3561; x_wconf 89' lang='lat' dir='ltr'><strong>Idem</strong></span> <span class='ocrx_word' id='word_1_992' title='bbox 1931 3516 2024 3559; x_wconf 86' lang='lat' dir='ltr'><strong>AA.</strong></span> <span class='ocrx_word' id='word_1_993' title='bbox 2070 3521 2116 3560; x_wconf 87' lang='lat' dir='ltr'><strong>et</strong></span> <span class='ocrx_word' id='word_1_994' title='bbox 2157 3515 2235 3562; x_wconf 85' lang='lat' dir='ltr'><strong>CC.</strong></span> <span class='ocrx_word' id='word_1_995' title='bbox 2281 3515 2378 3561; x_wconf 84' lang='lat' dir='ltr'><strong>Eut</strong></span> <span class='ocrx_word' id='word_1_996' title='bbox 2409 3517 2547 3562; x_wconf 72' lang='lat' dir='ltr'><strong>aliiae.</strong></span> <span class='ocrx_word' id='word_1_997' title='bbox 2622 3519 2670 3563; x_wconf 88' lang='lat' dir='ltr'><strong>Si</strong></span> <span class='ocrx_word' id='word_1_998' title='bbox 2708 3521 2939 3576; x_wconf 89' lang='lat' dir='ltr'><strong>praedium</strong></span> 
     </span>
     <span class='ocr_line' id='line_1_139' title="bbox 1596 3572 2937 3630; baseline 0.005 -16"><span class='ocrx_word' id='word_1_999' title='bbox 1596 3572 1811 3616; x_wconf 90' lang='lat' dir='ltr'><strong>rusticum</strong></span> <span class='ocrx_word' id='word_1_1000' title='bbox 1836 3572 1903 3615; x_wconf 92' lang='lat' dir='ltr'><strong>vel</strong></span> <span class='ocrx_word' id='word_1_1001' title='bbox 1933 3572 2249 3625; x_wconf 85' lang='lat' dir='ltr'><strong>suburbanum,</strong></span> <span class='ocrx_word' id='word_1_1002' title='bbox 2281 3586 2366 3628; x_wconf 92' lang='lat' dir='ltr'><strong>quo</strong></span> <span class='ocrx_word' id='word_1_1003' title='bbox 2423 3574 2481 3617; x_wconf 89' lang='lat' dir='ltr'><strong>ab</strong></span> <span class='ocrx_word' id='word_1_1004' title='bbox 2507 3575 2690 3620; x_wconf 89' lang='lat' dir='ltr'><strong>urbanis</strong></span> <span class='ocrx_word' id='word_1_1005' title='bbox 2713 3589 2802 3620; x_wconf 89' lang='lat' dir='ltr'><strong>non</strong></span> <span class='ocrx_word' id='word_1_1006' title='bbox 2824 3577 2937 3630; x_wconf 89' lang='lat' dir='ltr'><strong>loco,</strong></span> 
     </span>
     <span class='ocr_line' id='line_1_140' title="bbox 1598 3628 2937 3686; baseline 0.004 -16"><span class='ocrx_word' id='word_1_1007' title='bbox 1598 3628 1676 3671; x_wconf 87' lang='lat' dir='ltr'><strong>sed</strong></span> <span class='ocrx_word' id='word_1_1008' title='bbox 1715 3628 1928 3683; x_wconf 88' lang='lat' dir='ltr'><strong>qualitate</strong></span> <span class='ocrx_word' id='word_1_1009' title='bbox 1964 3629 2232 3681; x_wconf 88' lang='lat' dir='ltr'><strong>secernitur,</strong></span> <span class='ocrx_word' id='word_1_1010' title='bbox 2272 3630 2318 3672; x_wconf 93' lang='lat' dir='ltr'><strong>in</strong></span> <span class='ocrx_word' id='word_1_1011' title='bbox 2357 3630 2568 3686; x_wconf 89' lang='lat' dir='ltr'><strong>pupillari</strong></span> <span class='ocrx_word' id='word_1_1012' title='bbox 2598 3635 2744 3676; x_wconf 86' lang='lat' dir='ltr'><strong>aetate</strong></span> <span class='ocrx_word' id='word_1_1013' title='bbox 2773 3633 2937 3676; x_wconf 87' lang='lat' dir='ltr'><strong>consti-</strong></span> 
     </span>
     <span class='ocr_line' id='line_1_141' title="bbox 1596 3685 2936 3743; baseline 0.003 -16"><span class='ocrx_word' id='word_1_1014' title='bbox 1596 3687 1694 3727; x_wconf 91' lang='lat' dir='ltr'><strong>tuta</strong></span> <span class='ocrx_word' id='word_1_1015' title='bbox 1734 3689 1884 3728; x_wconf 88' lang='lat' dir='ltr'><strong>tutore</strong></span> <span class='ocrx_word' id='word_1_1016' title='bbox 1923 3689 2104 3728; x_wconf 91' lang='lat' dir='ltr'><strong>auctore</strong></span> <span class='ocrx_word' id='word_1_1017' title='bbox 2132 3686 2201 3728; x_wconf 90' lang='lat' dir='ltr'><strong>vel</strong></span> <span class='ocrx_word' id='word_1_1018' title='bbox 2239 3685 2393 3729; x_wconf 82' lang='lat' dir='ltr'><strong>adulta</strong></span> <span class='ocrx_word' id='word_1_1019' title='bbox 2429 3686 2525 3730; x_wconf 92' lang='lat' dir='ltr'><strong>sine</strong></span> <span class='ocrx_word' id='word_1_1020' title='bbox 2564 3686 2742 3731; x_wconf 90' lang='lat' dir='ltr'><strong>decreto</strong></span> <span class='ocrx_word' id='word_1_1021' title='bbox 2770 3688 2936 3743; x_wconf 82' lang='lat' dir='ltr'><strong>praesi-</strong></span> 
     </span>
     <span class='ocr_line' id='line_1_142' title="bbox 1597 3740 2935 3797; baseline 0.003 -14"><span class='ocrx_word' id='word_1_1022' title='bbox 1597 3740 1702 3783; x_wconf 89' lang='lat' dir='ltr'><strong>sidis</strong></span> <span class='ocrx_word' id='word_1_1023' title='bbox 1731 3740 1986 3795; x_wconf 88' lang='lat' dir='ltr'><strong>provinciae</strong></span> <span class='ocrx_word' id='word_1_1024' title='bbox 2022 3740 2069 3783; x_wconf 90' lang='lat' dir='ltr'><strong>in</strong></span> <span class='ocrx_word' id='word_1_1025' title='bbox 2109 3754 2196 3797; x_wconf 90' lang='lat' dir='ltr'><strong>qua</strong></span> <span class='ocrx_word' id='word_1_1026' title='bbox 2226 3742 2360 3785; x_wconf 93' lang='lat' dir='ltr'><strong>situm</strong></span> <span class='ocrx_word' id='word_1_1027' title='bbox 2389 3745 2459 3785; x_wconf 91' lang='lat' dir='ltr'><strong>est</strong></span> <span class='ocrx_word' id='word_1_1028' title='bbox 2486 3743 2828 3796; x_wconf 88' lang='lat' dir='ltr'><strong>venumdedisti‚</strong></span> <span class='ocrx_word' id='word_1_1029' title='bbox 2865 3754 2935 3787; x_wconf 87' lang='lat' dir='ltr'><strong>se-</strong></span> 
     </span>
     <span class='ocr_line' id='line_1_143' title="bbox 1597 3795 2935 3843; baseline 0.002 -3"><span class='ocrx_word' id='word_1_1030' title='bbox 1597 3795 1788 3840; x_wconf 88' lang='lat' dir='ltr'><strong>cundum</strong></span> <span class='ocrx_word' id='word_1_1031' title='bbox 1829 3795 2091 3840; x_wconf 87' lang='lat' dir='ltr'><strong>sententiam</strong></span> <span class='ocrx_word' id='word_1_1032' title='bbox 2127 3801 2306 3841; x_wconf 91' lang='lat' dir='ltr'><strong>senatus</strong></span> <span class='ocrx_word' id='word_1_1033' title='bbox 2348 3798 2539 3841; x_wconf 91' lang='lat' dir='ltr'><strong>consulti</strong></span> <span class='ocrx_word' id='word_1_1034' title='bbox 2574 3798 2812 3843; x_wconf 92' lang='lat' dir='ltr'><strong>dominium</strong></span> <span class='ocrx_word' id='word_1_1035' title='bbox 2842 3799 2935 3843; x_wconf 88' lang='lat' dir='ltr'><strong>eius</strong></span> 
     </span>
     <span class='ocr_line' id='line_1_144' title="bbox 1595 3851 2936 3908; baseline 0.001 -13"><span class='ocrx_word' id='word_1_1036' title='bbox 1595 3851 1685 3895; x_wconf 91' lang='lat' dir='ltr'><strong>sive</strong></span> <span class='ocrx_word' id='word_1_1037' title='bbox 1714 3851 1782 3894; x_wconf 90' lang='lat' dir='ltr'><strong>ius</strong></span> <span class='ocrx_word' id='word_1_1038' title='bbox 1814 3865 1841 3894; x_wconf 91' lang='lat' dir='ltr'><strong>a</strong></span> <span class='ocrx_word' id='word_1_1039' title='bbox 1869 3856 1913 3895; x_wconf 89' lang='lat' dir='ltr'><strong>te</strong></span> <span class='ocrx_word' id='word_1_1040' title='bbox 1942 3851 2169 3897; x_wconf 90' lang='lat' dir='ltr'><strong>discedere</strong></span> <span class='ocrx_word' id='word_1_1041' title='bbox 2192 3866 2282 3897; x_wconf 90' lang='lat' dir='ltr'><strong>non</strong></span> <span class='ocrx_word' id='word_1_1042' title='bbox 2305 3853 2464 3908; x_wconf 89' lang='lat' dir='ltr'><strong>potuit,</strong></span> <span class='ocrx_word' id='word_1_1043' title='bbox 2495 3853 2575 3897; x_wconf 89' lang='lat' dir='ltr'><strong>sed</strong></span> <span class='ocrx_word' id='word_1_1044' title='bbox 2598 3854 2936 3898; x_wconf 87' lang='lat' dir='ltr'><strong>vindicationem</strong></span> 
     </span>
     <span class='ocr_line' id='line_1_145' title="bbox 1596 3907 2933 3960; baseline 0.002 -10"><span class='ocrx_word' id='word_1_1045' title='bbox 1596 3907 1690 3951; x_wconf 92' lang='lat' dir='ltr'><strong>eius</strong></span> <span class='ocrx_word' id='word_1_1046' title='bbox 1722 3913 1765 3951; x_wconf 89' lang='lat' dir='ltr'><strong>et</strong></span> <span class='ocrx_word' id='word_1_1047' title='bbox 1792 3907 2031 3960; x_wconf 86' lang='lat' dir='ltr'><strong>fructuum,</strong></span> <span class='ocrx_word' id='word_1_1048' title='bbox 2062 3909 2130 3952; x_wconf 89' lang='lat' dir='ltr'><strong>vel</strong></span> <span class='ocrx_word' id='word_1_1049' title='bbox 2157 3908 2227 3953; x_wconf 89' lang='lat' dir='ltr'><strong>his</strong></span> <span class='ocrx_word' id='word_1_1050' title='bbox 2257 3922 2347 3952; x_wconf 93' lang='lat' dir='ltr'><strong>non</strong></span> <span class='ocrx_word' id='word_1_1051' title='bbox 2375 3909 2664 3952; x_wconf 89' lang='lat' dir='ltr'><strong>existentibus</strong></span> <span class='ocrx_word' id='word_1_1052' title='bbox 2695 3909 2933 3954; x_wconf 89' lang='lat' dir='ltr'><strong>condictio-</strong></span> 
     </span>
     <span class='ocr_line' id='line_1_146' title="bbox 1601 3964 2934 4021; baseline 0.002 -15"><span class='ocrx_word' id='word_1_1053' title='bbox 1601 3968 1617 4006; x_wconf 82' lang='lat' dir='ltr'><strong>l</strong></span> <span class='ocrx_word' id='word_1_1054' title='bbox 1680 3976 1779 4007; x_wconf 90' lang='lat' dir='ltr'><strong>nem</strong></span> <span class='ocrx_word' id='word_1_1055' title='bbox 1809 3966 2061 4018; x_wconf 89' lang='lat' dir='ltr'><strong>competere</strong></span> <span class='ocrx_word' id='word_1_1056' title='bbox 2091 3965 2301 4010; x_wconf 88' lang='lat' dir='ltr'><strong>constitit.</strong></span> <span class='ocrx_word' id='word_1_1057' title='bbox 2370 3964 2560 4020; x_wconf 88' lang='lat' dir='ltr'><strong>Emptor</strong></span> <span class='ocrx_word' id='word_1_1058' title='bbox 2589 3969 2734 4007; x_wconf 88' lang='lat' dir='ltr'><strong>autem</strong></span> <span class='ocrx_word' id='word_1_1059' title='bbox 2762 3964 2802 4008; x_wconf 89' lang='lat' dir='ltr'><strong>si</strong></span> <span class='ocrx_word' id='word_1_1060' title='bbox 2828 3977 2934 4021; x_wconf 88' lang='lat' dir='ltr'><strong>pro·</strong></span> 
     </span>
     <span class='ocr_line' id='line_1_147' title="bbox 1594 4019 2935 4084; baseline 0.003 -22"><span class='ocrx_word' id='word_1_1061' title='bbox 1594 4019 1704 4062; x_wconf 88' lang='lat' dir='ltr'><strong>bare</strong></span> <span class='ocrx_word' id='word_1_1062' title='bbox 1745 4019 1941 4084; x_wconf 87' lang='lat' dir='ltr'><strong>potuerit</strong></span> <span class='ocrx_word' id='word_1_1063' title='bbox 1996 4031 2051 4063; x_wconf 90' lang='lat' dir='ltr'><strong>ex</strong></span> <span class='ocrx_word' id='word_1_1064' title='bbox 2103 4021 2262 4065; x_wconf 88' lang='lat' dir='ltr'><strong>ceteris</strong></span> <span class='ocrx_word' id='word_1_1065' title='bbox 2306 4020 2594 4063; x_wconf 84' lang='lat' dir='ltr'><strong>facultatibus</strong></span> <span class='ocrx_word' id='word_1_1066' title='bbox 2640 4020 2847 4064; x_wconf 91' lang='lat' dir='ltr'><strong>oboedire</strong></span> <span class='ocrx_word' id='word_1_1067' title='bbox 2889 4026 2935 4066; x_wconf 86' lang='lat' dir='ltr'><strong>te</strong></span> 
     </span>
     <span class='ocr_line' id='line_1_148' title="bbox 1593 4074 2934 4132; baseline 0.003 -15"><span class='ocrx_word' id='word_1_1068' title='bbox 1593 4075 1847 4118; x_wconf 82' lang='lat' dir='ltr'><strong>muneribus</strong></span> <span class='ocrx_word' id='word_1_1069' title='bbox 1877 4075 1971 4119; x_wconf 88' lang='lat' dir='ltr'><strong>sive</strong></span> <span class='ocrx_word' id='word_1_1070' title='bbox 1998 4074 2242 4121; x_wconf 90' lang='lat' dir='ltr'><strong>honoribus</strong></span> <span class='ocrx_word' id='word_1_1071' title='bbox 2271 4089 2362 4119; x_wconf 92' lang='lat' dir='ltr'><strong>non</strong></span> <span class='ocrx_word' id='word_1_1072' title='bbox 2390 4075 2602 4132; x_wconf 86' lang='lat' dir='ltr'><strong>potuisse,</strong></span> <span class='ocrx_word' id='word_1_1073' title='bbox 2632 4075 2690 4119; x_wconf 89' lang='lat' dir='ltr'><strong>ad</strong></span> <span class='ocrx_word' id='word_1_1074' title='bbox 2719 4076 2934 4121; x_wconf 85' lang='lat' dir='ltr'><strong>utilitates</strong></span> 
     </span>
     <span class='ocr_line' id='line_1_149' title="bbox 1593 4131 2934 4188; baseline 0.002 -16"><span class='ocrx_word' id='word_1_1075' title='bbox 1593 4133 1826 4186; x_wconf 88' lang='lat' dir='ltr'><strong>praeterea</strong></span> <span class='ocrx_word' id='word_1_1076' title='bbox 1862 4132 1965 4174; x_wconf 90' lang='lat' dir='ltr'><strong>tuas</strong></span> <span class='ocrx_word' id='word_1_1077' title='bbox 2006 4133 2193 4176; x_wconf 90' lang='lat' dir='ltr'><strong>cessisse</strong></span> <span class='ocrx_word' id='word_1_1078' title='bbox 2230 4131 2486 4188; x_wconf 88' lang='lat' dir='ltr'><strong>pecuniam,</strong></span> <span class='ocrx_word' id='word_1_1079' title='bbox 2524 4142 2655 4187; x_wconf 88' lang='lat' dir='ltr'><strong>quam</strong></span> <span class='ocrx_word' id='word_1_1080' title='bbox 2691 4131 2827 4188; x_wconf 85' lang='lat' dir='ltr'><strong>pretii</strong></span> <span class='ocrx_word' id='word_1_1081' title='bbox 2852 4144 2934 4175; x_wconf 87' lang='lat' dir='ltr'><strong>no·</strong></span> 
     </span>
     <span class='ocr_line' id='line_1_150' title="bbox 1595 4185 2934 4244; baseline 0.002 -15"><span class='ocrx_word' id='word_1_1082' title='bbox 1595 4188 1710 4229; x_wconf 92' lang='lat' dir='ltr'><strong>mine</strong></span> <span class='ocrx_word' id='word_1_1083' title='bbox 1755 4198 2032 4243; x_wconf 88' lang='lat' dir='ltr'><strong>sumpseras,</strong></span> <span class='ocrx_word' id='word_1_1084' title='bbox 2086 4187 2176 4232; x_wconf 92' lang='lat' dir='ltr'><strong>doli</strong></span> <span class='ocrx_word' id='word_1_1085' title='bbox 2221 4185 2495 4243; x_wconf 86' lang='lat' dir='ltr'><strong>exceptionis</strong></span> <span class='ocrx_word' id='word_1_1086' title='bbox 2537 4186 2701 4231; x_wconf 89' lang='lat' dir='ltr'><strong>auxilio</strong></span> <span class='ocrx_word' id='word_1_1087' title='bbox 2742 4187 2934 4244; x_wconf 87' lang='lat' dir='ltr'><strong>pretium</strong></span> 
     </span>
    </p>
   </div>
   <div class='ocr_carea' id='block_1_13' title="bbox 1595 4325 2933 4492">
    <p class='ocr_par' dir='ltr' id='par_1_17' title="bbox 1595 4325 2933 4492">
     <span class='ocr_line' id='line_1_151' title="bbox 1595 4325 2932 4380; baseline 0.002 -14"><span class='ocrx_word' id='word_1_1088' title='bbox 1595 4340 1620 4367; x_wconf 85' lang='lat' dir='ltr'><strong>a</strong></span> <span class='ocrx_word' id='word_1_1089' title='bbox 1648 4325 1760 4379; x_wconf 62' lang='lat' dir='ltr'><strong>LOE,</strong></span> <span class='ocrx_word' id='word_1_1090' title='bbox 1799 4343 1870 4368; x_wconf 85' lang='lat' dir='ltr'><strong>om.</strong></span> <span class='ocrx_word' id='word_1_1091' title='bbox 1911 4328 2054 4371; x_wconf 69' lang='lat' dir='ltr'>1⁷0²ss</span> <span class='ocrx_word' id='word_1_1092' title='bbox 2194 4328 2252 4380; x_wconf 87' lang='lat'><strong>(8)</strong></span> <span class='ocrx_word' id='word_1_1093' title='bbox 2281 4325 2453 4367; x_wconf 86' lang='lat' dir='ltr'><strong>emisisti</strong></span> <span class='ocrx_word' id='word_1_1094' title='bbox 2480 4325 2585 4378; x_wconf 88' lang='lat' dir='ltr'><strong>LR,</strong></span> <span class='ocrx_word' id='word_1_1095' title='bbox 2627 4327 2666 4368; x_wconf 88' lang='lat' dir='ltr'><strong>ei</strong></span> <span class='ocrx_word' id='word_1_1096' title='bbox 2695 4327 2845 4368; x_wconf 77' lang='lat' dir='ltr'><strong>misisti</strong></span> <span class='ocrx_word' id='word_1_1097' title='bbox 2881 4328 2932 4380; x_wconf 83' lang='lat' dir='ltr'><strong>V,</strong></span> 
     </span>
     <span class='ocr_line' id='line_1_152' title="bbox 1596 4383 2933 4438; baseline 0.002 -15"><span class='ocrx_word' id='word_1_1098' title='bbox 1596 4384 1635 4423; x_wconf 87' lang='lat' dir='ltr'><strong>ei</strong></span> <span class='ocrx_word' id='word_1_1099' title='bbox 1663 4383 1836 4424; x_wconf 81' lang='lat' dir='ltr'><strong>emisisti</strong></span> <span class='ocrx_word' id='word_1_1100' title='bbox 1855 4383 1893 4426; x_wconf 82' lang='lat'><em>0</em></span> <span class='ocrx_word' id='word_1_1101' title='bbox 1999 4386 2058 4436; x_wconf 83' lang='lat'><strong>(9)</strong></span> <span class='ocrx_word' id='word_1_1102' title='bbox 2085 4385 2146 4426; x_wconf 78' lang='lat' dir='ltr'><strong>sic</strong></span> <span class='ocrx_word' id='word_1_1103' title='bbox 2182 4384 2230 4435; x_wconf 89' lang='lat' dir='ltr'><strong>V,</strong></span> <span class='ocrx_word' id='word_1_1104' title='bbox 2259 4385 2460 4429; x_wconf 89' lang='lat' dir='ltr'><strong>decembr.</strong></span> <span class='ocrx_word' id='word_1_1105' title='bbox 2489 4383 2592 4425; x_wconf 82' lang='lat' dir='ltr'><strong>Hal.</strong></span> <span class='ocrx_word' id='word_1_1106' title='bbox 2706 4384 2783 4435; x_wconf 87' lang='lat'><strong>(10)</strong></span> <span class='ocrx_word' id='word_1_1107' title='bbox 2811 4385 2933 4438; x_wconf 74' lang='lat' dir='ltr'><strong>iunye</strong></span> 
     </span>
     <span class='ocr_line' id='line_1_153' title="bbox 1596 4439 2927 4492; baseline 0.002 -12"><span class='ocrx_word' id='word_1_1108' title='bbox 1596 4442 1633 4487; x_wconf 83' lang='lat'><strong>2,</strong></span> <span class='ocrx_word' id='word_1_1109' title='bbox 1668 4448 1728 4489; x_wconf 79' lang='lat'><strong>29,</strong></span> <span class='ocrx_word' id='word_1_1110' title='bbox 1759 4449 1775 4481; x_wconf 87' lang='lat'>1</span> <span class='ocrx_word' id='word_1_1111' title='bbox 1860 4441 1933 4492; x_wconf 82' lang='lat'><strong>(11)</strong></span> <span class='ocrx_word' id='word_1_1112' title='bbox 1963 4441 2020 4482; x_wconf 84' lang='lat' dir='ltr'><strong>ad</strong></span> <span class='ocrx_word' id='word_1_1113' title='bbox 2049 4440 2255 4482; x_wconf 82' lang='lat' dir='ltr'><strong>Leontium</strong></span> <span class='ocrx_word' id='word_1_1114' title='bbox 2286 4441 2419 4480; x_wconf 73' lang='lat' dir='ltr'><strong>eodem</strong></span> <span class='ocrx_word' id='word_1_1115' title='bbox 2449 4439 2516 4481; x_wconf 79' lang='lat' dir='ltr'><strong>die</strong></span> <span class='ocrx_word' id='word_1_1116' title='bbox 2543 4440 2643 4479; x_wconf 77' lang='lat' dir='ltr'><strong>data</strong></span> <span class='ocrx_word' id='word_1_1117' title='bbox 2672 4448 2730 4479; x_wconf 79' lang='lat' dir='ltr'><strong>est</strong></span> <span class='ocrx_word' id='word_1_1118' title='bbox 2758 4442 2797 4491; x_wconf 89' lang='lat'><strong>5,</strong></span> <span class='ocrx_word' id='word_1_1119' title='bbox 2822 4448 2880 4490; x_wconf 77' lang='lat'><strong>³4,</strong></span> <span class='ocrx_word' id='word_1_1120' title='bbox 2906 4448 2927 4482; x_wconf 75' lang='lat' dir='ltr'>fl</span> 
     </span>
    </p>
   </div>
   <div class='ocr_carea' id='block_1_14' title="bbox 1595 4493 2931 4603">
    <p class='ocr_par' dir='ltr' id='par_1_18' title="bbox 1595 4493 2931 4603">
     <span class='ocr_line' id='line_1_154' title="bbox 1595 4493 2931 4547; baseline 0.001 -12"><span class='ocrx_word' id='word_1_1121' title='bbox 1595 4496 1670 4546; x_wconf 83' lang='lat'>(12)</span> <span class='ocrx_word' id='word_1_1122' title='bbox 1709 4496 1798 4536; x_wconf 77' lang='lat' dir='ltr'><strong>oet.</strong></span> <span class='ocrx_word' id='word_1_1123' title='bbox 1838 4494 2059 4537; x_wconf 76' lang='lat' dir='ltr'><strong>Mommsen</strong></span> <span class='ocrx_word' id='word_1_1124' title='bbox 2228 4495 2302 4545; x_wconf 82' lang='grc'><strong>(13)</strong></span> <span class='ocrx_word' id='word_1_1125' title='bbox 2334 4509 2396 4536; x_wconf 73' lang='lat' dir='ltr'><strong>sic</strong></span> <span class='ocrx_word' id='word_1_1126' title='bbox 2423 4493 2480 4546; x_wconf 82' lang='lat' dir='ltr'><strong>S,</strong></span> <span class='ocrx_word' id='word_1_1127' title='bbox 2516 4494 2769 4547; x_wconf 81' lang='lat' dir='ltr'><strong>phrontonio</strong></span> <span class='ocrx_word' id='word_1_1128' title='bbox 2819 4495 2931 4537; x_wconf 82' lang='lat' dir='ltr'><strong>VCR</strong></span> 
     </span>
     <span class='ocr_line' id='line_1_155' title="bbox 1595 4549 2309 4603; baseline -0.001 -12"><span class='ocrx_word' id='word_1_1129' title='bbox 1595 4553 1668 4603; x_wconf 77' lang='lat'>(14)</span> <span class='ocrx_word' id='word_1_1130' title='bbox 1696 4563 1728 4591; x_wconf 83' lang='lat' dir='ltr'><strong>s.</strong></span> <span class='ocrx_word' id='word_1_1131' title='bbox 1760 4562 1878 4591; x_wconf 73' lang='lat' dir='ltr'><strong>xvm</strong></span> <span class='ocrx_word' id='word_1_1132' title='bbox 1916 4552 1963 4602; x_wconf 86' lang='lat' dir='ltr'><strong>V,</strong></span> <span class='ocrx_word' id='word_1_1133' title='bbox 1994 4551 2033 4591; x_wconf 90' lang='lat' dir='ltr'><strong>d.</strong></span> <span class='ocrx_word' id='word_1_1134' title='bbox 2064 4564 2165 4591; x_wconf 83' lang='lat' dir='ltr'><strong>vnn</strong></span> <span class='ocrx_word' id='word_1_1135' title='bbox 2207 4549 2309 4591; x_wconf 81' lang='lat' dir='ltr'><strong>Hal.</strong></span> 
     </span>
    </p>
   </div>
   <div class='ocr_carea' id='block_1_15' title="bbox 2507 4674 2595 4717">
    <p class='ocr_par' dir='ltr' id='par_1_19' title="bbox 2507 4674 2595 4717">
     <span class='ocr_line' id='line_1_156' title="bbox 2507 4674 2595 4717; baseline 0 0"><span class='ocrx_word' id='word_1_1136' title='bbox 2507 4674 2595 4717; x_wconf 79' lang='lat'><strong>30*</strong></span> 
     </span>
    </p>
   </div>
  </div>
 </body>
</html>
