3054 4796
214 178 286 221 DE
322 178 537 221 tammus
574 179 926 221 PRAETERUHS

2664 175 2730 226 VI
2763 178 2843 229 ⁶27.
2885 176 2950 226 28

1333 250 1832 260 -Ἀ-κ-γ-υ-ι-ῄ-,ῇ-»ψ---

210 316 248 360 si
285 315 372 359 hoc
412 316 616 362 differre¹
665 317 961 374 temptaverit,
1012 317 1140 360 etiam
1181 320 1426 374 puniendus
1458 325 1537 366 est.

209 372 268 415 sit
305 371 455 428 itaque
494 376 539 418 et
572 373 668 418 vivo
709 374 876 440 pupillo
914 371 1045 426 liber,
1091 375 1192 428 quia
1230 380 1418 422 testator
1455 378 1540 422 hoc

209 427 365 482 voluit,
406 431 451 472 et
477 434 652 474 mortuo
680 443 741 486 pu
773 429 848 472 1110
878 430 1154 473 necessarius
1184 431 1332 485 heres,
1363 434 1467 498 quia
1497 438 1542 478 et

206 483 293 528 hoc
321 488 510 530 testator
537 486 686 531 voluit.
792 520 800 529 .
831 496 905 528 XV
933 483 977 528 lc.
1009 484 1114 529 Dee.
1150 486 1541 547 Constantinopoli

207 538 460 599 Lampadio
491 548 536 586 et
566 542 722 587 Oreste
748 555 813 586 vv.
845 554 906 584 ce.
939 554 1080 585 conss.

1351 550 1406 598 [a.
1439 550 1536 598 530]

262 594 293 642 5
337 595 482 642 ²Idem
523 599 574 641 A.
617 597 815 641 Iohanni
844 611 929 655 pp.

1002 596 1212 653 Quidam,
1268 613 1365 644 cum
1403 604 1539 645 testa-

205 656 400 696 mentum
440 654 669 707 conderet,
714 652 887 696 duobus
922 653 1158 698 heredibus
1196 657 1374 712 scriptis
1404 670 1539 700 unum

205 708 378 764 quidem
409 723 462 753 ex
482 712 609 766 parte
629 709 836 761 instituit,
868 722 1041 753 servum
1066 716 1213 754 autem
1239 726 1381 768 suum,
1414 712 1538 756 cuius

205 769 250 808 et
292 778 451 810 nomen
495 765 684 817 addidit,
729 778 785 808 ex
827 766 997 820 reliqua
1034 770 1159 822 part-e
1202 769 1298 812 sine
1334 769 1539 814 libertate

206 821 384 878 scripsit
411 821 618 865 heredem
647 825 692 864 et
719 823 877 876 postea
906 821 1094 865 eundem
1124 836 1295 867 servum
1319 824 1396 868 alii
1419 825 1536 879 lega-

204 877 286 929 vit,
326 877 395 921 vel
422 881 528 934 post
555 876 879 920 institutionem
907 877 1080 922 heredis
1110 891 1282 924 servum
1311 893 1392 936 per
1420 881 1536 935 lega-

203 937 297 976 tum
325 932 402 976 alii
429 932 676 988 adsignavit
706 938 749 976 et
776 938 882 977 tunc
910 934 1114 978 heredem
1153 948 1251 979 eum
1282 937 1378 980 sine
1405 936 1537 981 liber-

202 991 296 1033 tate
323 988 535 1033 instituit:
566 991 611 1032 et
640 988 950 1042 dubitabatur,
993 990 1032 1034 si
1066 992 1319 1036 huiusmodi
1345 992 1538 1047 legatum

202 1045 271 1089 vel
297 1044 518 1088 institutio
558 1044 731 1100 aliquas
762 1045 875 1090 vires
916 1050 1064 1102 potest
1092 1048 1255 1092 habere
1285 1052 1329 1092 et
1358 1047 1431 1092 cui
1459 1046 1535 1090 ad-

206 1105 223 1144 1
285 1100 475 1157 quiritur
488 1100 680 1156 legatum
697 1102 765 1145 vel
786 1102 1021 1147 institutio.
1062 1103 1365 1148 Dubitationis
1391 1107 1537 1147 autem

200 1157 385 1200 materia
413 1161 530 1209 erat,
561 1156 680 1212 quod
708 1157 855 1202 adhuc
886 1172 1059 1203 servum
1090 1173 1217 1203 suum
1248 1159 1536 1203 constitutum

200 1212 406 1257 heredem
444 1213 539 1257 sine
567 1213 773 1258 libertate
802 1216 1060 1270 scripserat,
1095 1219 1141 1260 et
1168 1219 1294 1259 tanta
1322 1216 1438 1259 inter
1464 1226 1536 1258 ve-

199 1271 314 1312 teres
346 1273 502 1313 exorta
532 1272 602 1314 est
630 1272 866 1324 contentio,
897 1276 948 1314 ut
976 1272 1047 1315 vix
1075 1272 1289 1327 possibile
1318 1272 1376 1315 sit
1398 1269 1538 1315 videri

204 1329 256 1368 ta
299 1324 482 1369 eandem
513 1325 729 1370 decidere.
775 1327 860 1371 Sed
887 1328 1194 1383 antiquitatem
1223 1327 1398 1383 quidem
1426 1327 1537 1370 haec

197 1381 482 1426 altercantem
524 1382 858 1439 relinquendum
901 1388 982 1428 est.
1060 1384 1190 1428 nobis
1233 1389 1382 1427 autem
1425 1382 1537 1426 alius

198 1437 354 1482 modus
383 1437 634 1482 huiusmodi
663 1438 895 1483 decisionis
924 1439 1130 1483 inventus
1161 1444 1250 1492 est,
1290 1440 1394 1495 quia
1423 1451 1536 1482 sem-

201 1492 251 1538 lb
280 1507 361 1550 per
381 1494 568 1549 vestigia
596 1495 835 1539 voluntatis
861 1495 1083 1551 sequimur
1106 1498 1382 1540 testatorum.
1428 1495 1537 1538 Cum

196 1549 332 1604 igitur
366 1549 613 1596 invenimus
650 1564 678 1595 a
715 1556 867 1596 nostro
896 1552 1020 1595 iure³
1053 1551 1138 1594 hoc
1170 1563 1266 1594 esse
1295 1551 1535 1604 inductum,

197 1610 260 1658 ut,
291 1606 330 1650 si
359 1607 457 1662 quis
486 1619 660 1651 servum
688 1621 818 1652 suum
846 1612 1040 1651 tutorem
1066 1606 1170 1649 filiis
1195 1607 1288 1651 suis
1311 1606 1539 1662 reliquerit

197 1662 292 1706 sine
321 1662 546 1715 libertate,
585 1676 640 1706 ex
676 1663 776 1719 ipsa
811 1663 977 1707 tutelae
1013 1661 1192 1706 datione
1226 1666 1538 1718 praesumatur

198 1718 331 1762 etiam
372 1718 621 1762 libertatem
665 1720 706 1762 ei
747 1719 900 1762 favore
946 1717 1216 1773 pupillorum
1258 1718 1538 1774 imposuisse,

197 1786 332 1829 quare
370 1788 460 1819 non
497 1774 583 1818 hoc
623 1777 669 1817 et
704 1773 752 1817 in
779 1773 1026 1818 hereditate
1058 1777 1104 1817 et
1130 1773 1367 1818 humanius
1396 1776 1443 1817 et
1468 1773 1536 1816 fa-

195 1842 300 1874 vore
341 1829 560 1874 libertatis
586 1829 857 1883 inducimus,
899 1832 970 1881 ut,
1010 1829 1049 1872 si
1078 1829 1176 1885 quis
1206 1841 1379 1872 servum
1409 1842 1538 1872 suum

195 1885 423 1943 scripserit
464 1884 669 1928 heredem
717 1884 813 1929 sine
853 1885 1081 1937 libertate,
1129 1884 1379 1928 omnimodo
1431 1884 1537 1928 civis

198 1945 248 1987 10
313 1941 542 1985 Romanus
582 1940 836 1985 efficiatur?
907 1940 1004 1995 Quo
1046 1940 1229 1985 inducto
1272 1952 1416 1996 neque
1459 1939 1536 1983 ad-

193 1997 371 2054 quisitio
409 2010 553 2053 neque
587 2001 679 2040 tam
719 1997 886 2041 effusus
916 1999 1112 2041 veterum
1140 2002 1274 2053 atque
1301 1997 1538 2040 inextrica-

192 2053 294 2098 bilis
321 2055 543 2098 tractatus
578 2052 727 2098 locum
754 2052 933 2097 habeat.
991 2066 1135 2109 neque
1164 2053 1280 2100 enim
1307 2052 1538 2097 ferendum

195 2114 262 2154 est
291 2122 540 2166 supponere
599 2109 784 2154 uosdam
813 2109 877 2153 ita
905 2122 1004 2154 esse
1033 2109 1238 2166 supinos,
1270 2113 1322 2154 ut
1350 2108 1538 2153 eundem

195 2178 367 2210 servum
390 2168 435 2210 et
451 2165 558 2210 here
591 2178 659 2209 em
679 2165 918 2210 instituant
939 2166 1034 2210 sine
1055 2166 1261 2210 libertate
1282 2171 1326 2209 et
1339 2166 1446 2209 item
1461 2165 1538 2209 alii

200 2221 256 2264 ld
285 2225 346 2275 (1)
402 2233 483 2278 per
510 2221 702 2277 legatum
730 2221 917 2266 eundem
946 2234 1122 2266 servum
1151 2221 1398 2277 adsignent.
1451 2221 1537 2265 Sed

198 2290 299 2321 cum
340 2282 510 2321 veteres
561 2280 608 2321 et
655 2277 789 2321 aliam
834 2286 1166 2334 proposuerunt
1206 2278 1537 2334 ambiguitatem

198 2333 408 2385 dicentes,
439 2332 478 2377 si
506 2333 605 2389 quis
636 2346 807 2377 servum
836 2347 965 2378 suum
993 2334 1042 2377 in
1069 2337 1336 2379 testamento
1363 2333 1538 2390 quidem

175 2388 402 2441 ,heredem
438 2401 505 2437 ex¹
553 2393 650 2433 arte
678 2390 773 2433 sine
801 2389 1003 2433 libertate
1032 2390 1297 2446 scripsisset,
1336 2390 1383 2434 in
1414 2389 1535 2433 codi-

199 2445 311 2490 cillis
342 2447 492 2489 autem
520 2402 767 2488 libertatem
798 2445 838 2489 ei
866 2445 1130 2500 reliquisset,
1172 2446 1211 2490 si
1239 2447 1384 2501 possit
1410 2445 1537 2489 insti-

196 2501 310 2545 tutio
339 2501 487 2545 valere
517 2506 560 2545 et
594 2501 669 2544 ille
705 2506 796 2545 tam
833 2501 963 2546 heres
1005 2513 1137 2557 quam
1171 2501 1284 2545 liber
1320 2501 1441 2553 fieri,
1479 2514 1538 2545 ne

197 2557 397 2602 videatur
467 2570 516 2602 er
555 2557 780 2601 codicillos
808 2557 1031 2602 hereditas
1061 2557 1324 2612 confirmari,
1363 2557 1409 2600 in
1440 2557 1537 2614 qui-

197 2614 282 2658 bus
319 2613 426 2658 here
457 2613 543 2657 itas
582 2613 679 2657 dari
716 2613 958 2658 secundum
987 2616 1179 2658 veterem
1217 2614 1414 2669 regulam
1447 2627 1537 2658 non

229 2673 366 2714 otest:
410 2683 492 2714 nos
535 2669 582 2713 in
624 2669 704 2712 tali
746 2669 1056 2726 dispositione,
1099 2670 1204 2713 licet
1238 2670 1286 2713 in
1325 2669 1537 2714 codicillis

217 2726 330 2770 uerit
371 2726 560 2781 scripta,
604 2728 651 2773 et
692 2726 942 2770 libertatem
986 2729 1033 2770 et
1075 2725 1366 2770 hereditatem
1409 2727 1538 2770 simul

197 2781 335 2827 servis
374 2794 456 2838 per
491 2785 686 2825 nostram
725 2781 1033 2826 liberalitatem
1066 2787 1111 2825 et
1140 2783 1372 2838 benignam
1400 2782 1536 2827 inter-

196 2837 488 2894 pretationem
525 2837 826 2893 indulgemus,
866 2843 917 2881 ut
957 2839 1258 2894 gratulentur,
1309 2852 1408 2882 cum
1446 2851 1538 2882 non

196 2894 311 2938 servi
339 2898 610 2949 remaneant,
649 2893 728 2938 sed
757 2895 831 2938 et⁴
867 2894 1016 2939 liberti
1051 2900 1096 2938 et
1123 2894 1308 2938 heredes
1339 2894 1535 2938 effician-

195 2955 293 3003 tur,
339 2962 438 2994 cum
475 2952 603 2994 tanta
638 2950 685 2993 in
724 2962 800 2994 eos
839 2951 982 2995 nostri
1016 2951 1207 2995 numinis
1242 2951 1538 2995 benivolentia

195 3006 337 3051 effusa
366 3011 446 3060 est,
476 3011 540 3058 ut,
571 3007 654 3050 etsi
682 3005 866 3051 libertas
897 3006 958 3052 eis
988 3019 1132 3063 neque
1164 3012 1428 3051 testamento
1459 3020 1534 3051 ne-

197 3075 282 3118 que
311 3061 522 3106 codicillis
553 3062 657 3105 data
691 3066 780 3116 est,
820 3067 968 3107 tamen
1005 3063 1251 3107 hereditate
1290 3063 1428 3107 servis
1466 3076 1536 3107 re-

196 3119 304 3162 licta
354 3118 482 3172 quasi
530 3117 775 3162 iniunctam
819 3121 893 3162 et⁵
942 3119 1192 3163 libertatem
1243 3131 1341 3163 esse
1383 3119 1533 3163 videri.

198 3177 223 3216 2
279 3173 362 3217 1110
393 3173 594 3216 videlicet
615 3174 902 3228 observando,
932 3180 994 3229 ut,
1026 3175 1066 3219 si
1094 3175 1289 3230 legatum
1317 3175 1385 3218 vel
1411 3175 1534 3219 fidei-

199 3229 480 3273 commissum
519 3228 582 3272 eis
622 3229 716 3272 sine
754 3229 960 3273 libertate
997 3230 1296 3285 relinquatur,
1330 3237 1539 3274 maneant

199 3288 256 3328 2a
311 3285 360 3327 in
389 3283 612 3328 servitute.
657 3284 759 3327 Non
787 3289 936 3328 tamen
963 3285 1028 3328 ita
1055 3285 1178 3340 impii
1206 3285 1390 3332 heredes
1421 3287 1536 3330 exis-

197 3343 319 3395 tant,
358 3342 412 3384 ut
443 3339 752 3383 liberalitatem
780 3341 1007 3384 testatoris
1038 3341 1207 3384 servilis
1236 3341 1431 3384 laboris⁶
1460 3342 1535 3385 de-

198 3397 292 3439 bita
319 3396 673 3440 remuneratione
703 3395 969 3439 defraudare
999 3402 1216 3441 conentur
1249 3399 1295 3440 et
1331 3410 1421 3440 non
1460 3397 1536 3441 de-

197 3452 399 3496 relictum
413 3485 424 3506 ,
478 3451 582 3495 licet
636 3451 782 3495 adhuc
833 3453 969 3495 servis
1022 3452 1272 3495 constitutis
1287 3485 1297 3505 ,
1356 3452 1534 3496 donent.

200 3515 223 3549 3
282 3507 404 3564 Quae
441 3508 549 3551 iuris
588 3508 729 3552 nostri
768 3507 964 3552 definitio
1003 3507 1135 3551 etiam
1173 3507 1231 3551 ad
1270 3508 1403 3551 aliam
1436 3521 1536 3564 spe-

200 3563 311 3608 ciem
340 3563 588 3608 dubitatam
617 3564 802 3619 benigne
832 3563 1109 3608 extendatur.
1168 3564 1209 3608 si
1240 3564 1336 3620 quis
1378 3565 1538 3607 etenim

199 3619 246 3663 in
279 3620 518 3686 principali
546 3623 812 3663 testamento
852 3633 1025 3664 servum
1054 3633 1183 3664 suum
1214 3619 1389 3664 cuidam
1418 3620 1535 3675 lega-

198 3681 331 3728 vent,
370 3677 417 3718 in
453 3676 666 3732 pupillari
704 3681 850 3719 autem
885 3676 1203 3721 substitutione
1231 3676 1415 3719 eundem
1444 3689 1536 3720 ser-

198 3746 301 3776 vum
329 3731 420 3776 filio
452 3745 531 3776 suo
561 3734 654 3776 sine
678 3732 881 3776 libertate
905 3732 1196 3785 substituerit,
1228 3734 1536 3788 quaerebatur,

200 3789 291 3833 sive
319 3788 441 3831 utilis
472 3794 588 3832 esset
615 3788 718 3832 talis
749 3788 1006 3832 substitutio
1037 3793 1082 3832 et
1110 3800 1190 3844 per
1219 3801 1391 3832 servum
1419 3788 1535 3854 lega-

199 3851 293 3888 tum
315 3843 571 3888 substitutio
595 3849 699 3899 post
721 3849 906 3888 mortem
929 3845 1085 3900 pupilli
1108 3845 1320 3900 legatario
1345 3844 1535 3900 adqulri-

202 3904 287 3955 tur,
314 3900 404 3944 sive
427 3899 595 3943 inutilis
620 3902 689 3943 est
711 3899 963 3944 huiusmodi
988 3900 1267 3954 substitutio,
1304 3900 1408 3956 quia
1443 3901 1538 3944 sine

201 3961 258 4000 3a
313 3955 519 3999 libertate
553 3955 598 3998 in
629 3968 801 3999 servum
830 3956 1058 4011 proprium
1087 3955 1209 4000 facta
1237 3961 1318 4000 est.
1376 3956 1537 4000 Melius

199 4013 348 4068 itaque
388 4011 514 4056 nobis
543 4011 714 4054 videtur
752 4011 964 4066 legatario
1004 4025 1106 4056 eum
1143 4025 1234 4056 non
1270 4012 1420 4056 statim
1458 4011 1536 4056 ad-

201 4068 316 4126 quiri
354 4068 550 4120 sancire,
595 4066 673 4111 sed
713 4068 1035 4122 expectandum
1074 4080 1171 4111 esse
1210 4068 1536 4113 substitutionis

201 4129 416 4169 eventum.
477 4126 523 4167 et
559 4123 598 4166 si
636 4123 808 4178 quidem
847 4123 1017 4179 pupillo
1044 4126 1219 4167 mortuo
1248 4124 1375 4169 locus
1404 4124 1538 4168 fuerit

201 4180 522 4233 substitutioni,
563 4183 607 4222 et
634 4179 747 4223 liber
777 4181 822 4222 et
849 4179 977 4224 heres
1006 4179 1253 4225 efficiatur:
1288 4180 1358 4224 sin
1388 4186 1536 4224 autem

201 4236 458 4281 substitutio
487 4235 662 4279 minime
691 4235 838 4279 locum
869 4234 1099 4288 habuerit,
1138 4234 1328 4280 forsitan
1363 4236 1536 4292 pupillo

1626 324 1662 368 si
1696 337 1794 367 cum
1824 324 2027 367 libertate
2058 324 2315 368 substitutio
2347 327 2520 379 fuisset,
2562 328 2645 371 hoc
2683 327 2954 371 inducebant

1626 386 1842 435 quatenus
1879 380 1926 423 in
1963 392 2179 434 suspenso
2220 381 2297 424 fiat
2333 383 2512 426 libertas
2552 390 2596 427 et
2626 385 2860 428 statuliber
2889 385 2955 427 in-

1625 436 1879 491 tellegatur,
1919 435 1983 478 ita
2021 437 2066 478 et
2105 448 2159 478 ex
2197 443 2347 480 nostra
2387 439 2751 496 interpretatione
2791 445 2834 481 et
2864 441 2957 482 sine

1625 491 1871 536 adiectione
1900 491 2118 535 libertatis
2148 492 2194 535 in
2224 494 2534 538 substitutione
2558 501 2602 538 et
2626 496 2737 538 liber
2763 502 2806 538 et
2830 496 2956 539 heres

1624 548 1792 603 pupillo
1823 548 1999 591 existat.
2058 546 2112 591 D.
2143 560 2189 590 JJ
2214 548 2255 591 lc.
2288 549 2395 593 Mai.
2430 550 2819 607 Constantinopoli
2846 556 2960 608 post

1626 604 1908 647 consulatum
1938 603 2048 647 Lam
2083 603 2176 647 adii
2205 611 2249 648 et
2280 604 2448 650 Orestis
2476 620 2540 650 vv.
2571 619 2631 649 ce.
2772 610 2828 657 [a.
2861 610 2956 657 531]

1681 656 1712 703 6
1743 657 1869 702 Idem
1898 660 1949 702 A.
1982 658 2179 703 Iozanni
2199 675 2282 718 pp.
2335 661 2572 705 Decisione
2600 663 2797 711 nostra⁷‚
2828 674 2959 715 quam

1622 712 1807 756 fecimus
1851 715 2098 758 sancientes
2142 729 2264 768 eum,
2323 717 2397 771 qui
2442 730 2468 758 a
2513 716 2686 759 domino
2742 728 2821 758 suo
2868 717 2959 758 sine

1622 768 1826 811 libertate
1868 769 1996 812 heres
2039 772 2303 823 instituitur,
2358 771 2495 814 videri
2541 771 2789 813 libertatem
2833 784 2958 814 acce-

1623 823 1762 878 pisse,
1813 823 1859 865 in
1901 825 2083 879 propria
2127 826 2333 869 firmitate
2377 826 2586 876 durante,
2640 826 2678 867 si
2721 826 2817 878 quis
2870 839 2959 868 ser-

1622 892 1722 921 vum
1767 891 1896 921 suum
1944 892 2054 933 pure
2099 880 2271 934 quidem
2319 880 2526 923 heredem
2567 880 2783 933 instituit,
2828 881 2959 925 liber-

1623 938 1756 978 tatem
1794 936 1943 976 autem
1983 934 2065 976 sub
2107 935 2367 978 condicione
2398 936 2437 978 ei
2469 935 2665 987 donavit,
2712 937 2750 979 si
2789 938 2960 991 quidem

1623 989 1825 1034 condicio
1868 989 1971 1033 talis
2015 989 2095 1040 sit,
2146 1002 2260 1044 quae
2302 991 2348 1032 in
2392 994 2616 1046 potestate
2661 992 2775 1034 servi
2816 994 2963 1047 posita

1623 1049 1713 1090 est:
1744 1046 1820 1089 ille
1848 1050 1994 1089 autem
2023 1057 2120 1089 eam
2149 1046 2391 1101 neglexerit
2419 1046 2682 1102 minimeque
2719 1050 2960 1103 compleve-

1623 1103 1691 1155 rit,
1724 1106 1769 1146 et
1797 1101 2003 1145 libertate
2034 1115 2133 1145 eum
2162 1107 2206 1145 et
2235 1102 2480 1145 hereditate
2508 1115 2590 1146 sua
2627 1104 2757 1159 culpa
2787 1105 2961 1147 defrau-

1622 1159 1732 1203 dari.
1778 1159 1846 1202 sin
1876 1164 2025 1201 autem
2057 1157 2249 1202 casualis
2277 1162 2346 1201 est
2370 1158 2570 1202 condicio
2601 1164 2646 1202 et
2676 1173 2728 1202 ex
2758 1160 2963 1204 fortunae

1623 1214 1794 1258 insidiis
1825 1213 2046 1268 defecerit,
2078 1219 2188 1258 tunc
2217 1214 2504 1258 humanitatis
2529 1216 2690 1259 intuitu
2714 1216 2963 1260 libertatem

1623 1271 1797 1326 quidem
1827 1271 1868 1314 ei
1897 1270 2144 1314 omnimodo
2176 1277 2447 1326 competere,
2484 1271 2771 1316 hereditatem
2801 1279 2961 1324 autem,

1623 1327 1662 1370 si
1697 1326 1872 1382 quidem
1912 1327 2119 1371 solvendo
2159 1327 2236 1378 sit,
2277 1327 2335 1370 ad
2369 1326 2480 1371 alios
2511 1328 2674 1382 venire,
2705 1342 2815 1384 quos
2845 1330 2962 1384 leges

1623 1383 1860 1436 vocabant,
1913 1383 1952 1427 si
1998 1396 2089 1427 non
2133 1383 2290 1438 aliquis
2333 1382 2495 1426 fuisset
2538 1385 2819 1429 substitutus.
2895 1387 2963 1429 sin

1622 1444 1770 1482 autem
1799 1438 2007 1484 solvendo
2047 1452 2137 1482 non
2177 1440 2254 1494 sit,
2294 1443 2346 1482 ut
2383 1441 2660 1484 necessarius
2698 1441 2825 1486 heres
2857 1456 2962 1486 con-

1623 1495 1803 1539 stitutus
1834 1495 1964 1538 simul
1992 1502 2036 1539 et
2065 1495 2314 1539 libertatem
2344 1500 2389 1539 et
2422 1496 2712 1540 hereditatem
2748 1498 2960 1542 obtineat.

1621 1554 1731 1595 tunc
1769 1552 1884 1595 enim
1924 1551 2166 1595 secundum
2198 1551 2492 1596 definitionem
2521 1556 2612 1595 tam
2642 1555 2800 1598 veteris
2830 1569 2962 1609 quam

1624 1609 1801 1651 nostrae
1840 1607 2077 1651 decisionis
2115 1610 2161 1651 et
2193 1607 2306 1651 liber
2337 1610 2382 1651 et
2409 1609 2537 1651 heres
2568 1609 2730 1652 existat
2756 1623 2962 1654 necessa-

1621 1663 1729 1707 rius.
1796 1662 1851 1706 D.
1883 1667 1956 1712 11⁸
1999 1662 2042 1707 lc.
2074 1664 2145 1707 Au
2180 1698 2189 1707 .
2232 1662 2624 1722 Constantinopoli
2653 1673 2768 1723 post
2804 1681 2962 1710 eonsu-

1623 1719 1764 1762 latum
1795 1718 2034 1775 Lampadii
2063 1723 2108 1763 et
2176 1719 2308 1762 restis
2337 1733 2400 1763 vv.
2434 1733 2493 1763 oc.
2775 1725 2831 1774 [a.
2865 1726 2957 1774 531]

2175 1890 2421 1938 XXVIII.⁹

1622 1971 1699 2014 DE
1730 1969 1957 2015 LIBERIS
1993 1970 2369 2012 PRAETERITIS
2398 1972 2512 2013 VEL
2543 1973 2964 2015 EXHEREDA'I'IS.

1682 2051 1702 2098 1
1743 2051 1889 2111 Impp.
1918 2051 2110 2097 Severus
2137 2058 2182 2097 et
2205 2055 2460 2098 Antoninus
2490 2057 2625 2099 ΛΑ.ιο
2654 2056 2809 2100 Fabio.
2857 2056 2965 2101 Cum

1623 2114 1726 2165 post
1765 2122 1917 2153 omnes
1956 2109 2167 2153 heredum
2204 2110 2368 2164 gradus
2408 2111 2692 2156 exheredatio
2731 2113 2964 2167 scribatur,

1623 2167 1660 2210 si
1698 2165 1866 2210 adiciat
1898 2168 2091 2209 testator
2126 2167 2184 2210 ab
2226 2167 2429 2211 omnibus
2469 2180 2517 2211 se
2544 2169 2754 2223 gradibus
2784 2170 2965 2214 exhere-

1623 2222 1743 2276 dare,
1773 2235 1863 2266 non
1891 2221 2120 2265 dubitatur
2140 2222 2226 2265 iuri
2252 2223 2544 2267 satisfactum.
2591 2230 2635 2268 et
2655 2224 2768 2277 ideo,
2797 2225 2964 2269 etiamsi

1620 2278 1667 2322 id
1695 2291 1785 2322 non
1814 2277 2055 2330 adiciatur,
2095 2283 2310 2334 appareat
2342 2283 2491 2323 tamen
2520 2294 2616 2323 eum
2647 2294 2745 2324 cum
2777 2294 2828 2324 eo
2860 2295 2963 2325 con-

1622 2334 1723 2378 silio
1764 2333 2016 2389 scripsisse,
2063 2340 2113 2376 ut
2151 2335 2208 2377 ab
2250 2335 2453 2378 omnibus
2494 2336 2802 2388 exheredaret,
2846 2344 2963 2381 recte

1627 2395 1644 2432 1
1706 2389 1877 2432 factum
1905 2392 2216 2433 testamentum
2247 2390 2434 2434 videtur.
2487 2391 2679 2436 Proinde
2710 2406 2807 2436 cum
2836 2398 2963 2459 pater

1621 2445 1813 2489 familias
1847 2444 1954 2488 filiis
1991 2445 2207 2489 institutis
2249 2449 2293 2488 et
2327 2446 2512 2490 invicem
2550 2449 2800 2491 substitutis
2830 2449 2964 2492 filiam

1623 2501 1976 2552 exheredaverit,
2014 2501 2336 2556 intellegendus
2377 2507 2445 2546 est
2480 2503 2863 2548 exheredationem
2907 2506 2963 2549 ab

1621 2563 1812 2613 utroque
1849 2557 1991 2612 gradu
2028 2556 2204 2601 fecisse.
2273 2571 2373 2601 nam
2408 2573 2508 2602 cum
2537 2559 2652 2603 idem
2681 2560 2864 2605 heredes
2895 2561 2962 2604 in-

1622 2614 1768 2657 stituti
1798 2618 1914 2667 sunt,
1945 2613 2067 2656 nulla
2095 2614 2211 2657 ratio
2242 2614 2366 2657 reddi
2393 2618 2556 2670 potest,
2597 2629 2734 2670 quare
2763 2616 2964 2660 videatur

1621 2670 1668 2713 in
1681 2670 1929 2725 posteriore
1944 2674 2118 2714 tantum
2143 2683 2249 2714 casu
2271 2671 2538 2715 exheredare
2552 2672 2756 2716 voluisse.
2798 2671 2890 2716 PP.
2919 2686 2964 2716 Vl

1622 2726 1664 2770 lc.
1697 2725 1783 2770 Iul.
1816 2723 1972 2770 Cilone
1999 2731 2046 2770 et
2072 2725 2243 2770 Libone
2271 2740 2415 2770 conss.
2777 2732 2834 2781 [a.
2866 2733 2962 2780 204]

1678 2779 1710 2827 2
1742 2780 1856 2839 Imp.
1888 2781 2154 2826 Alexander
2181 2783 2234 2826 A.
2265 2781 2548 2826 Heraclidae.
2620 2783 2665 2827 Si
2703 2796 2811 2828 avus
2845 2789 2963 2836 tuus,

1623 2838 1699 2894 qui
1740 2843 1913 2894 patrem
1955 2841 2083 2881 tuum
2128 2843 2172 2882 et
2208 2851 2442 2882 novercam
2490 2839 2643 2895 aequis
2686 2840 2964 2895 portionibus

1621 2895 1804 2938 heredes
1834 2894 2050 2949 instituit,
2092 2907 2192 2938 cum
2226 2897 2272 2938 te
2308 2908 2482 2951 quoque
2521 2895 2706 2939 haberet
2739 2896 2784 2939 in
2814 2902 2962 2952 potes-

1621 2954 1726 3002 tate,
1757 2954 2024 2994 testamento
2054 2951 2312 2994 nominatim
2341 2964 2431 2994 non
2462 2951 2757 3006 exheredavit,
2788 2956 2962 2996 mortuo

1620 3013 1748 3062 patre
1786 3011 1863 3050 tuo
1893 3008 1990 3050 vivo
2031 3020 2112 3050 avo
2151 3007 2247 3051 sine
2277 3007 2589 3063 impedimento
2618 3008 2727 3062 legis
2757 3007 2964 3052 Vellaeae

1622 3062 1898 3106 succedendo
1927 3062 1974 3106 in
2036 3064 2143 3106 atris
2172 3064 2238 3106 tui
2267 3063 2413 3106 locum
2441 3062 2602 3117 rupisti
2632 3064 2701 3106 avi
2724 3065 2961 3107 testamen-

1622 3125 1715 3161 tum
1751 3121 1798 3162 et
1831 3119 1890 3162 ad
1925 3121 1970 3162 te
2030 3118 2220 3162 ereditas
2251 3119 2345 3162 eius
2374 3123 2470 3161 tota
2497 3118 2723 3172 pertinuit.
2782 3118 2875 3162 PP.
2916 3131 2966 3163 VI

1620 3174 1678 3217 id.
1710 3175 1756 3217 Α
1785 3174 1855 3217 ril.
1886 3173 2035 3218 Fusco
2068 3186 2114 3217 Π
2139 3179 2185 3218 et
2211 3173 2390 3218 Dextro
2421 3187 2563 3217 conss.
2775 3179 2830 3227 [a.
2864 3179 2960 3228 225]

1679 3227 1709 3276 3
1768 3243 1854 3286 mp.
1888 3227 2171 3272 Iustinianus
2198 3230 2249 3272 A.
2282 3228 2463 3272 Iuliano
2538 3244 2568 3272 ι.
2621 3228 2668 3273 Si
2698 3230 2794 3285 quis
2824 3230 2959 3275 filium

1621 3286 1848 3340 proprium
1876 3285 1940 3327 ita
1970 3284 2322 3327 exheredaverit:
2362 3285 2456 3328 ‘ille
2484 3243 2601 3328 {psius
2631 3299 2754 3330 meus
2791 3286 2961 3331 alienus

1620 3353 1746 3384 meae
1766 3339 2043 3384 substantiae
2063 3340 2176 3392 fiat',
2202 3341 2303 3383 talis
2324 3340 2440 3384 filius
2460 3342 2516 3384 ab
2540 3342 2789 3386 huiusmodi
2805 3344 2960 3387 verbo-

1621 3410 1718 3439 rum
1740 3397 2028 3451 conceptione
2050 3409 2139 3439 non
2161 3396 2440 3451 praeteritus,
2472 3397 2549 3440 sed
2575 3398 2869 3443 exheredatus
2893 3400 2960 3442 in-

1620 3453 1866 3506 tellegatur.
1899 3465 1998 3495 cum
2023 3452 2138 3494 enim
2163 3452 2546 3496 manifestissimus
2564 3458 2632 3497 est
2651 3467 2808 3498 sensus
2823 3459 2960 3499 testa·

1620 3508 1742 3559 toris,
1765 3509 2001 3551 verborum
2030 3507 2335 3563 interpretatio
2360 3521 2581 3564 nusquam
2603 3512 2776 3553 tantum
2801 3511 2958 3564 valeat,

1621 3568 1672 3607 ut
1687 3563 1842 3607 melior
1862 3576 1994 3621 sensu
2011 3564 2186 3607 existat.
2227 3563 2280 3608 D.
2294 3577 2329 3607 ,x
2343 3563 2386 3608 Ic.
2406 3563 2543 3608 Mart.
2569 3563 2961 3625 Constantinopoli

1615 3626 1727 3678 post
1749 3619 2032 3663 consulatum
2056 3618 2298 3678 Lampadii
2321 3625 2366 3665 et
2381 3619 2552 3665 Orestis
2580 3635 2644 3666 vv.
2672 3635 2732 3664 cc.
2781 3627 2836 3673 [a.
2860 3627 2957 3674 531]

1678 3674 1709 3721 4
1743 3674 1905 3719 ¹¹[clem
1933 3675 1984 3718 A.
2018 3674 2215 3719 Iohanni
2235 3690 2319 3734 pp.
2388 3677 2629 3720 Maximum
2658 3677 2811 3720 vitium
2843 3678 2957 3721 anti—

1621 3744 1735 3787 quae
1763 3729 2022 3775 subtilitatis
2051 3732 2275 3787 praesenti
2302 3732 2344 3776 le
2373 3745 2397 3776 e
2428 3733 2697 3788 corrigimus,
2732 3746 2845 3787 quae
2872 3746 2957 3788 pu-

1622 3787 1731 3830 tavit
1760 3787 1848 3832 alia
1877 3799 1975 3830 esse
1996 3787 2096 3830 iura
2120 3788 2335 3832 observan
2368 3801 2396 3830 a
2419 3789 2465 3831 in
2487 3787 2771 3831 successione
2795 3801 2955 3843 paren·

1621 3849 1727 3898 tum,
1772 3844 1809 3887 si
1849 3855 1903 3885 ex
1946 3846 2209 3887 testamento
2254 3845 2453 3897 veniant,
2497 3843 2543 3886 in
2579 3844 2788 3886 masculis
2828 3846 2874 3887 et
2910 3845 2956 3886 in

1620 3899 1818 3952 feminis,
1860 3911 1961 3941 cum
1999 3899 2056 3942 ab
2093 3899 2303 3943 intestato
2343 3899 2480 3942 simile
2516 3899 2586 3941 ius
2626 3898 2801 3953 utrique
2830 3900 2956 3942 sexui

1621 3959 1924 4005 servaverunt,
1965 3957 2010 3997 et
2038 3954 2136 3998 aliis
2165 3956 2310 3999 verbis
2343 3954 2601 3998 exheredari
2628 3953 2788 3996 debere
2817 3953 2956 3997 filium

1621 4016 1875 4063 sanxerunt,
1906 4009 2004 4053 aliis
2027 4009 2176 4066 filiam,
2207 4016 2251 4055 et
2277 4012 2392 4054 inter
2414 4016 2597 4064 nepotes
2624 4009 2955 4052 exheredandos

1628 4073 1639 4108 1
1705 4067 1793 4110 alia
1821 4065 1922 4109 iura
1950 4066 2107 4119 civilia,
2138 4067 2225 4110 alia
2247 4066 2463 4123 praetoris
2489 4064 2839 4107 introduxerunt.
2893 4065 2955 4107 Et

1620 4124 1658 4166 si
1695 4122 1961 4178 praeteritus
1998 4120 2145 4166 fuerat
2180 4122 2318 4174 filius,
2358 4122 2425 4164 vel
2460 4122 2555 4175 ipso
2592 4121 2689 4163 iure
2719 4124 2953 4163 testamen-

1619 4184 1713 4222 tum
1752 4178 1976 4221 evertebat
2012 4178 2081 4221 vel
2117 4184 2273 4222 contra
2316 4177 2489 4219 tabulas
2527 4177 2743 4219 bonorum
2778 4188 2952 4231 posses-

1620 4235 1788 4278 sionem
1825 4234 1871 4276 in
1908 4237 2052 4277 totum
2089 4234 2352 4288 accipiebat,
2397 4231 2488 4274 filia
2527 4236 2674 4274 autem
2711 4231 2953 4287 praeterita

200 4291 287 4335 iam
327 4292 376 4336 in
418 4292 696 4348 pubertatem
739 4291 1042 4346 perveniente,
1085 4296 1193 4335 tunc
1238 4292 1296 4335 ad
1337 4292 1536 4347 legatarii
1618 4290 1689 4333 ius
1718 4289 2006 4333 adcrescendi
2034 4302 2088 4333 ex
2116 4290 2212 4332 iure
2240 4294 2384 4331 vetere
2418 4286 2683 4341 accipiebat,
2714 4291 2764 4328 ut
2798 4286 2952 4330 eodem

203 4346 254 4391 3b
296 4346 534 4392 dominium
558 4351 769 4391 transeat.
815 4346 1188 4401 Quemadmodum
1213 4347 1328 4391 enim
1351 4351 1535 4403 veteres,

201 4490 251 4542 (1)
280 4490 432 4542 inferre
462 4493 678 4532 Mommsen
764 4492 818 4541 (2)
847 4490 965 4542 iunye
992 4492 1031 4539 6,
1054 4497 1112 4541 46,
1136 4498 1157 4530 6
1242 4490 1296 4541 (3)
1329 4492 1383 4544 qs.
1405 4492 1445 4540 7,
1463 4499 1497 4539 4,
1514 4498 1534 4530 9

203 4545 451 4643 Ξξῃρἱξὴὲὃ,
472 4556 505 4599 2,
522 4556 562 4589 ιο
594 4553 664 4595 §4.
695 4556 739 4589 32
766 4552 825 4593 §2
905 4545 961 4596 (⁴1)
992 4544 1115 4583 otiam
1146 4545 1242 4586 libri
1308 4546 1365 4595 (s)
1393 4547 1435 4584 et
1458 4544 1535 4587 Β...

203 4660 242 4697 et
270 4657 435 4696 serviles
465 4657 622 4700 labores
667 4660 717 4698 Μ

487 4604 541 4655 (6)
570 4602 731 4643 servilis
758 4601 910 4642 laboris
947 4599 1049 4649 6Ὲο,
1081 4600 1245 4640 serviles
1274 4601 1431 4641 labores
1464 4605 1534 4644 w,

832 4657 886 4709 (τ)
919 4674 949 4697 c.
983 4667 1001 4698 s
1037 4664 1053 4703 5
1091 4660 1129 4697 ιδ
1162 4658 1197 4695 h.
1232 4665 1258 4696 ε.
1379 4659 1435 4707 (s)
1466 4668 1535 4695 xm

1618 4349 1838 4390 momento
1889 4347 1937 4389 et
1986 4348 2297 4390 testamentum
2349 4342 2488 4398 patris
2534 4341 2854 4397 quodammodo
2898 4355 2954 4385 ex

1619 4503 1709 4539 scr„
1739 4489 1793 4541 cf
1823 4487 2062 4541 Zeitscllrt'st
2077 4489 2162 4540 fi'lr
2190 4485 2467 4537 Rechts-ymb.
2502 4493 2535 4524 11
2566 4499 2609 4537 p.
2641 4491 2704 4524 170
2818 4484 2876 4534 (⁹)
2904 4482 2952 4525 B

1620 4545 1686 4586 35,
1714 4552 1748 4594 s,
1775 4551 1821 4581 κο
1850 4557 1958 4595 seqq.
1988 4566 2044 4572 -
2078 4543 2139 4594 Of.
2158 4542 2256 4591 Diq.
2285 4541 2351 4583 28.
2377 4549 2398 4580 2
2427 4540 2527 4580 lust.
2551 4539 2591 4590 2,
2616 4547 2656 4580 13
2726 4538 2804 4590 (ιο)
2823 4540 2883 4580 eie
2897 4539 2950 4590 R,

1619 4600 1715 4652 imp.
1746 4599 1970 4640 antoninus
1998 4613 2032 4639 a.
2068 4600 2140 4641 δι’
2250 4604 2317 4649 (ιι)
2351 4598 2464 4650 {unqe
2496 4599 2532 4646 23,
2566 4604 2624 4646 28,
2654 4603 2711 4637 85.
2740 4602 2785 4637 36
