3152 4784
228 200 370 251 V27

222 339 387 381 titatem
421 336 462 377 in
503 331 702 376 omnibus
732 331 1007 375 naturalibus
1036 329 1135 372 filiis
1167 330 1208 369 ct
1227 327 1366 366 matre
1395 334 1542 365 eorum

227 398 241 434 l
302 391 474 433 minime
502 392 685 429 testator
714 385 912 429 excedat.
971 385 1108 439 Quam
1147 386 1189 424 et
1223 380 1269 421 in
1309 378 1462 442 legatis
1497 379 1542 418 et

219 444 557 488 fideicommissis
592 440 653 483 eis
692 440 989 494 relinquendis
1030 444 1073 481 et
1111 435 1285 478 dotibus
1323 439 1366 474 et
1403 431 1539 474 dona·

219 501 435 545 tionibus,
480 502 567 539 tam
613 495 708 537 aliis
748 506 878 548 quam
920 498 1022 536 ante
1065 491 1269 552 nuptias,
1293 498 1446 552 'usque
1484 484 1540 527 ad

219 555 560 598 aestimationem
592 563 667 592 sex
698 551 926 591 unciarum
957 549 1137 590 liberam
1177 543 1373 586 similiter
1412 545 1539 584 natu·

222 615 243 653 2
300 610 460 652 ralibus
493 618 640 648 eorum
672 604 869 658 patribus
900 604 1052 645 damus
1083 602 1361 654 potestatem.
1422 597 1542 660 Iiaec

219 671 360 708 autem
390 664 433 705 in
463 661 621 703 futuris
653 658 951 701 tantummodo
982 655 1257 699 testamentis
1286 653 1355 697 vel
1374 652 1537 696 ultlmis

218 718 510 763 voluntatibus
540 717 605 758 vel
636 715 811 756 dotibus
841 714 907 756 vel
937 712 1246 754 donationibus
1286 711 1433 754 locum
1462 709 1538 750 ha·

220 776 393 819 bebunt.
453 771 504 815 D.
534 770 577 814 lc.
615 769 729 813 Ian.¹
752 766 1143 824 Constantinopoli
1163 766 1236 809 dn.
1285 765 1537 810 Iustiniana

217 832 267 874 A.
300 841 342 871 ll
360 840 480 870 cons.
1353 825 1412 873 [a.
1446 822 1541 870 528]

271 884 300 928 9
332 881 480 925 '²Idem
518 882 567 925 A.
601 880 760 924 Menae
786 892 863 936 pp.
924 878 1226 921 Communium
1265 890 1410 921 rerum
1449 887 1544 919 esse

219 941 448 983 utilitatem
480 941 599 980 recte
629 936 873 980 iudicantes
913 934 1070 977 lucidis
1101 938 1143 977 et
1179 934 1296 976 omni
1332 932 1543 986 ambigui-

217 999 308 1038 tate
338 993 575 1048 segregatis
604 993 771 1046 legibus
802 990 865 1033 uti
893 997 1046 1034 nostro
1085 989 1308 1033 subiectos
1347 989 1542 1044 imperio,

216 1052 270 1093 ad
300 1055 574 1105 praesentem
605 1048 876 1091 sanctionem
906 1047 1122 1098 venimus,
1159 1057 1238 1100 per
1267 1057 1396 1100 quam
1426 1043 1545 1087 omni

217 1107 489 1150 dubitatione
519 1109 770 1159 amputata,
809 1115 922 1157 quae
951 1114 1091 1156 usque
1121 1101 1266 1143 adhuc
1303 1100 1544 1150 obtinebat,

218 1163 503 1206 certissimum
531 1159 742 1208 facimus,
774 1166 843 1207 ut,
875 1158 1076 1211 quotiens
1107 1157 1331 1199 naturales
1359 1156 1437 1198 filii
1468 1169 1544 1200 cu·

217 1218 317 1260 riali
346 1216 552 1260 fortunae
582 1217 750 1270 patriae
780 1214 848 1256 sui
885 1213 1092 1266 genitoris
1129 1212 1438 1267 adsignantur,
1478 1213 1545 1256 vel

216 1275 358 1317 adhuc
388 1273 558 1315 vivente
587 1277 712 1326 patre
743 1271 808 1312 vel
838 1274 941 1324 post
970 1272 1064 1312 eius
1093 1269 1259 1311 obitum
1289 1281 1369 1323 pro
1395 1267 1541 1323 dispo-

217 1330 369 1373 sitione
400 1328 652 1370 testamenti
689 1326 746 1369 ab
786 1337 838 1367 eo
875 1325 1060 1376 conditi,
1101 1328 1144 1367 et
1183 1336 1233 1367 eo
1273 1324 1402 1367 modo
1440 1324 1545 1378 legi-

216 1386 321 1428 tima
351 1385 448 1426 iura
477 1383 522 1425 in
552 1390 739 1437 paterna
767 1380 1050 1423 successione
1080 1380 1389 1434 adipiscuntur
1413 1381 1545 1434 (quod

215 1447 334 1483 recte
362 1439 455 1482 fieri
486 1439 660 1481 minime
689 1437 866 1479 dubium
897 1442 1003 1487 est),
1032 1437 1136 1479 licet
1164 1437 1376 1479 illustrem
1407 1437 1545 1490 digni-

216 1501 370 1548 tatem,
410 1507 465 1538 ex
493 1507 581 1549 qua
611 1494 787 1537 curialis
816 1494 1020 1535 fortunae
1060 1492 1261 1535 liberatio
1301 1499 1546 1547 competere

217 1565 304 1595 non
334 1557 500 1606 potest,
532 1549 757 1592 naturales
786 1547 863 1590 filii
893 1557 1022 1589 antea
1053 1551 1326 1598 mernerunt,
1359 1561 1414 1591 ne
1445 1561 1543 1603 per·

216 1609 415 1650 mittatur
444 1605 506 1649 eis
546 1607 701 1648 contra
737 1603 1029 1647 substantiam
1070 1606 1126 1647 ab
1163 1604 1315 1647 eodem
1356 1606 1547 1648 naturali

216 1669 343 1719 patre
363 1661 720 1705 descendentium
750 1660 816 1703 vel
845 1659 1208 1702 adscendentium
1235 1661 1302 1703 vel
1329 1672 1383 1703 ex
1412 1660 1549 1704 latere

219 1719 493 1773 cognationis
523 1717 590 1760 vel
619 1716 865 1770 agnationis
893 1716 988 1758 iure
1018 1715 1156 1758 eidem
1186 1717 1304 1770 patri
1338 1718 1547 1760 coniunc—

217 1780 384 1827 torum,
414 1774 516 1816 licet
544 1772 629 1827 ipsi
658 1771 835 1825 legitimi
865 1783 1146 1814 successores
1176 1771 1317 1815 eidem
1356 1774 1546 1816 naturali

218 1831 334 1886 patri
372 1842 451 1885 per
483 1831 767 1872 memoratam
805 1827 1028 1870 fortunam
1066 1827 1335 1879 efficiantur,
1372 1828 1550 1884 aliquod

224 1891 243 1930 1
304 1887 371 1929 ius
402 1885 485 1929 sibi
514 1884 747 1927 vindicare.
808 1882 933 1936 Quod
963 1886 1007 1925 et
1035 1882 1082 1925 in
1102 1883 1169 1926 his
1190 1884 1334 1926 locum
1355 1884 1548 1936 habebit,

221 1943 294 1997 qui
332 1942 418 1984 iam
455 1953 483 1983 a
520 1940 711 1983 naturali
750 1942 887 1994 *patre
924 1939 1079 1981 curiali
1115 1939 1364 1982 condicioni
1401 1942 1549 1984 traditi

221 1998 366 2041 adhuc
396 1995 655 2052 superstites
684 1998 801 2047 sunt,
831 1994 984 2038 eodem
1014 1995 1183 2038 scilicet
1213 1995 1339 2039 modo
1361 2009 1442 2039 nec
1463 1997 1549 2041 illis

222 2059 377 2096 contra
407 2052 699 2096 substantiam
728 2050 923 2094 eiusdem
953 2051 1164 2094 naturalis
1201 2051 1279 2093 filii
1319 2053 1384 2094 vel
1414 2065 1467 2095 ex
1497 2066 1548 2096 eo

220 2109 573 2153 descendentium
603 2108 669 2150 vel
697 2107 1055 2150 adscendentium
1084 2107 1151 2150 vel
1184 2119 1239 2150 ex
1276 2107 1413 2151 latere
1444 2122 1547 2152 con-

220 2168 471 2208 iunctorum
527 2164 705 2218 aliquod
752 2163 836 2206 sibi
884 2163 951 2204 ius
1009 2163 1228 2206 vindicare
1286 2164 1544 2208 valentibus.

222 2224 246 2263 2
305 2221 388 2263 Sed
437 2220 475 2263 si
523 2219 697 2274 quidem
744 2219 828 2261 iste
872 2218 1086 2261 naturalis
1128 2218 1248 2261 filius
1292 2220 1382 2262 sive
1426 2228 1547 2274 post-

221 2290 350 2330 quam
391 2275 608 2328 legitimus
650 2286 881 2317 successor
924 2276 1038 2328 patri
1082 2273 1227 2316 factus
1271 2275 1328 2317 sit
1370 2274 1462 2319 sive
1503 2277 1549 2320 in

220 2331 497 2374 antecedenti
541 2336 738 2384 tempore
782 2329 894 2371 filios
937 2341 992 2371 ex
1034 2329 1225 2383 legitimo
1271 2331 1548 2375 matrimonio

219 2388 285 2428 vel
334 2388 444 2429 alios
489 2386 807 2428 descendentes
850 2384 1012 2428 liberos
1056 2383 1239 2435 habeat,
1289 2396 1363 2428 eos
1412 2388 1552 2431 modis

216 2442 416 2486 omnibus
456 2442 511 2484 ad
551 2441 643 2484 eius
683 2452 1006 2484 successmnem
1039 2440 1132 2484 sine
1162 2443 1423 2484 testamento
1454 2453 1546 2483 mo-

214 2497 365 2541 rientis
402 2497 549 2539 vocari
586 2509 669 2539 nec
710 2496 857 2539 curiae
897 2497 1040 2539 locum
1079 2508 1197 2548 esse,
1238 2498 1548 2551 praeterquam

215 2553 250 2596 si
281 2558 439 2608 quarta
475 2552 618 2607 portio
660 2552 877 2595 bonorum
915 2552 1007 2594 eius
1040 2550 1179 2594 eidem
1209 2551 1358 2594 curiae
1387 2550 1546 2594 debea-

215 2612 286 2651 tur
317 2621 390 2662 eo,
431 2606 549 2663 quod
578 2607 724 2650 nullus
754 2607 869 2650 forte
900 2619 952 2650 ex
988 2606 1152 2650 mortui
1182 2607 1329 2651 liberis
1368 2607 1548 2650 curialia

214 2676 394 2707 munera
432 2675 641 2718 peragere
683 2663 874 2717 cogitur:
914 2663 987 2706 illo
1020 2662 1221 2706 videlicet
1260 2663 1545 2717 observando,

216 2723 264 2762 ut
299 2719 352 2769 ii,
394 2732 503 2773 quos
541 2720 624 2762 iste
665 2719 876 2762 naturalis
913 2718 1049 2772 filius,
1090 2723 1377 2773 posteaquam
1407 2719 1547 2762 fortu-

216 2788 297 2817 nae
329 2774 482 2818 curiali
512 2774 640 2818 datus
671 2777 761 2828 est,
798 2774 1116 2828 procreaverit,
1163 2774 1421 2817 decuriones
1455 2775 1547 2818 sine

191 2872 193 2874 .
218 2831 349 2874 dubio
377 2830 463 2872 sint
492 2834 534 2872 et
565 2829 749 2876 curialia
773 2842 982 2884 peragere
1007 2842 1189 2873 munera
1214 2831 1545 2885 compellantur.

218 2890 240 2928 3
273 2889 331 2938 (1)
388 2885 466 2928 Sin
495 2898 594 2928 vero
626 2886 719 2928 sine
746 2885 898 2928 liberis
941 2885 1255 2940 cuiuscumque
1289 2885 1450 2940 gradus
1479 2886 1545 2928 in-

218 2945 404 2984 testatus
435 2940 684 2993 decesserit,
725 2941 762 2984 si
792 2941 965 2994 quidem
994 2944 1133 2984 matre
1163 2942 1419 2996 superstite,
1460 2946 1546 2984 ter-

218 2998 322 3039 tiam
361 2996 534 3051 quidem
572 3001 742 3051 partem
780 2997 996 3040 bonorum
1028 2997 1124 3040 eius
1156 3000 1340 3040 matrem
1369 2996 1546 3049 habere,

219 3053 328 3096 duas
367 3065 467 3095 vero
508 3051 616 3095 alias
656 3057 805 3107 partes
843 3053 1034 3104 curiam,
1077 3053 1148 3096 cui
1186 3065 1213 3096 a
1252 3058 1380 3107 patre
1417 3053 1546 3095 datus

219 3113 243 3151 4
302 3114 382 3151 est..
428 3107 504 3151 Sin
530 3111 674 3150 autem
700 3113 840 3151 mater
867 3108 1040 3163 quidem
1065 3108 1261 3152 defuncti
1282 3122 1371 3152 non
1393 3121 1546 3163 super-

219 3169 344 3215 esset,
375 3163 448 3205 alii
465 3176 563 3206 vero
591 3164 763 3217 cognati
790 3175 844 3207 ex
868 3167 1069 3207 materna
1093 3164 1210 3206 linea
1233 3163 1547 3208 descendentes

221 3221 286 3261 vel
310 3218 624 3262 adscendentes
650 3219 790 3262 velex
816 3220 953 3262 latere
969 3220 1191 3263 venientes
1208 3219 1264 3262 ad
1280 3220 1373 3263 eius
1390 3232 1547 3263 vocen-

221 3280 290 3316 tur
306 3275 637 3327 successionem,
662 3280 767 3318 tunc
795 3288 846 3318 ea
869 3275 1056 3331 quidem,
1081 3287 1193 3329 quae
1218 3288 1245 3318 a
1268 3280 1395 3331 patre
1420 3281 1548 3319 natu-

222 3330 302 3371 rali
324 3330 383 3372 ad
408 3342 503 3372 eum
530 3334 831 3385 pervenerunt,
862 3331 1000 3374 eidem
1036 3331 1186 3375 curiae
1213 3334 1480 3386 competere:
1511 3331 1550 3374 si

225 3384 328 3439 quid
346 3397 445 3428 vero
463 3384 551 3427 filio
573 3389 813 3440 posteaque
834 3387 1025 3441 legitimo
1045 3388 1290 3431 successori
1308 3387 1463 3431 effecto
1482 3387 1549 3430 vel

225 3453 251 3482 a
280 3444 418 3482 matre
457 3453 537 3483 sua
566 3441 632 3483 vel
669 3442 842 3485 aliunde
878 3455 1153 3497 quocumque
1191 3443 1387 3496 legitimo
1418 3443 1547 3486 modo

226 3494 487 3550 adquisitum
518 3495 586 3546 sit,
618 3496 701 3539 hoc
731 3497 785 3539 ad
825 3499 1045 3552 proximos
1083 3503 1304 3542 maternos
1342 3500 1434 3543 eius
1475 3512 1547 3542 co-

226 3555 258 3614 5.
306 3553 463 3605 gnatos
493 3552 729 3605 pervenire.
799 3553 879 3596 Illo
912 3554 1110 3598 videlicet
1149 3555 1443 3605 observando,
1485 3558 1548 3609 ut,

226 3618 314 3649 sive
352 3612 488 3649 matre
528 3607 621 3650 eius
662 3608 893 3662 superstite
930 3610 1017 3652 sive
1055 3622 1107 3652 ea
1137 3615 1238 3653 ante
1269 3610 1404 3654 filium
1433 3624 1548 3653 mor-

226 3667 303 3704 tua
331 3661 488 3716 aliquis
530 3674 582 3703 ex
619 3662 710 3705 eius
740 3675 896 3717 genere
927 3665 1115 3708 eiusdem
1146 3667 1296 3709 curiae
1326 3666 1548 3710 fortunam

225 3716 373 3761 subire
401 3723 581 3771 paratus
612 3718 680 3771 sit,
709 3718 842 3760 liceat
869 3719 910 3762 ei
938 3733 985 3762 se
1006 3721 1207 3764 offerenti
1232 3722 1372 3765 eidem
1402 3723 1549 3766 curiae

225 3773 340 3815 bona
369 3772 541 3824 mortui,
573 3785 684 3828 quae
713 3773 766 3816 de
796 3775 1042 3818 substantia
1072 3777 1210 3831 patris
1241 3778 1296 3820 ad
1324 3790 1422 3820 eum
1451 3791 1550 3833 per-

229 3832 448 3881 venerunt,
489 3841 646 3883 capere
675 3840 941 3883 muneraque
971 3844 1178 3885 peragere
1218 3833 1422 3887 curialia,
1463 3846 1548 3888 quo

225 3883 461 3926 accedente
503 3892 643 3926 mater
682 3884 899 3937 defuncti,
945 3887 980 3928 si
1023 3887 1166 3931 adhuc
1205 3889 1416 3943 supersit,
1460 3902 1549 3933 non

227 3939 366 3981 solum
395 3939 567 3981 tertiam
597 3943 766 3994 partem
796 3952 967 3986 eorum,
1009 3956 1118 3996 quae
1158 3948 1281 3986 extra
1318 3947 1549 3999 paternam

227 3994 517 4039 substantiam
547 3995 661 4038 filius
691 3996 784 4038 eius
813 3996 987 4039 aliunde
1016 3999 1264 4053 adquisivit,
1297 3999 1374 4044 sed
1403 4001 1549 4043 omnia

227 4062 278 4092 ea
316 4050 382 4093 vel
420 4050 517 4105 ipsa
555 4051 650 4093 sola
686 4052 751 4094 vel
791 4063 889 4094 cum
930 4053 1216 4098 coheredibus
1257 4056 1347 4098 suis
1389 4057 1545 4110 capiet.

228 4113 250 4145 o
282 4108 342 4157 (2)
399 4105 468 4148 Ea
505 4118 628 4159 vero,
670 4119 780 4160 quae
817 4106 871 4150 de
909 4110 1182 4153 successione
1216 4111 1429 4155 naturalis
1468 4111 1547 4154 filii

227 4165 325 4214 post
363 4160 569 4204 curialem
610 4161 911 4205 condicionem
954 4165 1175 4209 morientis
1223 4167 1545 4220 constituimus,

226 4229 314 4259 non
341 4219 511 4258 tantum
539 4217 585 4260 in
614 4217 680 4260 his
710 4218 854 4261 locum
884 4218 1045 4262 habere
1074 4219 1254 4275 debent,
1287 4222 1363 4277 qui
1390 4227 1547 4277 postea

226 4284 252 4312 a
281 4275 406 4327 patre
434 4283 514 4315 suo
543 4272 736 4316 naturali
767 4274 915 4316 curiae
947 4274 1035 4316 dati
1075 4276 1259 4328 fuerint,
1301 4276 1378 4321 sed
1414 4277 1546 4321 etiam

226 4327 271 4369 in
308 4326 420 4379 illis,
459 4327 532 4382 qui
569 4327 656 4371 iam
694 4327 786 4371 dati
815 4333 940 4383 sunt,
978 4329 1015 4372 si
1043 4334 1188 4374 tamen
1217 4332 1362 4377 adhuc
1391 4345 1544 4389 super·

229 4523 278 4568 (1)
308 4519 399 4559 Iun.
430 4536 513 4561 cum
543 4538 575 4563 c.
594 4531 614 4563 9
646 4524 683 4563 11.
701 4532 726 4563 e.
749 4539 825 4564 scr.
912 4525 968 4573 (2)
995 4524 1112 4576 iunqe
1141 4541 1174 4565 c.
1197 4536 1215 4567 8
1247 4528 1284 4568 li.
1305 4537 1327 4567 t.
1365 4530 1428 4578 10,
1443 4536 1498 4578 35,
1514 4536 1547 4569 3.

234 4576 296 4622 10,
325 4583 381 4625 44,
411 4584 430 4614 4
554 4579 607 4627 (3)
637 4578 670 4616 si
702 4576 774 4627 ΕΦ,
806 4595 875 4619 om.
914 4578 1008 4619 CRa
1141 4585 1193 4629 (1)
1224 4585 1340 4635 {unqe
1369 4585 1409 4632 6,
1441 4593 1496 4632 57,
1527 4593 1547 4623 5

232 4627 284 4676 (5)
313 4630 369 4668 sic
399 4630 482 4680 Μ’),
512 4631 755 4671 educendam
793 4630 934 4675 CstMv
1057 4636 1111 4686 (6)
1142 4638 1199 4676 sic
1231 4638 1316 4689 CR,
1345 4638 1470 4692 stirpe
1501 4639 1548 4677 M

1583 4165 1589 4391 Ι

1535 173 1632 232 218

1588 3072 1591 3098 l

2212 191 2284 228 nu
2323 159 2699 228 NATURAmnth
2735 187 2948 228 munius

1621 331 1642 368 7
1690 330 1808 369 sunt.
1857 325 1981 380 Quod
2007 328 2044 371 si
2067 333 2167 372 autc
2195 331 2472 384 praesentem
2496 327 2766 372 sanctionem
2791 325 2952 371 mortui

1622 385 1737 429 sunt,
1761 380 1936 425 minime
1959 383 2016 426 ad
2038 395 2189 428 eorum
2213 381 2536 427 successionem
2557 383 2739 426 eandem
2756 386 2952 427 nostram

1622 440 1645 479 8
1678 439 1736 488 (3)
1803 437 2073 482 sanctionem
2111 438 2399 483 extendimus.
2472 436 2534 480 Et
2571 439 2774 492 quoniam
2814 437 2952 482 omni-

1622 491 1748 535 modo
1779 491 2014 536 favendum
2048 498 2116 538 est
2144 495 2276 539 curiis
2307 494 2554 545 civitatum,
2593 493 2701 536 illud
2739 494 2871 538 etiam
2909 494 2954 536 in

1622 549 1705 590 hac
1734 552 1860 603 parte
1888 548 2135 593 addendum
2166 563 2263 593 esse
2293 560 2541 601 censemuS‚
2581 553 2629 590 ut
2656 548 2789 593 liceat
2815 549 2955 604 patri·

1622 605 1703 648 bus
1734 604 1957 647 naturales
1985 604 2099 650 filios
2131 606 2279 650 curiae
2308 604 2481 660 patriae
2517 616 2624 646 suae
2661 603 2836 648 tradere
2864 617 2956 648 non

1623 659 1762 702 solum
1792 659 1912 701 nulla
1941 659 2003 703 eis
2032 661 2224 716 legitima
2254 660 2408 706 subole
2437 658 2678 710 existente,
2718 659 2795 702 sed
2824 659 2957 702 etiam

1623 715 1691 759 si³
1729 714 1844 758 filios
1874 715 1943 759 vel
1981 716 2092 760 alios
2130 717 2293 761 liberos
2331 729 2385 760 ex
2423 714 2627 768 legitimis
2666 713 2956 757 matrimoniis

1623 772 1884 826 procreatos
1922 770 2138 826 habeant,
2178 776 2224 815 et
2262 784 2313 816 eo
2353 770 2482 814 modo
2521 769 2747 813 naturales
2784 780 2959 824 quoque

1623 826 1738 870 filios
1777 826 1861 871 sibi
1898 825 2112 880 legitimos
2151 839 2430 871 successores
2471 825 2671 876 efficere,
2703 826 2768 868 ita
2798 828 2958 878 tamen,

1624 887 1672 925 ut
1715 881 1892 924 minime
1937 881 2099 926 eisdem
2144 883 2344 938 patribus
2384 882 2517 926 liceat
2554 893 2635 937 per
2677 880 2959 924 donationem

1624 938 1691 981 vel
1721 938 1918 980 ultimam
1946 938 2213 982 voluntatem
2245 939 2431 994 amplius
2471 936 2611 981 eidem
2647 936 2842 980 naturali
2869 934 2960 979 filio

1624 994 1731 1036 dare
1767 993 1837 1036 vel
1873 992 2140 1048 relinquere,
2181 1007 2311 1048 quam
2351 994 2429 1037 uni
2468 992 2560 1036 filio
2601 1006 2655 1037 ex
2684 990 2960 1035 matrimonio

1624 1049 1815 1104 legitimo
1844 1054 2076 1104 procreato
2107 1049 2276 1093 dederit
2302 1049 2372 1093 vel
2399 1049 2646 1104 reliquerit,
2682 1047 2755 1091 cui
2782 1045 2962 1091 minima

1623 1105 1769 1160 portio
1813 1104 1918 1148 data
1958 1104 2028 1148 vel
2071 1105 2227 1149 relicta
2267 1106 2336 1148 sit.
2404 1104 2458 1148 D.
2496 1104 2540 1149 lc.
2571 1104 2674 1148 Iun.
2712 1103 2784 1147 dn.
2825 1100 2962 1146 Iusti-

1626 1162 1760 1204 nz'nno
1792 1162 1842 1203 A.
1876 1171 1922 1203 ιι
1947 1173 2066 1204 cons.
2773 1162 2830 1212 [a.
2863 1160 2960 1210 528]

1683 1216 1746 1263 10
1778 1215 1924 1260 ⁴Ia²em
1962 1218 2014 1259 A.
2054 1215 2343 1260 Demostheni
2372 1231 2456 1275 pp.
2524 1216 2634 1260 Cum
2673 1215 2770 1270 quis
2808 1227 2837 1258 a
2870 1226 2964 1257 mu-

1625 1273 1730 1316 liere
1768 1271 1909 1315 libera
1948 1273 1993 1314 et
2033 1271 2158 1315 cuius
2195 1272 2518 1316 matrimonium
2559 1285 2648 1315 nou
2687 1273 2755 1314 est
2793 1269 2963 1326 legibus

1626 1328 1912 1372 interdictum
1953 1328 2167 1382 cuiusque
2198 1328 2515 1371 consuetudine
2544 1327 2766 1382 gaudebat
2793 1325 2963 1381 aliquos

1626 1385 1787 1428 liberos
1817 1384 2036 1435 habuerit,
2066 1383 2242 1426 minime
2266 1383 2486 1426 dotalibus
2514 1382 2818 1426 instrumentis
2843 1394 2962 1426 com-

1627 1440 1798 1496 positiS,
1838 1445 1994 1494 postea
2023 1443 2171 1482 autem
2200 1451 2255 1482 ex
2286 1437 2436 1481 eadem
2468 1438 2718 1480 adfectione
2747 1437 2881 1480 etiam
2907 1435 2966 1480 ad

1626 1497 1840 1551 nuptialia
1879 1496 2128 1550 pervenerit
2166 1495 2461 1537 instrumenta
2499 1500 2543 1537 et
2580 1494 2692 1537 alios
2721 1493 2879 1536 iterum
2909 1504 2965 1535 ex

1627 1553 1779 1596 eodem
1808 1550 2083 1595 matrimonio
2112 1550 2275 1594 liberos
2305 1550 2625 1605 procreaverit,
2664 1562 2719 1592 ne
2748 1547 2965 1604 posterio-

1627 1621 1698 1652 res
1728 1608 1868 1662 liberi,
1901 1607 1975 1662 qui
2004 1610 2106 1661 post
2136 1606 2280 1650 dotem
2311 1605 2416 1648 editi
2446 1611 2561 1658 sunt,
2603 1605 2688 1648 sibi
2727 1617 2854 1648 omne
2885 1615 2966 1659 pa-

1626 1669 1802 1708 ternum
1844 1662 2155 1718 patrimonium
2198 1660 2422 1705 vindicare
2459 1660 2654 1705 audeant
2696 1660 2822 1716 quasi
2860 1658 2967 1704 iusti

1629 1723 1674 1763 et
1711 1719 1757 1762 in
1794 1722 2016 1774 potestate
2053 1717 2220 1770 effecti,
2263 1717 2426 1761 fratres
2464 1730 2590 1770 suos,
2632 1716 2709 1771 qui
2745 1721 2851 1759 ante
2887 1714 2966 1759 do-

1629 1782 1715 1818 tem
1744 1775 1922 1819 fuerant
1950 1774 2065 1828 nati,
2105 1774 2161 1816 ab
2202 1773 2446 1816 hereditate
2475 1779 2662 1828 paterna
2691 1772 2966 1827 repellentes,

1629 1830 1882 1876 huiusmodi
1909 1830 2185 1885 iniquitatem
2215 1842 2304 1872 non
2338 1841 2434 1872 esse
2462 1827 2690 1872 ferendam
2721 1839 2965 1871 censemus.

1637 1892 1651 1930 l
1714 1887 1825 1930 Cum
1864 1885 1978 1929 enim
2016 1885 2207 1928 adfectio
2238 1885 2399 1940 prioris
2439 1884 2609 1928 subolis
2641 1889 2685 1927 et
2714 1883 2772 1927 ad
2801 1882 2968 1927 dotalia

1629 1943 1920 1986 instrumenta
1963 1941 2197 1984 efficienda
2239 1944 2283 1982 et
2334 1940 2391 1982 ad
2445 1941 2735 1994 posteriorem
2776 1938 2968 1982 filiorum

1631 1997 1871 2042 edendam⁵
1902 1996 2150 2052 progeniem
2181 1996 2401 2050 praestitit
2425 1995 2716 2047 occasionem,
2749 1993 2965 2050 quomodo

1630 2067 1718 2097 non
1743 2058 1812 2096 est
1834 2052 2154 2106 iniquissimum
2178 2052 2319 2107 ipsam
2346 2051 2555 2106 stirpem⁰
2576 2050 2797 2094 secundae
2817 2054 2965 2106 poste-

1630 2110 1772 2152 ritatis
1804 2109 1930 2164 quasi
1958 2108 2167 2151 iniustam
2198 2106 2454 2160 excludere,
2496 2119 2595 2150 cum
2634 2106 2798 2161 gratias
2918 2118 2967 2148 re

1630 2164 1840 2208 fratribus
1879 2164 1970 2207 suis
2000 2162 2266 2218 posteriores
2296 2162 2497 2214 debeant,
2538 2175 2724 2217 quorum
2755 2163 2864 2205 bene
2897 2160 2966 2204 cio

1630 2220 1716 2275 ipsi
1754 2224 1859 2263 sunt
1893 2220 1998 2262 iusti
2036 2219 2114 2261 filii
2153 2223 2197 2261 et
2234 2230 2392 2261 nomen
2429 2224 2473 2261 et
2502 2217 2698 2261 ordinem
2726 2216 2966 2260 subsecuti·

1631 2280 1655 2318 2
1723 2275 1876 2330 Neque
1917 2275 2031 2317 enim
2069 2274 2299 2317 verisimile
2338 2279 2406 2317 est
2444 2286 2563 2323 eum,
2603 2273 2678 2327 qui
2715 2276 2872 2326 postea
2900 2270 2969 2315 vel

1631 2331 1908 2374 donationem
1940 2330 2007 2373 vel
2036 2329 2181 2373 dotem
2212 2329 2489 2384 conscripsit,
2522 2330 2568 2371 et
2595 2329 2652 2370 ab
2681 2326 2807 2372 initio
2835 2326 2969 2370 talem

1629 2386 1921 2429 adfectionem
1954 2386 2072 2428 circa
2099 2384 2323 2426 mulierem
2354 2397 2442 2428 non
2471 2383 2698 2438 habuisse,
2731 2394 2844 2439 quae
2874 2394 2970 2426 eam

1630 2445 1654 2485 3
1712 2440 1886 2495 dignam
1917 2453 2012 2484 esse
2043 2440 2191 2484 uxoris
2222 2439 2396 2483 nomine
2425 2439 2630 2485 faciebat.
2690 2438 2970 2495 Quapropter

1630 2497 1851 2540 sancimus
1890 2496 1936 2539 in
1974 2495 2226 2539 huiusmodi
2265 2495 2441 2539 casibus
2471 2508 2621 2545 omnes
2649 2495 2836 2549 liberos,
2877 2494 2969 2538 sive

1630 2555 1732 2595 ante
1763 2551 1930 2596 dotalia
1958 2553 2247 2596 instrumenta
2277 2551 2381 2594 editi
2410 2554 2514 2597 sunt
2543 2551 2633 2595 sive
2660 2555 2839 2606 postea,
2879 2562 2970 2594 una

1630 2608 1867 2663 eademque
1904 2608 2032 2651 lance
2070 2607 2279 2650 trutinari
2318 2611 2363 2650 et
2402 2620 2550 2651 omnes
2588 2619 2693 2650 suos
2733 2611 2777 2651 et
2812 2606 2860 2651 iu
2887 2619 2968 2662 po-

1629 2668 1790 2708 testate
1830 2664 1922 2707 suis
1962 2664 2148 2707 existere
2185 2663 2471 2716 genitoribus,
2517 2667 2566 2705 ut
2604 2675 2686 2706 nec
2726 2662 2850 2719 prior
2886 2673 2969 2706 nec

1630 2720 1773 2763 iunior
1803 2720 1893 2762 ullo
1925 2719 2142 2762 habeatur
2171 2718 2434 2770 discrimine,
2466 2719 2543 2762 sed
2571 2718 2614 2771 ii,
2647 2719 2724 2773 qui
2752 2731 2806 2762 ex
2830 2717 2970 2762 isdem

1629 2775 1866 2819 maioribus
1906 2774 2128 2830 procreati
2165 2778 2292 2826 sunt,
2331 2778 2376 2818 et
2404 2774 2535 2818 simili
2563 2774 2850 2830 perfruantur
2877 2772 2968 2818 for·

1630 2837 1752 2875 tuna.
1784 2830 1837 2874 D.
1856 2829 1980 2874 xvlc.
2002 2828 2094 2875 Oct.
2116 2828 2392 2874 Chalcedone
2405 2829 2544 2873 Decio
2561 2842 2622 2873 vc.
2641 2843 2761 2873 cons.
2794 2834 2851 2882 [a.
2869 2831 2967 2881 529]

1689 2885 1741 2932 11
1785 2884 1927 2929 ⁷Idem
1957 2886 2009 2929 A.
2042 2884 2223 2929 Iuliano
2245 2899 2330 2942 pp.
2388 2885 2542 2940 Nuper
2574 2885 2711 2938 legem
2742 2884 2967 2939 conscrip-

1630 2943 1787 2992 simus,
1824 2954 1905 2998 per
1934 2954 2065 2997 quam
2093 2941 2322 2995 iussimus,
2363 2940 2402 2984 si
2433 2940 2530 2995 quis
2561 2940 2784 2984 mulierem
2811 2940 2858 2984 in
2887 2953 2969 2984 suo
3024 2991 3026 2993 ,

1631 2998 1919 3042 contubernio
1965 2997 2276 3041 collocaverit⁸
2317 3010 2406 3040 non
2449 2997 2505 3039 ab
2550 2996 2674 3039 initio
2718 2995 2970 3040 adfectione

1630 3053 1831 3105 maritali,
1864 3066 1959 3096 eam
1989 3060 2149 3106 tamen,
2188 3065 2289 3096 cum
2318 3064 2406 3107 qua
2433 3054 2610 3107 poterat
2637 3051 2802 3095 habere
2832 3065 2967 3095 conu-

1631 3110 1750 3153 bium
1762 3109 1794 3161 ⁹,
1834 3114 1878 3152 et
1916 3121 1971 3152 ex
2010 3121 2064 3152 ea
2091 3109 2253 3152 liberos
2283 3107 2534 3160 sustulerit,
2573 3109 2729 3163 postea
2757 3120 2859 3151 vero
2889 3106 2968 3150 ad-

1630 3165 1821 3208 fectione
1852 3164 2119 3219 procedente
2150 3164 2280 3207 etiam
2310 3163 2527 3218 nuptialia
2553 3164 2846 3207 instrumenta
2869 3175 2970 3206 cum

1631 3233 1684 3264 ea
1726 3220 1879 3264 iecerit
1922 3220 2122 3275 filiosque
2166 3219 2234 3263 vel
2270 3219 2383 3263 filias
2424 3218 2653 3270 habuerit,
2698 3232 2787 3262 non
2825 3218 2968 3262 solum

1631 3275 1850 3320 secundos
1866 3276 1901 3302 ¹⁰
1939 3275 2103 3320 liberos
2140 3275 2216 3331 qui
2254 3279 2357 3330 post
2385 3275 2531 3319 dotem
2559 3274 2666 3318 editi
2694 3278 2798 3318 sunt
2826 3275 2968 3317 iustos

1631 3336 1674 3376 et
1711 3332 1759 3375 in
1794 3335 2016 3387 potestate
2047 3343 2143 3376 esse
2173 3331 2394 3387 patribus,
2437 3331 2515 3375 sed
2549 3331 2679 3374 etiam
2712 3330 2974 3381 anteriores,

1631 3387 1751 3444 qui¹¹
1789 3392 1834 3431 et
1875 3387 1944 3430 his
1982 3388 2056 3442 qui
2093 3393 2250 3444 postea
2288 3386 2382 3430 nati
2417 3393 2520 3430 sunt
2556 3386 2832 3430 occasionem
2862 3385 2968 3439 legi-

1638 3450 1651 3486 1
1714 3443 1808 3487 timi
1836 3443 2023 3487 nominis
2061 3443 2391 3498 praestiterunt.
2451 3443 2589 3496 Quam
2626 3442 2763 3496 legem
2792 3440 2968 3496 quidam

1631 3504 1895 3554 putaverunt
1937 3500 2000 3544 sic
2042 3499 2347 3554 interpretari,
2391 3504 2443 3541 ut
2484 3498 2574 3542 sive
2617 3510 2706 3540 non
2749 3496 2967 3552 progeniti

1632 3555 1795 3599 fuerint
1833 3559 1936 3610 post
1972 3554 2118 3598 dotem
2147 3554 2444 3609 conscriptam
2473 3553 2600 3596 liberi
2629 3553 2719 3596 sive
2748 3552 2879 3595 etiam
2909 3553 2965 3594 ab

1632 3613 1716 3655 hac
1744 3611 1845 3654 luce
1871 3610 2098 3663 subtracti,
2122 3622 2211 3653 non
2235 3610 2476 3652 anteriores
2500 3609 2612 3651 filios
2635 3608 2774 3652 iustos
2799 3607 2965 3656 haberi,

1633 3667 1717 3710 nisi
1758 3666 1804 3710 in
1849 3669 2038 3720 utroque
2079 3670 2276 3720 tempore
2315 3665 2507 3707 viventes
2545 3668 2589 3707 et
2627 3663 2883 3718 superstites
2913 3662 2965 3706 li-

1633 3727 1656 3765 2
1715 3721 1810 3766 beri
1845 3721 2134 3765 inveniantur.
2205 3720 2400 3774 Quorum
2438 3732 2755 3774 supervacuam
2794 3718 2964 3762 subtili-

1632 3780 1769 3822 tatem
1837 3777 1982 3820 enitus
2019 3776 2300 3819 inhibendam
2341 3788 2583 3819 censemus.
2651 3774 2846 3819 sufficiat
2876 3779 2964 3817 ete-

1632 3834 1720 3877 nim
1758 3838 1777 3875 t
1824 3845 1892 3875 em
1930 3831 2221 3875 adfectionem
2258 3831 2489 3882 habuisse,
2521 3834 2571 3874 ut
2599 3834 2702 3886 post
2729 3831 2963 3874 liberorum

1633 3888 1866 3933 editionem
1897 3889 1990 3931 et¹²
2028 3887 2192 3931 dotalia
2221 3887 2740 3930 efficiant'instrumenta
2768 3891 2814 3929 et
2842 3897 2962 3939 spem

1633 3949 1658 3989 3
1716 3943 1937 3987 tollendae
1966 3943 2132 3987 subolis
2163 3943 2370 3987 habeant.
2430 3943 2557 3985 Licet
2589 3942 2703 3984 enim
2733 3941 2816 3984 hoc
2845 3939 2963 3995 quod

1631 4004 1854 4056 speratum
1893 4003 1961 4043 est
1998 3998 2055 4042 ad
2093 3998 2296 4042 effectum
2325 4012 2413 4042 non
2443 3998 2657 4053 pervenit,
2696 3996 2802 4040 nihil
2839 3996 2961 4038 ante-

1631 4055 1822 4100 rioribus
1851 4054 2000 4099 liberis
2029 4055 2240 4098 fortuitus
2271 4066 2399 4097 casus
2429 4054 2638 4108 derogare
2673 4050 2960 4095 concedatur:

1631 4115 1676 4154 et
1714 4110 1851 4154 multo
1891 4110 2053 4165 magis,
2094 4110 2132 4154 si
2170 4110 2268 4165 quis
2298 4109 2539 4162 mulierem,
2600 4120 2700 4151 uam
2730 4107 2775 4149 in
2807 4110 2962 4149 contu·

1629 4165 1782 4209 bernio
1827 4179 1907 4208 suo
1951 4166 2190 4218 habuerat,
2235 4171 2543 4220 praegnantem
2605 4162 2758 4214 enei-it,
2807 4167 2962 4216 postea

1630 4226 1775 4264 autem
1811 4221 1956 4264 adhuc
1991 4222 2169 4276 gravida
2205 4221 2386 4264 muliere
2426 4220 2665 4263 constituta
2701 4217 2867 4261 dotalia
2895 4216 2960 4260 fe-

1630 4277 1738 4320 cerit
1766 4277 2058 4320 instrumenta
2086 4282 2130 4320 et
2160 4289 2269 4331 puer
2298 4276 2363 4319 vel
2393 4274 2540 4330 puella
2573 4273 2718 4318 editus
2747 4272 2816 4316 vel
2843 4271 2962 4317 edita

1629 4332 1698 4386 sit,
1729 4332 1846 4376 iusta
1875 4333 1992 4388 patri
2022 4332 2196 4377 suboles
2227 4336 2437 4375 nascatur
2464 4333 2510 4374 et
2538 4330 2584 4373 in
2612 4330 2835 4386 potestate
2863 4327 2960 4371 effl-

1634 4528 1688 4578 (7)
1715 4542 1778 4577 pr.
1797 4547 1851 4561 =
1870 4528 1965 4567 Inst.
1995 4531 2032 4579 3,
2060 4538 2089 4577 1,
2117 4536 2158 4567 2:
2192 4529 2308 4580 iunye
2337 4528 2376 4575 5,
2403 4533 2461 4574 29,
2487 4534 2521 4567 4.
2552 4528 2591 4576 5,
2618 4534 2676 4576 35,
2702 4534 2723 4568 3
2808 4526 2866 4578 (8)
2891 4538 2956 4567 σο·

1630 4581 1838 4634 pulaverit
1866 4583 1962 4622 Inst.
2078 4587 2135 4633 (9)
2165 4581 2404 4632 coniugium
2434 4581 2531 4621 Inst.
2645 4583 2719 4632 (10)
2758 4595 2825 4622 eos
2857 4581 2956 4623 Ina.

1630 4639 1700 4690 (ιι)
1731 4637 1803 4690 qui
1843 4637 1935 4679 VM
1960 4639 2070 4691 Insa,
2102 4638 2201 4692 quia
2241 4637 2314 4678 CR
2452 4638 2526 4690 (12)
2555 4640 2596 4677 et
2639 4637 2681 4690 V,
2719 4637 2842 4679 etiam
2884 4637 2956 4680 GR
