3054 4796
177 186 464 229 OOMMUNIA
503 185 577 223 DE
615 183 1066 224 SUCCESSIONIBUS

173 326 342 384 generis
382 325 491 378 sint,
531 325 660 369 simili
696 323 825 368 modo
862 322 919 367 ad
947 322 1044 366 iura
1075 325 1369 370 successionis
1398 325 1504 381 legi-

172 384 303 427 timae
339 382 396 425 ad
433 381 756 426 successionem
782 380 1118 423 intestatorum¹
1159 384 1307 425 vocari
1346 395 1504 426 secun-

173 439 276 483 dum
314 439 475 493 gradus
513 438 582 481 sui
621 435 973 492 praerogativam
1013 449 1100 478 non
1139 436 1235 480 ideo
1267 438 1502 481 excluden-

171 495 272 547 das,
315 495 417 550 quia
455 492 847 549 consanguinitatis
875 491 974 533 iura
1004 492 1243 535 secundum
1272 506 1504 548 germanae

171 556 194 593 5
270 551 619 594 observationem
672 561 760 591 non
809 547 986 590 habent.
1063 547 1171 590 Cum
1216 550 1329 592 enim
1373 550 1503 593 unius

171 606 396 662 sanguinis
440 607 539 649 iura
581 605 810 648 remanent
844 615 923 658 per
962 603 1126 647 virilem
1164 617 1317 648 sexum
1355 605 1501 648 incor-

169 667 314 718 rupta,
353 674 487 717 quare
516 665 700 704 naturae
730 658 988 702 offendimus
1019 664 1062 702 et
1091 660 1282 715 legitimo
1311 661 1400 704 iuri
1428 660 1502 703 de-

171 719 406 774 rogamus?
466 730 564 760 cum
601 720 646 759 et
685 715 814 758 aliam
851 714 1087 758 maximam
1124 716 1328 760 iniuriam
1356 728 1429 759 res
1458 716 1505 758 in

171 787 218 818 se
263 773 460 817 continet
502 772 719 828 plerisque
771 770 897 825 quasi
941 771 1097 814 vulnus
1140 772 1396 816 intestinum
1434 771 1502 814 in-

172 830 405 885 cognitum.
450 841 548 871 cum
576 827 691 871 enim
719 826 776 869 ad
805 839 954 869 earum
988 828 1219 871 mulierum
1258 827 1502 871 800008810-

170 899 270 930 nem
297 884 482 928 masculi
510 883 608 927 iure
637 882 883 937 agnationis
914 888 1137 937 vocantur,
1179 884 1276 938 quis
1305 883 1503 938 patiatur

170 953 322 985 earum
358 939 532 996 quidem
567 938 855 981 hereditatem
891 938 948 981 ad
978 952 1052 982 eos
1081 939 1272 995 legitimo
1302 941 1398 982 iure
1427 937 1502 981 de-

168 997 296 1052 ferri,
335 997 458 1052 ipsas
486 1007 589 1039 vero
629 1006 770 1048 neque
797 994 982 1037 invicem
1013 995 1096 1038 sibi
1124 1008 1266 1051 neque
1294 993 1502 1037 masculis

169 1065 300 1107 posse
328 1051 481 1095 eodem
508 1050 604 1093 iure
635 1049 895 1104 succedere,
930 1051 1006 1094 sed
1035 1056 1217 1107 propter
1245 1051 1331 1094 1100
1362 1050 1502 1093 8010111

167 1108 335 1162 puniri,
378 1106 493 1162 quod
534 1106 722 1148 feminae
760 1110 893 1149 natae
933 1112 1059 1157 sunt,
1101 1112 1144 1149 et
1182 1109 1366 1162 paterno
1396 1105 1502 1148 vitio

169 1164 222 1215 (si
274 1163 359 1206 hoc
412 1161 565 1207 vitium
620 1165 702 1212 est)
754 1162 923 1216 prolem
976 1163 1254 1206 innocentem
1299 1161 1503 1216 gravari?

169 1223 193 1262 6
224 1221 284 1272 (1)
326 1219 378 1262 111
401 1217 471 1261 1118
494 1217 631 1272 igitur
657 1217 832 1260 casibus
852 1217 989 1272 legem
1007 1218 1236 1262 duodecim
1251 1218 1503 1261 tabularum

168 1278 396 1330 sequentes
439 1277 483 1317 et
518 1286 680 1317 novum
716 1274 785 1316 ius
825 1274 1059 1317 novissimo
1097 1274 1193 1317 iure
1235 1273 1502 1327 corrigentes

166 1330 299 1373 etiam
342 1343 476 1372 unum
518 1329 702 1384 gradum
742 1329 918 1384 pietatis
964 1330 1128 1373 intuitu
1171 1329 1404 1372 transferri
1445 1329 1502 1371 ab

165 1387 260 1429 iure
292 1385 561 1441 cognationis
590 1385 637 1428 in
672 1385 910 1440 legitimam
939 1386 1136 1429 volumus
1163 1384 1501 1436 successionem,

166 1445 216 1484 ut
251 1455 342 1484 non
379 1441 519 1484 solum
557 1441 708 1484 fratris
744 1440 861 1484 filius
902 1446 946 1484 et
982 1440 1076 1484 filia
1113 1440 1354 1484 secundum
1385 1439 1501 1494 quod

164 1497 251 1540 iam
291 1496 561 1540 definivimus
602 1496 659 1539 ad
697 1499 1021 1541 successionem
1060 1497 1207 1551 patrui
1246 1496 1316 1539 sui
1344 1508 1502 1539 vocen-

163 1558 256 1605 tur,
298 1553 375 1597 sed
413 1553 542 1596 etiam
581 1565 814 1608 germanae
854 1552 1208 1606 consanguineae
1237 1552 1306 1594 vel
1337 1551 1502 1595 sororis

164 1609 364 1652 uterinae
393 1607 511 1652 filius
542 1614 586 1651 et
615 1608 706 1651 filia
736 1608 820 1651 soli
858 1613 902 1650 et
929 1620 1020 1650 non
1050 1607 1257 1661 deinceps
1287 1619 1502 1661 personae

164 1677 252 1707 una
297 1677 396 1707 cum
441 1664 508 1710 his
552 1664 609 1707 ad
651 1665 749 1706 iura
784 1662 990 1706 avunculi
1028 1662 1097 1705 sui
1135 1663 1418 1717 perveniant,
1459 1667 1503 1705 et

162 1723 338 1763 mortuo
367 1733 443 1771 eo,
485 1719 560 1774 qui
589 1724 774 1773 patruus
805 1717 979 1773 quidem
1009 1722 1078 1760 est
1106 1717 1256 1761 fratris
1286 1718 1357 1761 sui
1385 1718 1501 1771 filiis,

163 1775 406 1818 avunculus
438 1780 584 1816 autem
614 1774 778 1818 sororis
804 1785 912 1816 suae
937 1773 1094 1824 suboli,
1126 1772 1255 1817 simili
1284 1772 1412 1816 modo
1443 1774 1500 1815 ab

162 1834 349 1885 utroque
388 1831 529 1874 latere
557 1829 844 1881 succedatur,
885 1832 1110 1883 tamquam
1150 1828 1186 1871 si
1216 1840 1365 1871 omnes
1395 1828 1501 1883 legi-

160 1886 266 1928 timo
295 1885 392 1928 iure
414 1884 593 1927 veniant
603 1886 632 1934 2,
665 1883 837 1927 scilicet
860 1884 938 1927 ubi
962 1883 1101 1926 frater
1125 1888 1169 1927 et
1194 1896 1322 1927 soror
1346 1896 1500 1938 super-

160 1941 286 1984 stites
314 1953 405 1983 non
434 1943 550 1982 sunt.
610 1939 678 1982 his
709 1939 870 1983 etenim
899 1939 1100 1994 personis
1130 1939 1501 1994 praecedentibus

159 2001 203 2039 et
231 1995 520 2038 hereditatem
549 1995 880 2039 admittentibus
917 1995 1053 2038 ceteri
1079 1995 1244 2050 gradus
1273 1999 1503 2038 remanent

159 2057 181 2095 7
251 2051 428 2106 penitus
468 2051 638 2094 semoti.
708 2051 788 2094 Illo
832 2051 991 2107 procul
1033 2051 1165 2095 dubio
1211 2051 1499 2103 observando,

157 2112 208 2152 ut
236 2107 461 2151 successio
490 2120 580 2150 non
609 2107 667 2150 ad
697 2107 878 2163 stirpes,
920 2107 997 2151 sed
1025 2107 1072 2150 in
1103 2107 1251 2163 capita
1280 2107 1502 2151 dividatur

159 2169 204 2207 et
231 2164 269 2212 is
299 2163 461 2218 gradus
490 2163 536 2205 in
567 2163 765 2208 ordinem
792 2163 1031 2218 legitimum
1069 2163 1386 2207 transferatur:
1428 2177 1500 2207 ce-

159 2219 267 2265 teris
309 2219 514 2265 omnibus
559 2220 918 2264 successionibus
962 2220 1204 2264 secundum
1248 2220 1318 2263 ius
1361 2232 1502 2275 usque

160 2277 218 2321 ad
241 2289 454 2332 praesens
476 2279 650 2331 tempus
674 2277 953 2319 observatum
981 2277 1027 2319 in
1049 2289 1128 2319 suo
1147 2280 1267 2319 statu
1282 2276 1500 2320 manenti-

162 2337 185 2377 8
244 2335 342 2377 1108.
402 2332 451 2375 Si
480 2333 553 2387 qui
583 2336 729 2375 autem
761 2345 892 2376 casus
921 2332 1011 2375 iam
1040 2336 1301 2386 evenerunt,
1343 2345 1499 2375 secun-

161 2390 265 2432 dum
303 2388 422 2445 quod
451 2388 638 2444 pristina
665 2388 765 2431 iura
792 2389 1021 2442 volebant,
1062 2401 1214 2431 eorum
1243 2388 1323 2431 fiat
1351 2388 1500 2431 distri-

159 2446 298 2489 butio.
356 2444 411 2489 1).
452 2457 480 2487 V
515 2444 557 2488 lc.
589 2444 694 2488 Dee.
727 2450 841 2502 post
870 2444 1150 2487 GBnSulatum
1179 2443 1420 2502 Lampadii
1458 2448 1503 2487 et

164 2500 334 2546 Orestis
362 2515 426 2545 vv.
460 2514 519 2544 00.
1312 2503 1369 2552 [a.
1402 2503 1498 2551 531]

218 2555 281 2603 15
315 2556 440 2600 Idem
471 2558 522 2599 Α.
554 2555 752 2600 Iohanni
775 2570 860 2614 pp.
919 2555 1199 2599 Meminimus
1229 2560 1362 2599 antea
1391 2555 1499 2599 divi-

159 2626 261 2656 nam
317 2613 618 2668 promulgasse
671 2611 1027 2656 constitutionem
1041 2612 1070 2666 ³,
1129 2624 1210 2667 per
1260 2625 1390 2667 quam
1444 2612 1500 2655 ad

159 2669 343 2724 vestigia
381 2669 488 2723 legis
528 2668 760 2712 duodecim
798 2668 1049 2711 tabularum
1078 2672 1218 2712 totam
1246 2668 1500 2724 progeniem

160 2738 214 2768 ex
256 2725 449 2779 legitima
494 2724 651 2775 subole
694 2723 1033 2767 descendentem
1077 2724 1167 2767 sive
1210 2724 1500 2770 masculinam

159 2782 248 2825 sive
292 2780 544 2823 femininam
599 2780 790 2835 legitimo
839 2779 936 2822 iure
979 2780 1269 2823 hereditatem
1312 2780 1500 2835 adipisci

160 2836 405 2887 sanximus,
446 2840 517 2887 ut,
560 2835 926 2891 quemadmodum
966 2836 1074 2890 ipsis
1108 2848 1136 2879 a
1164 2836 1366 2890 legitimis
1397 2849 1498 2879 suc-

159 2892 352 2944 ceditur,
395 2892 459 2934 ita
502 2895 546 2935 et
586 2891 711 2946 ipsae
748 2891 1041 2947 legitimarum
1078 2904 1369 2947 personarum
1404 2905 1497 2935 am-

162 2952 180 2992 1
240 2948 496 3004 plectantur
539 2947 879 2992 successionem.
952 2947 1005 2990 In
1048 2960 1138 3003 qua
1182 2948 1498 2993 constitutione

157 3017 293 3048 unum
322 3003 507 3058 gradum
545 3016 600 3046 ex
638 3004 838 3059 cognatis
874 3003 922 3047 in
949 3003 1020 3047 ius
1049 3003 1291 3059 legitimum
1319 3004 1498 3048 reduxi-

156 3073 268 3112 mus,
299 3060 344 3102 id
374 3064 442 3103 est
469 3072 704 3114 germanae
732 3059 847 3103 filios
877 3064 922 3103 et
950 3059 1064 3103 filias
1094 3065 1140 3103 et
1169 3061 1334 3104 sororis
1360 3061 1498 3104 uteri-

157 3129 241 3158 nae
291 3115 406 3158 filios
451 3128 505 3158 ac
547 3115 685 3159 filias:
740 3129 872 3171 quam
921 3116 1281 3160 constitutionem
1325 3117 1371 3159 in
1417 3130 1497 3160 suo

157 3172 318 3214 robore
348 3183 604 3224 permanere
634 3184 876 3223 censemus,
908 3184 1007 3214 cum
1038 3176 1082 3214 et
1109 3172 1156 3215 in
1179 3172 1345 3216 nostris
1370 3173 1497 3216 insti-

163 3231 215 3268 1a
271 3225 549 3269 tutionibus⁴
579 3231 706 3269 tenor
734 3228 828 3269 eius
857 3239 885 3269 a
913 3227 1042 3270 nobis
1073 3228 1240 3270 relatus
1273 3233 1353 3271 est.
1413 3228 1499 3271 Sed

160 3281 388 3326 subtiliore
425 3284 623 3324 tractatu
662 3282 814 3325 habito
854 3282 1154 3325 necessarium
1189 3283 1413 3335 duximus,
1453 3288 1499 3326 01

159 3338 196 3381 81
250 3337 354 3393 quid
397 3348 452 3380 ex
493 3337 718 3392 praetoria
764 3337 1068 3380 iurisdictione
1111 3338 1228 3393 frugi
1271 3338 1497 3382 inventum

160 3397 248 3446 est,
304 3395 349 3436 et
401 3393 487 3436 1100
543 3405 642 3435 cum
690 3393 1012 3448 perfectissima
1056 3393 1309 3437 definitione
1350 3395 1496 3449 posito

164 3449 212 3492 lb
243 3451 302 3502 (1)
359 3454 534 3492 nostras
573 3449 690 3502 leges
730 3449 945 3505 ampliari.
1016 3449 1124 3492 Cum
1154 3449 1289 3504 igitur
1317 3455 1498 3504 praetor

159 3505 297 3547 filium
337 3505 682 3560 emancipatum,
722 3505 826 3548 licet
865 3504 1017 3548 subtili
1050 3505 1145 3548 iure
1178 3505 1323 3560 capite
1352 3505 1499 3548 fuerat

161 3561 430 3613 deminutus,
471 3565 665 3604 attamen
704 3560 750 3603 in
789 3560 929 3616 patris
971 3561 1251 3604 successione
1283 3561 1377 3604 sine
1407 3561 1498 3604 ulla

160 3616 455 3660 deminutione
483 3629 643 3659 vocare
671 3616 1052 3660 manifestissimus
1091 3621 1177 3670 est,
1217 3630 1309 3660 non
1346 3617 1497 3660 eodem

159 3677 306 3716 autem
342 3673 439 3715 iure
475 3672 532 3714 ad
570 3672 758 3715 fratrum
792 3685 973 3716 suorum
1003 3673 1327 3716 successionem
1358 3673 1412 3715 ab
1445 3685 1496 3716 eo

159 3728 426 3779 vocabatur,
466 3727 544 3771 sed
578 3741 660 3771 nec
696 3728 775 3771 fflii
813 3729 907 3772 eius
946 3729 1040 3771 iure
1071 3728 1264 3784 legitimo
1295 3729 1388 3772 suis
1417 3740 1496 3783 pa-

159 3785 269 3827 truis
300 3783 609 3836 succedebant,
639 3784 938 3827 necessarium
963 3785 1169 3828 duximus
1195 3785 1281 3828 hoc
1310 3785 1497 3840 primum

161 3840 379 3894 corrigere
415 3844 460 3882 et
497 3839 637 3894 legem
664 3840 1034 3883 Anastasianam⁵
1069 3841 1187 3884 iusto
1224 3841 1495 3884 incremento

159 3896 399 3951 perfectam
440 3894 693 3947 ostendere,
737 3899 788 3938 ut
827 3896 1129 3952 emancipatus
1166 3896 1286 3940 filius
1328 3901 1371 3939 et
1405 3895 1497 3939 filia

158 3965 247 3995 non
277 3951 418 3994 solum
446 3951 518 3994 in⁶
558 3951 755 4006 paternis
791 3951 918 3995 bonis
949 3953 1006 3995 ad
1035 3965 1212 3996 suorum
1244 3951 1494 3996 similitudi-

158 4020 258 4051 nem
298 4006 561 4058 succedant,
607 4006 683 4049 sed
721 4006 852 4050 etiam
887 4007 934 4051 in
955 4007 1159 4051 fratrum
1187 4009 1255 4052 vel
1296 4021 1497 4052 sororum

160 4077 340 4107 suarum
369 4062 660 4116 successione,
694 4062 784 4106 sive
813 4075 963 4107 omnes
994 4064 1257 4120 emancipati
1287 4064 1377 4107 sint
1407 4064 1497 4107 sive

158 4119 364 4174 permixti
402 4119 472 4162 sui
502 4131 599 4162 cum
631 4118 915 4173 emancipatis
929 4119 959 4172 ⁷,
999 4131 1140 4175 aequo
1179 4120 1275 4164 iure
1310 4119 1497 4163 invicem

157 4175 244 4220 sibi
281 4175 526 4220 succedant
564 4178 609 4217 et
645 4187 734 4218 non
773 4174 1015 4218 secundum
1054 4176 1194 4231 legem
1228 4175 1494 4219 Anastasia-

160 4314 209 4364 (1)
238 4314 291 4354 ad
319 4314 612 4355 successionem
640 4312 929 4352 intestatorum
958 4313 1034 4353 del.
1149 4314 1205 4366 (2)
1233 4316 1295 4356 sic
1324 4312 1398 4364 Εὖ,
1428 4326 1497 4354 ve·

159 4369 329 4409 niebant
364 4371 413 4420 0,
450 4369 640 4410 veniebat
666 4368 733 4409 Ra
867 4369 921 4420 (3)
951 4383 984 4409 0.
1014 4377 1055 4410 14
1085 4370 1122 4410 h.
1155 4379 1180 4411 t.
1312 4371 1366 4420 (4)
1395 4370 1495 4410 Inst-

160 4427 199 4474 3,
225 4434 259 4476 2,
285 4435 306 4467 4
391 4427 446 4479 (5)
477 4428 527 4479 cf.
555 4428 611 4466 ad
636 4427 674 4475 5,
702 4433 759 4474 70,
786 4434 805 4464 5
891 4424 946 4475 (6)
975 4424 1021 4463 in
1051 4440 1124 4466 om.
1143 4426 1240 4467 libri
1326 4425 1380 4477 (1)
1411 4426 1496 4465 sive

159 4493 296 4520 01111108
335 4481 581 4534 emancipati
618 4481 702 4521 sint
740 4479 824 4520 sive
861 4479 1056 4532 permixti
1093 4481 1158 4520 sui
1191 4494 1283 4521 cum
1318 4481 1495 4521 emanci-

157 4536 264 4587 patis
294 4537 354 4586 M,
390 4537 475 4578 sive
510 4549 650 4578 omnes
678 4535 743 4576 sui
771 4536 856 4575 sive
884 4548 1025 4575 omnes
1054 4537 1303 4589 emancipati
1332 4537 1417 4577 sint
1451 4538 1493 4587 C,

158 4591 243 4631 sive
267 4604 406 4632 omnes
430 4592 676 4645 emancipati
699 4592 784 4632 sint
808 4592 885 4639 Ra,
908 4591 993 4631 sive
1016 4604 1154 4632 01111108
1176 4593 1241 4633 801
1253 4593 1340 4633 sive
1356 4604 1495 4633 01111108

160 4647 403 4699 emancipati
433 4649 517 4688 sive
544 4648 778 4701 permixtim
808 4648 891 4687 sint
926 4646 982 4687 R⁰
1076 4648 1132 4698 (8)
1164 4663 1194 4688 c.
1226 4658 1269 4689 14
1303 4654 1321 4696 §
1356 4657 1375 4689 6
1405 4649 1440 4688 11.
1467 4656 1491 4687 t.

1496 166 1600 227 287

2624 173 2695 226 V]
2733 175 2814 226 58.
2855 174 2917 224 59

1588 339 1690 369 110111
1734 329 1861 382 parte
1905 323 2054 390 aliqua
2098 324 2334 368 deminuta.
2410 328 2454 370 01
2494 326 2604 370 haec
2651 324 2823 381 quidem
2868 325 2923 368 de

1587 382 1691 425 filiis
1737 381 2024 437 emancipaus
2068 381 2241 424 sancire
2285 382 2568 426 bellissimum
2611 382 2738 425 1101118
2782 381 2922 424 visum

1589 443 1612 480 2
1673 442 1754 482 est.
1814 437 1900 481 Sed
1938 449 2019 480 nec
2056 436 2239 480 fratrem
2268 439 2335 481 vel
2365 451 2559 482 sororem
2588 438 2785 482 uterinos
2818 450 2921 480 con-

1589 493 1781 538 cedimus
1829 494 1875 536 in
1930 493 2202 548 cognationis
2246 494 2342 538 loco
2386 494 2588 549 relinqui.
2663 505 2763 536 cum
2807 492 2924 534 enim

1587 552 1678 592 tam
1706 549 1906 605 proximo
1936 549 2077 603 gradu
2107 554 2222 602 sunt,
2263 550 2417 593 merito
2448 563 2523 592 eos
2554 549 2650 592 sine
2679 547 2770 589 ulla
2799 546 2921 588 diffe-

1587 605 1742 659 rentia,
1782 609 2005 659 tamquam
2035 605 2073 648 si
2102 606 2414 660 consanguinei
2448 605 2648 653 fuerant,
2690 615 2789 644 cum
2818 601 2922 656 legi-

1585 659 1702 702 timis
1732 660 1946 703 fratribus
1978 665 2021 703 et
2051 661 2276 705 sororibus
2307 660 2526 704 vocandos
2560 670 2657 701 esse
2686 656 2922 719 sancimus,

1586 718 1636 756 ut
1664 715 1859 758 secundo
1898 716 2037 769 gradu
2077 717 2303 760 constituti
2341 721 2384 758 et
2421 715 2616 768 legitima
2642 723 2925 755 successlone

1586 769 1704 822 digni
1743 771 1907 824 reperti
1945 771 2044 814 aliis
2077 773 2298 824 omnibus,
2335 771 2412 824 qui
2441 771 2546 812 sunt
2574 766 2794 809 ulterioris
2824 777 2924 818 gra-

1586 824 1681 876 dus,
1713 824 1817 867 licet
1844 825 2025 878 legitimi
2054 826 2156 877 sint,
2186 826 2471 880 praecellant.
2539 827 2582 864 et
2610 822 2720 863 haec
2753 820 2925 875 quidem

1587 880 1641 924 de
1672 879 1852 923 secundi
1879 879 2042 932 gradus
2068 881 2348 922 successione
2373 879 2482 921 satis
2510 877 2774 931 abundeque
2797 875 2926 918 nobis

1587 940 1610 979 3
1669 949 1768 979 cum
1798 947 1969 978 summa
1998 935 2189 976 utilitate
2220 933 2434 988 disposita
2463 938 2580 975 sunt.
2642 931 2752 974 Cum
2781 934 2926 973 autem

1585 992 1718 1035 tertio
1755 989 1911 1046 gradui
1951 1002 2005 1032 ex
2043 992 2297 1032 transversa
2335 989 2452 1031 linea
2488 987 2624 1031 fuerit
2658 987 2806 1039 locus,
2851 986 2926 1028 ubi

1585 1047 1757 1104 patruis
1798 1049 1844 1090 et
1880 1045 1982 1089 filiis
2021 1045 2212 1088 fratrum
2253 1049 2299 1088 et
2328 1057 2529 1088 sororum
2558 1045 2704 1086 locum
2734 1042 2925 1096 antiqui-

1586 1111 1656 1148 tas
1687 1101 1925 1154 dedicavit‚
1965 1114 2056 1144 una
2096 1114 2195 1144 cum
2234 1100 2320 1143 illis
2359 1103 2451 1144 tam
2481 1100 2748 1154 emancipati
2775 1098 2926 1141 fratris

1616 1172 1717 1203 uam
1769 1158 2070 1213 emancipatae
2123 1157 2288 1200 sororis
2343 1156 2482 1198 filium
2532 1155 2837 1199 tantummodo
2884 1158 2928 1195 et

1585 1173 1744 1267 gnam,
1783 1215 1874 1258 sive
1912 1213 2213 1268 emancipatos
2254 1213 2344 1256 sive
2382 1225 2486 1255 suos
2527 1211 2732 1267 patribus
2764 1209 2926 1254 consti-

1585 1275 1728 1323 tutos,
1774 1276 1818 1315 et
1855 1271 2070 1313 neminem
2111 1269 2246 1312 alium
2285 1268 2493 1319 ulterius,
2531 1281 2612 1311 nec
2650 1280 2741 1310 non
2774 1265 2927 1308 fratris

1586 1327 1750 1371 uterini
1787 1331 1830 1370 et
1866 1327 2031 1370 sororis
2069 1337 2302 1380 germanae
2342 1326 2411 1368 vel
2457 1324 2658 1367 uterinae
2702 1322 2839 1365 filium
2883 1325 2928 1364 et

1586 1383 1721 1426 filiam
1759 1382 2061 1426 tantummodo
2098 1395 2152 1425 ex
2190 1381 2383 1436 legitima
2419 1380 2535 1423 linea
2563 1379 2748 1423 invicem
2778 1377 2927 1422 vocari

1589 1452 1835 1492 censemus,
1876 1439 1992 1482 sicut
2019 1439 2108 1480 iam
2139 1439 2363 1481 sanximus
2378 1437 2407 1491 ⁸,
2448 1438 2500 1479 ut
2533 1448 2704 1487 omnes,
2747 1435 2821 1489 qui
2859 1434 2925 1476 vel

1585 1496 1642 1538 ab
1683 1495 1863 1550 antiquo
1900 1494 1997 1537 iure
2035 1494 2104 1536 vel
2142 1506 2169 1535 a
2208 1498 2359 1536 nostra
2397 1492 2664 1535 liberalitate
2701 1491 2747 1534 in
2784 1490 2925 1545 legiti-

1587 1564 1758 1594 morum
1782 1550 1954 1605 quidem
2010 1549 2113 1592 ositi
2137 1554 2240 1592 sunt
2258 1549 2579 1604 praerogativa,
2603 1547 2756 1591 eodem
2780 1551 2926 1589 autem

1588 1611 1644 1650 3a
1710 1607 1843 1650 tertio
1883 1564 2021 1660 gradu
2060 1608 2185 1658 sunt,
2227 1605 2357 1648 simili
2394 1605 2489 1647 iure
2527 1607 2753 1647 vocentur.
2816 1602 2926 1645 Suc—

1588 1662 1798 1706 cessionis
1828 1662 2032 1707 videlicet
2059 1661 2156 1704 iure
2186 1666 2230 1703 et
2258 1661 2304 1703 in
2333 1661 2417 1703 hac
2445 1665 2573 1715 parte
2603 1659 2829 1706 servando,
2862 1663 2925 1709 ut,

1587 1718 1626 1760 si
1656 1718 1730 1772 qui
1760 1730 1814 1760 ex
1844 1716 2036 1760 secundo
2075 1716 2214 1770 gradu
2243 1716 2388 1759 vocati
2423 1715 2773 1759 renuntiaverint
2799 1715 2926 1756 here-

1587 1773 1715 1815 ditati
1755 1778 1800 1816 et
1838 1772 2061 1815 noluerint
2100 1785 2195 1814 eam
2233 1772 2357 1815 adire
2386 1772 2622 1825 nullusque
2652 1771 2764 1813 alius
2796 1771 2854 1813 sit
2881 1771 2927 1811 in

1587 1827 1781 1871 secundo
1811 1828 1964 1882 gradu,
1996 1827 2070 1881 qui
2101 1827 2338 1870 succedere
2369 1830 2413 1870 et
2437 1830 2583 1882 potest
2612 1830 2658 1869 et
2685 1827 2790 1880 vult,
2821 1830 2926 1869 tunc

1587 1883 1645 1936 hi,
1672 1896 1782 1939 quos
1807 1884 2031 1937 praesenti
2055 1883 2151 1937 lege
2176 1883 2526 1926 enumeravimus
2553 1896 2606 1925 ex
2626 1882 2757 1925 tertio
2773 1881 2927 1936 gradu,

1587 1939 1639 1982 sb
1698 1939 1743 1981 in
1773 1939 1920 1982 locum
1945 1939 2247 1981 recusantium
2273 1938 2528 1982 succedant.
2574 1938 2656 1980 Illo
2687 1938 2819 1980 etiam
2851 1937 2928 1979 ob-

1586 1994 1815 2046 servando,
1847 2000 1897 2037 ut
1927 1995 2150 2038 successio
2180 2007 2270 2038 non
2299 1994 2356 2037 ad
2385 1994 2559 2049 stirpes,
2598 1994 2675 2037 sed
2703 1994 2750 2036 in
2782 1994 2930 2049 capita

1587 2051 1826 2094 dividatur:
1870 2051 2027 2094 ceteris
2062 2050 2266 2094 omnibus
2298 2051 2654 2094 successionibus
2685 2051 2927 2092 secundum

1585 2108 1655 2151 ius
1692 2120 1834 2163 usque
1875 2107 1932 2150 ad
1976 2119 2185 2162 praesens
2230 2112 2403 2163 tempus
2450 2108 2729 2150 observatum
2773 2118 2927 2161 proce-

1587 2164 1792 2207 dentibus
1819 2168 1864 2207 et
1887 2164 2010 2206 nullo
2038 2177 2092 2207 ex
2119 2164 2317 2219 cognatis
2335 2176 2469 2219 supra
2484 2168 2750 2206 memoratos
2767 2162 2928 2217 gradus

1587 2221 1642 2263 ad
1671 2221 1783 2263 iuris
1814 2220 2021 2275 agnaticii
2050 2220 2238 2262 formam
2267 2219 2518 2276 redigendo,
2550 2219 2628 2262 sed
2653 2232 2783 2262 suum
2812 2219 2928 2261 ordi-

1585 2289 1685 2320 nem
1740 2289 1951 2331 suamque
2002 2276 2330 2331 proximitatem
2382 2280 2559 2319 tenente
2611 2275 2925 2329 incorruptam.

1586 2340 1611 2374 4
1671 2332 1788 2386 Quas
1819 2338 1967 2375 autem
1997 2345 2210 2387 personas
2241 2345 2295 2375 ex
2319 2332 2416 2375 iure
2443 2331 2716 2386 cognationis
2747 2331 2793 2373 in
2822 2331 2927 2385 legi-

1585 2389 1715 2431 timas
1746 2388 2051 2431 successiones
2083 2387 2418 2439 transveximus,
2455 2400 2529 2430 eas
2561 2391 2604 2429 et
2632 2387 2797 2430 tutelae
2826 2399 2926 2440 gra-

1586 2443 1746 2487 vamini
1784 2444 1973 2487 vicissim
2012 2444 2321 2499 supponimus,
2362 2443 2531 2487 scilicet
2574 2443 2613 2485 si
2655 2448 2699 2486 et
2741 2442 2927 2485 masculi

1586 2500 1674 2542 sint
1718 2504 1763 2542 et
1805 2500 2029 2555 perfectae
2068 2500 2227 2543 aetatis
2269 2500 2510 2542 secundum
2549 2503 2728 2542 nostrae
2762 2499 2925 2542 consti-

1585 2556 1766 2599 tutionis
1796 2562 2009 2608 tenorem,
2040 2559 2092 2598 ut
2119 2569 2209 2599 non
2239 2557 2380 2599 solum
2408 2555 2583 2598 lucrum
2612 2556 2817 2607 sentiant,
2849 2554 2927 2597 sed

1586 2618 1609 2656 5
1669 2613 1799 2655 etiam
1827 2612 2071 2667 gravamini
2100 2612 2404 2667 subiugentur.
2456 2611 2502 2654 Si
2527 2611 2601 2666 qui
2623 2616 2771 2654 autem
2796 2623 2926 2654 casus

1584 2669 1671 2711 iam
1703 2673 1942 2711 evenerunt
1971 2673 2015 2711 et
2044 2680 2125 2722 per
2153 2667 2406 2711 iudicialem
2435 2667 2700 2710 sententiam
2726 2667 2793 2710 vel
2818 2667 2924 2709 ami-

1586 2726 1725 2767 calem
1752 2724 2098 2767 transactionem
2128 2723 2261 2779 sopiti
2290 2727 2408 2776 sunt,
2449 2723 2616 2780 nullam
2650 2724 2844 2766 sentiant
2873 2735 2927 2765 ex

1584 2781 1670 2823 hac
1721 2781 1817 2835 lege
1869 2780 2245 2823 retractationem.
2327 2779 2382 2823 D.
2432 2779 2491 2822 id.
2537 2779 2628 2823 Oet.
2676 2778 2926 2823 Constanti-

1583 2836 1743 2894 nopoli
1787 2836 1858 2880 dn.
1903 2835 2160 2880 Iustiniano
2198 2837 2249 2879 Α.
2285 2850 2369 2894 pp.
2414 2846 2503 2878 1111
2544 2840 2588 2879 et
2626 2833 2822 2878 Paulino
2863 2848 2924 2878 ve.

1584 2906 1727 2936 conss.
2736 2895 2792 2943 [a.
2826 2894 2923 2941 534]

2351 2979 2369 3004 9

1796 3047 2100 3109 0001100111
2129 2979 2712 3087 Dlssvssiicicnssmmns.

1643 3115 1664 3161 1
1709 3115 1890 3174 ¹⁰Impp.
1914 3114 2227 3159 Diocletianus
2255 3119 2300 3158 et
2322 3113 2632 3156 Maoeimianus
2655 3114 2747 3156 ΑΑ.
2775 3117 2818 3156 et
2843 3111 2920 3156 CC.

1595 3171 1832 3215 Varianae.
1900 3170 2024 3213 Scire
2062 3170 2252 3213 debuisti
2290 3169 2427 3211 fratre
2464 3169 2738 3224 emancipato
2778 3169 2921 3224 potio-

1583 3240 1675 3270 rem
1705 3240 1802 3270 eam
1833 3239 1944 3281 quae
1973 3227 2018 3267 in
2047 3225 2216 3268 familia
2253 3225 2414 3268 mansit
2442 3224 2488 3266 in
2517 3225 2697 3268 alterius
2728 3226 2918 3267 emanci-

1582 3283 1676 3338 pati
1704 3282 1832 3325 bonis
1860 3295 1951 3325 non
1980 3281 2146 3335 haberi,
2177 3280 2255 3324 sed
2277 3293 2352 3324 eos
2379 3280 2560 3335 pariter,
2591 3281 2628 3323 si
2652 3281 2922 3324 sollemniter

1581 3339 1790 3394 petierint
1827 3338 2043 3380 bonorum
2080 3336 2426 3392 possessionem,
2466 3336 2715 3381 succedere.
2776 3335 2821 3380 S.
2855 3349 2926 3379 XV

1582 3395 1622 3438 lc.
1658 3393 1757 3437 Iun.
1790 3393 1928 3436 Sirmi
1960 3391 2037 3436 CC.
2070 3405 2213 3436 conss.
2732 3396 2788 3445 [a.
2822 3396 2919 3444 294]

1640 3449 1670 3494 2
1712 3448 1836 3492 Idem
1874 3449 1965 3491 ΑΑ.
2006 3453 2051 3492 et
2089 3447 2167 3492 CC.
2207 3448 2509 3506 Apollinario.
2577 3449 2623 3492 Si
2659 3452 2788 3505 pater
2816 3453 2919 3492 tuus

1582 3505 1826 3560 propiori¹¹
1867 3504 2047 3547 sobrino
2075 3506 2154 3547 tuo
2187 3508 2348 3558 agnato
2377 3506 2617 3549 constituto
2643 3509 2689 3549 et
2711 3507 2919 3549 intestato

1583 3561 1789 3604 defuncto
1832 3561 1929 3603 iure
1974 3559 2087 3603 civili
2137 3560 2258 3603 adita
2300 3560 2563 3614 hereditate,
2614 3562 2683 3604 vel
2732 3562 2818 3604 hoc
2862 3562 2918 3604 ab

1581 3617 1707 3659 initio
1732 3629 1820 3659 non
1845 3615 2160 3659 interveniente
2189 3616 2278 3660 sive
2309 3617 2466 3671 capitis
2492 3617 2789 3661 deminutione
2818 3629 2916 3671 per-

1582 3675 1729 3727 empto
1761 3671 2029 3715 sollemniter
2051 3673 2269 3716 bonorum
2294 3672 2573 3728 possessione
2599 3673 2792 3715 admissa
2816 3685 2917 3714 suc-

1585 3728 1715 3771 cessit
1744 3740 1797 3771 ac
1825 3727 1906 3770 tibi
1935 3727 2074 3782 patris
2102 3728 2167 3771 tui
2197 3728 2398 3783 quaesita
2426 3729 2648 3772 hereditas
2678 3732 2764 3779 est,
2795 3727 2918 3770 adire

1580 3783 1829 3839 praesidem
1881 3782 2130 3838 provinciae
2187 3783 2318 3828 debes
2373 3797 2425 3826 ac
2471 3787 2663 3827 tutorem
2715 3783 2808 3826 eius
2862 3783 2917 3825 de

1582 3840 1721 3883 tutela
1759 3839 2008 3883 convenire.
2075 3838 2130 3883 D.
2163 3852 2289 3884 XIIII
2323 3839 2365 3882 lc.
2398 3838 2498 3882 Ian.
2541 3838 2745 3883 Veronae
2758 3840 2792 3865 ¹²
2822 3839 2914 3880 AA.

1582 3909 1725 3938 conss.
2729 3897 2784 3945 [a.
2818 3897 2914 3945 293]

1638 3949 1668 3996 3
1710 3949 1833 3994 Idem
1872 3951 1964 3993 AA.
2010 3953 2055 3994 et
2094 3949 2172 3995 CC.
2216 3950 2443 4007 Ulpianae.
2519 3948 2685 3993 Vitrico
2728 3949 2915 4004 privigni

1582 4006 1906 4050 successionem
1940 4005 2140 4050 intestati
2180 4007 2296 4050 civili
2323 4006 2392 4049 vel
2430 4005 2664 4048 honorario
2703 4005 2798 4047 iure
2826 4017 2916 4047 non

1581 4062 1729 4106 deberi
1760 4061 2050 4106 certissimum
2080 4066 2161 4107 est.
2235 4062 2279 4106 S.
2313 4074 2384 4105 XV
2414 4060 2455 4103 lc.
2487 4060 2622 4104 Mart.
2667 4059 2803 4103 Sirmi
2835 4058 2912 4103 CC.

1581 4131 1724 4162 conss.
2728 4119 2783 4168 [a.
2815 4118 2911 4166 294]

1636 4171 1668 4219 4
1704 4170 1865 4216 ¹³Idem
1893 4172 1985 4217 AA.
2025 4177 2071 4218 et
2109 4172 2187 4218 CC.
2227 4171 2409 4217 Aurelio
2425 4172 2459 4198 ¹⁴
2496 4171 2686 4215 Asterie.
2751 4170 2912 4214 Servus

1580 4312 1637 4363 (9)
1665 4311 1710 4352 Β
1739 4313 1807 4362 45,
1837 4321 1869 4363 1,
1900 4321 1944 4354 50
1973 4329 2083 4367 seqq.
2222 4313 2297 4365 (10)
2329 4328 2360 4353 0.
2392 4322 2407 4353 1
2440 4312 2633 4353 collocari
2660 4313 2796 4353 debuit
2818 4323 2915 4365 post

1580 4383 1613 4409 0.
1637 4377 1670 4416 5,
1697 4368 1780 4408 nisi
1794 4368 1931 4420 potius
1946 4369 2168 4411 Iustiniani
2191 4370 2358 4423 leyerint
2378 4381 2407 4407 s.
2424 4381 2486 4406 xv
2508 4368 2548 4408 k.
2565 4368 2658 4407 Iun.
2682 4367 2807 4408 Sirmi
2822 4371 2910 4410 AA.

1579 4435 1723 4472 001188,
1739 4424 1829 4464 olim
1848 4433 1972 4465 autem
1980 4426 2112 4478 fuerit
2126 4426 2215 4464 Ian.
2228 4440 2305 4477 pro
2326 4425 2419 4463 Iun.
2480 4425 2550 4474 (11)
2566 4425 2625 4463 sic
2642 4425 2734 4464 dett.
2752 4439 2835 4464 cum
2852 4424 2910 4476 B,

1577 4479 1746 4531 proprio
1787 4478 1854 4530 0²,
1890 4480 2099 4533 propriori
2143 4478 2235 4522 0⁶13
2375 4479 2447 4530 (12)
2477 4481 2654 4518 Beroeae
2690 4479 2910 4521 Mommsen

1578 4535 1651 4586 (13)
1681 4536 1799 4588 iunqe
1814 4536 1853 4585 3,
1870 4543 1924 4586 31,
1942 4546 1975 4578 s.
1993 4538 2032 4587 7,
2050 4545 2105 4588 16,
2123 4545 2165 4577 27
2203 4535 2447 4577 Consultatio
2468 4538 2507 4585 6,
2533 4543 2572 4576 18
2658 4535 2730 4585 (14)
2753 4536 2910 4577 aurelio

1584 4591 1846 4638 Consultatio,
1873 4606 1947 4632 om.
1979 4593 2075 4633 libri
