3094 4732
202 103 274 143 DE
306 99 507 139 FUNDIS
543 101 973 140 LIMI'POTRPOHIS

680 241 765 290 Lx
800 237 1044 308 (Lvnu).

195 323 272 366 DE
301 323 509 365 FUNDIS
539 309 976 364 LIMITOTROPHIS
996 318 1071 359 ET
1100 322 1300 364 TERRIS
1332 325 1405 364 ET
1434 326 1527 364 PA-

195 379 438 420 LUDIBUS
463 381 537 421 ET
554 379 794 475 PASCU1{
797 378 1136 475 ἐιέξὲἶΑΝΕῙὸ
1165 380 1277 421 VEL
1295 379 1527 420 CASTEL-

255 516 276 563 1
325 516 893 617 Ιφηρῃῗὲσίγαῖεητίηἰαπιιε
943 514 1106 558 Valens
1157 524 1202 560 et
1255 515 1527 561 Gratianus¹
1566 522 1573 535 '

194 575 325 617 AAA.
359 574 419 617 ad
546 574 667 616 nium
687 573 803 630 pp.2
859 571 1123 615 Tiberianus
1162 573 1217 615 ad
1256 574 1525 628 possibilita-

194 634 282 672 tem
320 630 592 684 singulorum
629 640 897 684 quorumque
935 626 1132 670 locorum
1168 630 1342 672 intuens
1372 629 1528 672 statuit

196 691 340 730 certas
375 686 696 741 possessiones,
736 696 847 739 quae
877 683 932 726 ad
962 683 1141 726 limitem
1170 685 1392 728 frumenta
1422 697 1526 728 con-

198 746 215 784 1
277 742 498 786 veherent.
558 740 776 796 Quocirca
803 739 998 795 generali
1026 740 1122 795 lege
1146 741 1369 784 sancimus
1395 739 1526 784 Tibe-

193 797 305 840 riam·
331 797 658 852 dispositionem
675 801 879 851 oportere
906 796 1083 847 servari,
1109 801 1375 851 amoventes,
1399 795 1524 851 quid—

223 852 299 896 uid
337 853 404 897 vel
442 853 642 909 potentia
680 852 1025 906 uniuscuiusque
1066 852 1216 895 elicuit
1254 851 1323 896 vel
1363 851 1527 896 furtiva

224 921 249 952 e
281 910 470 963 recatio,
519 908 817 963 addentesque
862 908 998 951 nihilo
1041 908 1186 952 minus
1239 909 1286 951 in
1328 907 1526 951 futurum

192 978 254 1008 nu
289 964 305 1008 i
341 964 475 1008 licere
513 964 723 1008 adversus
754 964 907 1006 utilem
936 967 1198 1006 vetustatem
1236 970 1281 1007 et
1318 975 1525 1019 praesen-

191 1025 279 1064 tem
317 1021 456 1076 legem
494 1026 690 1064 nostram
728 1020 981 1075 importuna
1020 1027 1064 1062 et
1094 1019 1344 1075 respuenda
1373 1031 1524 1074 repos-

193 1089 304 1120 cere.
382 1075 438 1121 D.
479 1089 613 1120 XVIII
654 1076 697 1120 lc.
741 1075 832 1120 Oet.
878 1076 1111 1133 Aquileiae
1148 1075 1346 1119 Arcadio
1385 1077 1436 1119 A.
1483 1078 1528 1118 et

193 1131 402 1176 Bautone
430 1144 574 1176 conss.
1341 1135 1396 1184 [a.
1429 1134 1525 1182 385]

247 1185 279 1234 2
312 1186 476 1246 ³Jmpp.
512 1188 746 1232 Honorius
785 1194 828 1232 et
859 1187 1135 1232 Theodosius
1165 1187 1256 1231 AA.
1298 1186 1526 1250 Asclepio-

190 1243 298 1288 doto
349 1258 402 1302 p.
433 1250 477 1287 et
504 1244 678 1288 consuli
709 1243 952 1288 ordinario.
1015 1243 1288 1299 Quicumque
1323 1242 1526 1287 castello·

193 1312 291 1343 rum
351 1311 434 1343 oca
479 1313 755 1355 quocumque
799 1300 928 1343 titulo
977 1299 1228 1356 possident,
1275 1299 1438 1342 cedant
1472 1310 1527 1341 ac

190 1355 406 1408 deserant,
439 1357 540 1411 quia
569 1358 625 1400 ab
646 1357 715 1400 his
745 1360 917 1399 tautum
935 1355 1004 1399 fas
1024 1360 1092 1399 est
1120 1355 1335 1410 possideri
1367 1355 1527 1398 castel-

190 1411 334 1455 lorum
362 1412 598 1464 territoria,
631 1412 790 1468 quibus
821 1412 1049 1467 adscripta
1077 1414 1184 1454 sunt
1212 1415 1256 1454 et
1285 1411 1339 1454 de
1369 1411 1527 1465 quibus

194 1473 212 1510 1
271 1467 481 1511 iudicavit
509 1469 764 1524 antiquitas.
810 1468 936 1522 Quod
962 1468 998 1511 si
1024 1467 1208 1510 ulterius
1234 1467 1302 1510 vel
1329 1466 1529 1522 privatae

194 1522 464 1568 condicionis
502 1525 718 1580 quispiam
746 1524 793 1567 in
833 1525 903 1568 his
939 1523 1055 1567 locis.
1088 1522 1157 1566 vel
1194 1535 1282 1565 non
1324 1523 1527 1566 castella-

190 1592 273 1623 nus
301 1579 427 1624 miles
455 1580 592 1623 fuerit
620 1581 870 1624 detentator
891 1581 1111 1630 inventus,
1143 1578 1526 1637 capitali-senten-

189 1635 252 1678 tia
291 1648 389 1679 cum
429 1638 646 1680 bonorum
680 1635 982 1691 publicatione
1020 1635 1256 1689 plectatur.
1326 1634 1380 1677 J).
1421 1648 1526 1677 non.

189 1690 326 1735 Mart.
378 1690 772 1749 Constantinopoli
813 1689 1132 1747 Asclepiodoto
1177 1695 1224 1732 et
1264 1687 1527 1797 Marinianol

189 1759 333 1790 conss.
1340 1749 1397 1797 [a.
1428 1749 1509 1789 423

244 1798 275 1848 3
307 1799 475 1860 ⁴Impp.
509 1801 786 1846 Theodosius
814 1807 858 1846 et
886 1800 1227 1844 Valentinianus
1255 1802 1347 1845 AA.
1381 1800 1527 1844 Nomo

186 1857 406 1913 maqistro
425 1857 697 1914 officiorum.
743 1858 887 1912 Agros
913 1856 1159 1900 limitaneos
1182 1856 1412 1900 universos
1429 1869 1529 1898 cum

183 1911 425 2012 paludibus
456 1913 658 1967 omnique
686 1913 781 1956 iure
796 1947 806 1965 ‚
838 1927 949 1968 quos
979 1926 1034 1956 ex
1062 1912 1211 1967 prisca
1241 1911 1529 1967 dispositione

200 1966 398 2011 imitanei
426 1968 586 2012 milites
617 1969 673 2011 ab
701 1969 818 2012 omni
849 1981 1030 2012 munere
1060 1981 1224 2012 vacuos
1254 1968 1341 2023 ipsi
1371 1979 1529 2011 curare

185 2036 266 2090 pro
295 2035 378 2068 suo
411 2024 671 2080 compendio
702 2029 835 2079 atque
875 2037 1004 2068 arare
1036 2026 1377 2077 consueverant,
1416 2027 1463 2067 et
1491 2024 1530 2067 si

184 2092 231 2123 in
267 2080 496 2137 praesenti
531 2081 760 2133 coluntur,
801 2081 859 2124 ab
899 2081 968 2123 his
1005 2079 1190 2124 firmiter
1228 2093 1282 2124 ae
1312 2080 1408 2124 sine
1437 2080 1528 2122 ullo

189 2136 495 2180 concussionis
523 2137 773 2191 gravamine
803 2136 1014 2188 detineri,
1055 2139 1100 2180 et
1128 2137 1166 2180 si
1205 2137 1264 2180 ab
1293 2136 1392 2179 aliis
1422 2150 1528 2191 pos-

187 2191 407 2244 sidentur,
457 2192 695 2235 cuiuslibet
737 2206 758 2236 s
793 2192 872 2235 atii
923 2192 1135 2248 temporis
1179 2192 1529 2248 praescriptione

187 2251 391 2292 cessante
416 2249 473 2291 ab
502 2248 717 2292 universis
774 2249 1095 2292 etentatoribus
1119 2248 1366 2292 vindicatos
1389 2247 1528 2292 isdem

186 2303 398 2348 militibus
429 2304 523 2347 sine
550 2304 641 2348 ullo
670 2317 867 2359 prorsus,
898 2304 1015 2347 sicut
1039 2304 1282 2359 antiquitus
1313 2306 1529 2347 statutum

187 2364 269 2412 est,
302 2359 549 2404 collationis
575 2373 709 2404 onere
731 2360 931 2404 volumus
957 2359 1201 2415 adsignari:
1232 2360 1279 2402 in
1304 2360 1372 2403 his
1396 2359 1528 2403 etiam

187 2420 341 2459 contra
380 2428 481 2468 eos,
522 2416 596 2472 qui
632 2416 1019 2472 praeceptionibus
1058 2416 1222 2459 nostris
1254 2415 1425 2460 obviam
1454 2429 1526 2460 ve-

191 2471 288 2516 nire
334 2472 667 2528 temptaverint,
719 2472 1059 2528 proscriptionis
1104 2474 1278 2527 poena⁵
1319 2472 1525 2516 valitura.

190 2532 208 2570 1
267 2527 384 2572 Nam
414 2528 453 2572 si
481 2529 579 2583 quis
602 2528 730 2578 forte,
762 2528 880 2584 quod
909 2527 1086 2571 minime
1109 2527 1275 2571 audere
1299 2527 1526 2580 debuerat,

187 2584 422 2640 emptionis
474 2584 605 2628 titulo
649 2584 880 2628 memorati
932 2583 1042 2627 iuris
1087 2584 1285 2639 possidet
1326 2583 1524 2639 praedia,

186 2643 440 2696 competens
471 2640 513 2684 ei
534 2641 650 2685 actio
678 2641 863 2684 contra⁶
891 2639 1162 2683 venditorem
1186 2640 1356 2683 intacta
1379 2652 1525 2683 serva-

185 2695 318 2740 bitur.
377 2695 433 2740 D.
462 2696 582 2754 prid.
612 2695 671 2741 id.
703 2695 826 2754 Sept.
848 2695 1240 2754 Constantinopoli
1255 2695 1461 2740 Maximo
1482 2708 1528 2739 II

186 2757 232 2796 et
258 2750 445 2796 Paterio
476 2765 621 2798 conss.
1336 2756 1391 2803 [a.
1425 2756 1523 2804 443]

697 2867 809 2915 LXI
866 2867 952 2915 LX
979 2870 1012 2914 ,⁷
1370 2899 1372 2902 ψ

295 3000 297 3003 Α
322 2951 399 2990 DE
428 2949 658 2991 PAsoms
688 2869 1094 2989 PUBLicis)VEL
1125 2947 1395 2989 PRIVATIS.
1425 3008 1428 3011 ι

248 3030 268 3076 1
309 3031 475 3089 ⁸Impp.
516 3031 861 3076 Valentinianus
896 3036 940 3075 et
979 3029 1144 3073 Valens
1172 3030 1264 3074 AA.
1295 3030 1358 3074 ad
1396 3030 1524 3088 Rufi-

187 3100 291 3129 num
314 3101 396 3152 pp.
457 3088 567 3131 Cum
596 3088 718 3131 nulla
753 3087 867 3130 ratio
899 3087 969 3138 sit,
1002 3099 1082 3129 cur
1110 3085 1156 3128 in
1189 3087 1369 3151 pascuis
1399 3088 1522 3131 salti-

187 3142 270 3185 bus
299 3155 365 3186 rei
395 3143 593 3198 privatae
622 3142 776 3198 pensio
809 3142 971 3186 debeat
999 3141 1214 3196 ampliari,
1244 3155 1523 3198 nequaquam

192 3205 206 3240 1
257 3211 339 3253 pro
363 3198 543 3242 libidine
567 3199 768 3243 ordinum
798 3203 1032 3253 augmenta
1056 3197 1259 3240 facienda
1283 3205 1399 3241 sunt.
1439 3199 1521 3242 Et-

187 3254 303 3298 enim
333 3254 501 3299 idcirco
530 3255 776 3310 graviorem
805 3254 1061 3308 pensionem
1084 3254 1248 3308 imponi
1271 3255 1327 3296 ab
1358 3254 1522 3298 ordini-

186 3310 271 3353 bus
299 3310 555 3366 accipimus,
586 3313 636 3353 ut
665 3309 871 3353 animalia
899 3322 955 3353 ex
984 3310 1116 3353 rebus
1147 3308 1329 3363 privatis
1360 3310 1522 3354 nostris

186 3379 214 3408 a
242 3366 442 3410 locorum
471 3367 674 3422 pastibus
705 3372 961 3409 arceantur:
1003 3364 1122 3421 quod
1150 3363 1245 3408 fieri
1274 3378 1362 3409 non
1391 3378 1521 3421 opor-

185 3427 278 3465 tere
309 3422 433 3466 divae
456 3422 692 3466 memoriae
714 3421 911 3466 Iulianus
933 3424 1173 3477 prorogata
1193 3421 1388 3464 iussione
1418 3434 1524 3465 con·

187 3481 211 3520 2
270 3478 429 3522 stituit.
489 3479 636 3533 Quare
667 3477 884 3522 excellens
914 3477 1156 3521 auctoritas
1185 3479 1266 3520 tua
1296 3478 1523 3522 conventis

185 3535 433 3578 rectoribus
463 3535 790 3590 provinciarum
818 3546 907 3577 non
946 3547 1044 3577 eam
1086 3531 1341 3576 licitationis
1370 3545 1522 3577 neces-

185 3589 361 3634 sitatem
388 3591 586 3646 patiatur
608 3589 778 3643 inferri,
837 3602 940 3633 uam
969 3587 1245 3644 repentinam
1272 3588 1445 3631 faciunt
1462 3589 1524 3632 ci-

184 3645 356 3700 vitates,
387 3647 465 3690 sed
495 3659 592 3689 eam
614 3657 792 3689 manere
851 3652 1032 3689 ecernat
1045 3645 1074 3698 ⁹,
1105 3656 1235 3699 quam
1259 3644 1417 3688 statuit
1444 3656 1523 3688 an-

184 3701 219 3744 ti
249 3702 380 3746 uitas.
442 3702 494 3745 D.
535 3714 651 3745 VIIII
677 3701 720 3745 lc.
755 3700 848 3745 Oct.
879 3701 1096 3745 Luceriae
1136 3698 1451 3744 Valentiniano
1481 3705 1528 3745 et

236 3757 383 3801 alente
413 3759 504 3802 AA.
536 3771 680 3802 conss.
1336 3759 1393 3808 [a.
1426 3759 1524 3808 365]

245 3811 275 3858 2
321 3812 503 3871 ¹⁰Impp.
544 3813 764 3857 Arcadius
802 3818 845 3856 et
884 3811 1118 3856 Honorius
1155 3813 1246 3855 AA.
1291 3810 1524 3868 Simplicio

185 3870 337 3913 comiti
357 3874 402 3913 et
423 3869 645 3927 maqistro
668 3869 903 3924 utriusque
926 3868 1124 3911 militiae.
1164 3867 1351 3923 Insignis
1369 3869 1525 3911 aucto-

184 3925 294 3969 ritas
323 3928 403 3968 tua
432 3925 519 3968 hac
551 3924 807 3968 condicione
837 3936 864 3966 a
891 3923 1082 3979 publicis
1118 3923 1258 3977 pratis
1287 3923 1525 3978 Apamenis

186 3981 393 4025 animalia
436 3980 623 4023 militum
661 3979 887 4036 prohiberi
929 3978 1198 4035 praecipiat,
1242 3984 1292 4022 ut
1335 3979 1526 4023 universi

189 4039 463 4092 cognoscant
502 4036 556 4080 de
585 4035 887 4080 emolumentis
922 4048 1072 4079 eorum
1111 4034 1262 4090 tuique
1291 4034 1428 4078 officii
1456 4034 1525 4077 fa-

184 4181 235 4231 (1)
250 4178 568 4219 Valentinianus
583 4176 835 4216 Theodosius
849 4178 890 4214 et
904 4174 1104 4214 Arcadius
1121 4175 1338 4226 requiritur
1395 4173 1451 4227 (2)
1466 4173 1519 4214 li-

184 4235 339 4275 cinium
367 4246 437 4287 pp.
475 4234 680 4280 Guiacius,
711 4230 903 4271 licinium
931 4231 995 4271 vel
1021 4231 1198 4270 latinum
1238 4231 1344 4272 libri.
1384 4254 1438 4259 -
1469 4231 1518 4271 de

190 4290 345 4331 Licinio
357 4305 432 4344 pp.
462 4290 563 4331 nihil
586 4296 715 4329 notum
746 4296 826 4327 est.-
854 4285 1125 4340 Gothoftedus
1144 4288 1337 4339 proponit
1358 4285 1518 4326 Princi-

182 4345 297 4397 pium
326 4358 394 4397 pp.
426 4355 462 4387 et
491 4344 621 4399 iunqit
651 4346 823 4392 10,1e‚·1
855 4341 1013 4390 (d.v111
1034 4341 1075 4380 k.
1095 4341 1201 4391 Oct.)
1286 4341 1341 4393 (3)
1371 4340 1514 4381 ==Tlt.

185 4403 223 4449 7,
253 4410 308 4451 15,
339 4411 357 4440 2
459 4403 513 4452 (4)
542 4421 598 4436 ==
626 4399 729 4441 Νου,
764 4398 913 4438 Theod.
946 4398 1015 4448 24,
1045 4405 1076 4447 1,
1106 4405 1149 4436 4:
1180 4398 1296 4451 iunqe
1335 4399 1367 4447 l,
1398 4405 1450 4444 31,
1481 4404 1515 4436 4.

188 4459 222 4505 1,
253 4464 312 4507 46,
343 4467 362 4497 4
501 4458 556 4510 (5)
584 4452 896 4507 proscriptionis
932 4452 1079 4504 poena]
1118 4450 1255 4492 eadem
1292 4464 1516 4504 poenarum

183 4510 434 4561 acerbitate,
466 4525 570 4563 quae
598 4511 790 4551 adversus
819 4507 970 4548 ducum
999 4506 1238 4547 aviditatem
1264 4507 1427 4560 prolata
1456 4509 1517 4545 est

184 4566 288 4610 Νου.
390 4569 445 4619 (6)
475 4567 665 4608 adversus
691 4566 792 4607 Νου.
895 4564 950 4615 (7)
982 4563 1024 4603 Β
1057 4565 1123 4614 55,
1154 4573 1170 4604 7
1268 4566 1325 4616 (8)
1354 4583 1410 4598 ===
1441 4562 1513 4603 le.

1513 82 1620 141 447

2623 87 2700 140 XI
2736 90 2939 139 60—62

1567 246 1571 251 ·
1615 237 1854 282 cultatibus
1895 236 2123 280 duodecim
2160 238 2294 282 libras
2326 240 2419 282 auri
2459 240 2554 284 fisci
2585 239 2822 282 commodis
2852 239 2941 282 exi·

1610 293 1798 348 gemas,
1838 294 1876 338 si
1905 293 2134 350 quisquam
2165 295 2351 349 posthac
2381 300 2619 339 memorata
2655 298 2784 350 prata
2813 295 2943 339 muti-

1610 350 1705 393 lare
1732 349 2035 406 temptaverit:
2075 363 2163 394 non
2200 351 2367 394 minore
2398 351 2670 395 decernenda
2707 363 2875 406 poena,
2907 351 2943 394 si

1610 405 1742 448 etiam
1782 410 1910 461 prata
1948 405 2220 461 privatorum
2250 406 2625 450 Antiochenorum
2662 405 2829 449 fuerint
2867 406 2941 449 de-

1612 466 1805 504 vastata:
1846 461 1908 504 ita
1949 466 2120 515 tamen,
2160 467 2210 504 ut
2250 464 2343 506 sine
2381 462 2573 506 laesione
2611 461 2944 517 provincialium

1612 516 1870 570 provideant
1899 518 2101 572 curiales,
2163 531 2219 562 uo
2251 522 2382 573 pacto
2411 518 2665 560 anImalium
2691 517 2944 559 militarium

1611 573 1759 626 pastui
1798 574 2069 618 consulatur.
2128 532 2183 618 ἲ.
2223 586 2252 617 V
2283 573 2341 617 id.
2373 572 2509 616 Mart.
2554 572 2944 628 Constantinopoli

1612 625 1820 671 Honorio
1851 631 1902 672 A.
1936 641 2026 673 IIII
2051 635 2096 674 et
2124 628 2412 686 Eutychiano
2442 641 2508 672 ve.
2538 639 2680 670 conss.
2756 630 2812 678 [a.
2846 630 2942 678 398]

1668 678 1697 727 3
1733 682 1915 740 ¹¹Impp.
1950 684 2183 727 Honorius
2212 691 2253 726 et
2286 682 2559 726 Theodosius
2588 683 2678 724 AA.
2712 681 2944 724 comitibus

1610 742 1655 779 et
1682 738 1910 793 maqistris
1938 739 2137 782 militum.
2182 739 2319 781 Prata
2343 737 2674 793 provincialium
2695 743 2946 781 nostrorum

1610 796 1655 833 et
1682 793 1921 856 praecipue
1950 793 2015 836 rei
2050 794 2248 848 privatae
2287 796 2466 835 nostrae
2480 793 2514 819 ¹²
2555 792 2848 847 perniciosum
2878 799 2946 835 est

1610 846 1796 890 mihtum
1826 849 2028 891 molestia
2056 848 2257 902 fatigari,
2296 848 2483 903 ideoque
2522 848 2615 902 lege
2642 847 2700 890 ad
2729 848 2945 902 amplissi-

1609 916 1723 946 mam
1747 903 2073 959 praefecturam
2096 903 2374 958 promulgata
2390 906 2423 929 ¹³
2450 904 2700 947 censuimus
2716 904 2762 956 ¹⁴,
2787 916 2844 947 ne
2861 904 2947 947 hoc

1614 963 1631 1001 1
1694 958 1902 1014 deinceps
1926 965 2179 1015 usurpetur.
2188 983 2201 1010 ιΔ
2224 958 2367 1015 Super
2396 972 2484 1014 qua
2507 971 2556 1002 re
2584 959 2809 1002 universos
2840 973 2947 1013 quo-

1609 1028 1706 1058 rum
1735 1015 1920 1059 interest
1951 1016 2183 1059 convenire
2220 1017 2299 1058 tua
2337 1014 2659 1070 magnificentia
2689 1028 2775 1058 non
2805 1028 2947 1056 more-

1610 1075 1695 1124 tur,
1727 1084 1782 1115 ne
1810 1072 2068 1128 permittant
2095 1083 2376 1127 possessores
2406 1072 2474 1114 vel
2506 1071 2685 1114 colonos
2715 1075 2943 1125 pratorum

1608 1127 1752 1181 gratia
1782 1127 1978 1182 qualibet
2018 1128 2350 1183 importunitate
2377 1128 2538 1170 vexari.
2597 1126 2652 1170 D.
2684 1140 2788 1169 non.
2822 1124 2943 1183 Sept.

1613 1182 1822 1228 Honorio
1853 1196 1888 1228 x
1915 1190 1960 1229 et
1990 1183 2239 1228 Theodosio
2279 1195 2328 1227 VI
2354 1185 2446 1226 AA.
2478 1196 2620 1227 conss.
2762 1185 2815 1234 [a.
2848 1185 2947 1233 415]

2108 1300 2246 1347 an
2283 1299 2450 1359 (an.

1612 1381 1688 1420 DE
1717 1381 1926 1421 FUNDIS
1954 1380 2472 1422 PATRIMONIALIBUS
2514 1380 2586 1420 ET
2615 1380 2947 1420 SALTUENSI-

1612 1435 1715 1477 BUS
1753 1437 1827 1476 ΕΤ
1863 1436 2439 1533 ΕΜΡΗῩΤΕΠΤἙἘΙΙΞΠΞΤ
2479 1436 2675 1476 EORUM
2705 1434 2948 1476 CONDUC—

1673 1574 1695 1620 1
1733 1573 1846 1632 Imp.
1882 1573 2201 1619 Constantinus
2237 1575 2290 1618 A.
2324 1574 2384 1619 Cu
2418 1574 2495 1618 ito.
2566 1575 2611 1618 Si
2650 1574 2747 1630 quis
2787 1574 2950 1617 fundos

1613 1630 1928 1686 emphyteutici
1949 1631 2058 1674 iuris
2087 1631 2211 1674 salva
2238 1631 2333 1686 lege
2389 1630 2454 1674 sci
2479 1630 2590 1674 citra
2611 1630 2769 1673 iudicis
2794 1634 2950 1673 aucto-

1612 1687 1791 1730 ritatem
1819 1685 2069 1738 donaverit,
2103 1686 2361 1730 donationes
2390 1686 2543 1730 firmae
2572 1686 2685 1738 sint,
2715 1685 2949 1729 dummodo

1613 1742 1706 1785 suis
1737 1742 1982 1798 quibusque
2009 1742 2284 1797 temporibus
2315 1755 2366 1785 ea
2396 1755 2511 1797 quae
2546 1742 2655 1785 fisco
2685 1742 2950 1796 pensitanda

1613 1802 1718 1841 sunt
1746 1801 2081 1852 repraesentare
2111 1802 2336 1852 cogantur.
2396 1797 2488 1841 ΡΡ.
2522 1810 2632 1841 XVII
2661 1798 2703 1840 lc.
2727 1797 2812 1840 Iul.
2847 1797 2951 1841 Tre-

1614 1853 1722 1897 viris
1740 1851 2033 1898 Constantino
2050 1854 2102 1896 A.
2121 1865 2212 1896 IIII
2225 1859 2270 1897 et
2283 1853 2456 1897 Licinio
2473 1865 2566 1896 IIII
2587 1866 2729 1897 conss.
2778 1858 2834 1905 [a.
2853 1856 2948 1905 315]

1670 1907 1700 1953 2
1737 1907 1898 1953 ¹⁵Idem
1926 1912 1977 1953 A.
2010 1909 2071 1952 ad
2099 1908 2409 1953 Dracontium.
2468 1909 2796 1953 Patrimonialis
2824 1908 2952 1951 fundi

1612 1965 1952 2020 pensitationem
1981 1965 2205 2008 aurariam
2229 1978 2309 2009 seu
2334 1966 2669 2009 frumentariam
2695 1966 2812 2009 intra
2842 1971 2950 2007 tem-

1612 2035 1696 2076 pus
1728 2022 1933 2065 omissam
1971 2021 2188 2065 minorum
2227 2021 2417 2065 dominio
2456 2035 2545 2065 non
2581 2034 2741 2065 nocere
2779 2022 2949 2076 praeci-

1611 2078 1758 2132 pimus
1787 2090 1871 2121 nec
1901 2077 1957 2121 ad
1986 2077 2185 2121 fraudem
2207 2077 2316 2121 iuris
2347 2090 2498 2121 eorum
2523 2077 2721 2129 evadere,
2752 2078 2803 2128 si,
2835 2077 2950 2131 quod

1613 2133 1883 2177 sollemniter
1898 2134 2095 2187 debetur,
2124 2134 2261 2188 paulo
2278 2135 2418 2178 serius
2441 2135 2679 2177 inferatur:
2710 2134 2773 2176 ita
2789 2138 2950 2186 tamen,

1612 2194 1662 2231 ut
1690 2195 1975 2245 permanente
2005 2189 2254 2233 substantia
2282 2190 2564 2245 parvulorum
2598 2189 2733 2234 iudex
2761 2193 2951 2232 tutorem

1611 2245 1681 2288 vel
1712 2248 1982 2300 curatorem,
2022 2258 2103 2301 per
2142 2258 2270 2300 quem
2301 2246 2502 2289 differtur
2530 2246 2680 2299 illatio,
2720 2245 2950 2300 neglegen-

1611 2302 1702 2344 tiae
1739 2314 1845 2346 suae
1882 2306 1928 2345 et
1965 2301 2128 2345 deserti
2167 2301 2303 2345 officii
2339 2314 2505 2358 poenas
2535 2302 2681 2357 exigat
2710 2307 2753 2344 et
2792 2301 2952 2344 damna

1613 2357 1845 2460 deplorare
1875 2370 1972 2402 com
2006 2358 2124 2401 ellat.

1733 2412 1916 2472 ¹⁰Impp.
1998 2413 2304 2457 alentinianus
2346 2420 2390 2458 et
2428 2414 2594 2458 Valens
2622 2413 2714 2457 AA.
2752 2412 2814 2455 ad
2845 2410 2951 2455 Ger-

1612 2469 1871 2513 manianum
1901 2470 2104 2514 comitem
2131 2483 2366 2513 sacrarum
2397 2470 2702 2527 larqitionum.
2742 2467 2949 2523 Quicum-

1613 2539 1696 2581 que
1732 2526 2037 2580 possessiones
2076 2537 2131 2568 ex
2159 2525 2485 2582 emphyteutico
2526 2526 2622 2569 iure
2660 2523 2950 2580 susceperint,

1612 2595 1665 2625 ea
1693 2581 1751 2625 ad
1778 2581 2099 2625 refundendum
2129 2581 2196 2625 uti
2224 2582 2459 2625 occasione
2488 2595 2579 2626 non
2616 2585 2822 2638 possunt,
2864 2592 2951 2634 qua

1612 2638 1820 2681 adserant
1848 2638 2044 2681 desertas
2070 2650 2168 2680 esse
2191 2638 2405 2694 coepisse,
2434 2637 2610 2682 tametsi
2634 2636 2850 2692 rescripta
2870 2648 2952 2691 per

1617 2698 1632 2736 1
1696 2693 1999 2749 obreptionem
2037 2693 2291 2737 meruerint.
2360 2693 2447 2738 Sed
2487 2706 2570 2737 nec
2611 2693 2740 2737 avelli
2777 2704 2851 2735 eas
2892 2692 2949 2734 ab

1611 2749 1680 2793 his
1720 2762 1874 2806 posse,
1916 2763 1997 2793 nec
2040 2749 2078 2792 si
2115 2749 2302 2793 licitatio
2343 2751 2400 2793 ab
2432 2749 2519 2793 alio
2557 2749 2693 2793 fuerit
2720 2748 2948 2804 promissa,

1612 2806 1690 2849 sed
1719 2818 1794 2850 eas
1823 2805 1871 2849 in
1900 2808 2161 2861 perpetuum
2200 2805 2319 2861 apud
2349 2818 2425 2850 eos
2457 2807 2531 2861 qui
2570 2818 2646 2849 eas
2675 2804 2951 2860 susceperint

1611 2869 1654 2905 et
1693 2874 1845 2906 eorum
1883 2861 2187 2917 posteritatem
2225 2874 2474 2914 remanere,
2511 2874 2594 2905 nec
2625 2861 2663 2905 si
2692 2873 2828 2916 super
2862 2860 2950 2902 hoc

1609 2919 1874 2973 rescriptum
1901 2917 2036 2960 fuerit
2066 2917 2278 2962 adversus
2308 2930 2384 2961 eos
2412 2917 2709 2973 impetratum.
2770 2916 2824 2959 D.
2858 2924 2949 2959 VIIl

1608 2974 1650 3017 lc.
1700 2972 1793 3019 Oct.
1849 2972 2100 3017 Mediolani
2152 2972 2469 3017 Valentiniano
2522 2978 2568 3017 et
2621 2972 2806 3017 Valente
2855 2971 2948 3078 Algi

1608 3043 1750 3073 conss.
2762 3030 2818 3079 [a.
2851 3030 2902 3069 36

1665 3084 1697 3131 4
1732 3083 1894 3129 ¹⁷Idem
1922 3083 2014 3127 AA.
2046 3083 2109 3127 ad
2135 3084 2402 3128 Florianum
2431 3083 2633 3128 comitem
2661 3095 2811 3126 rerum
2846 3081 2946 3138 pri-

1608 3147 1825 3186 vatarum.
1885 3139 2033 3182 Fundi
2061 3140 2389 3195 patrimoniales
2420 3145 2464 3182 et
2501 3138 2577 3195 qui
2606 3151 2660 3182 ex
2689 3137 2946 3193 emphyteu-

1608 3199 1697 3241 tico
1727 3197 1824 3240 iure
1860 3195 1918 3238 ad
1957 3195 2134 3238 domum
2163 3201 2359 3239 nostram
2388 3194 2571 3239 diversis
2607 3194 2839 3249 generibus
2871 3192 2946 3235 de-

1608 3253 1746 3297 voluti
1775 3254 1900 3305 sunt,
1942 3251 2009 3295 sic
2047 3251 2109 3295 eis
2139 3251 2215 3307 qui
2244 3264 2320 3295 eos
2349 3250 2635 3307 poposcerint
2674 3249 2855 3300 cedunt,
2896 3251 2946 3290 ut

1612 3307 1828 3353 commissi
1859 3311 2001 3350 metus
2031 3319 2127 3351 esse
2155 3321 2245 3350 non
2274 3307 2429 3363 possit.
2488 3319 2630 3362 neque
2667 3306 2782 3349 enim
2811 3304 2946 3358 magis

1610 3363 1934 3407 commodamus
1963 3368 2130 3415 nostra,
2162 3376 2292 3418 quam
2315 3362 2530 3406 tradimus
2556 3375 2609 3405 ea
2631 3362 2727 3405 iure
2746 3360 2944 3422 dominii3

1608 3421 1672 3463 ita
1702 3425 1871 3470 tamen,
1913 3423 1964 3461 ut
1992 3431 2064 3471 ea,
2098 3431 2212 3474 quae
2239 3419 2287 3462 in
2316 3423 2468 3462 nostra
2505 3418 2784 3474 possessione
2813 3415 2946 3471 positi

1608 3474 1901 3531 praesiterint‚
1915 3478 1959 3518 et
1974 3474 2020 3516 in
2035 3480 2260 3530 posterum
2269 3474 2523 3518 dissolvant.
2556 3473 2609 3517 D.
2622 3473 2682 3516 id.
2693 3472 2829 3516 Mart.
2843 3470 2946 3513 Tre-

1609 3531 1726 3576 veris
1747 3528 2061 3573 Valentiniano
2081 3542 2125 3573 II
2137 3536 2182 3574 et
2202 3530 2386 3574 Valente
2401 3543 2448 3574 II
2459 3531 2551 3573 AA.
2566 3530 2753 3573 eonss.¹⁸
2779 3532 2833 3578 [a.
2847 3528 2945 3576 368]

1665 3586 1694 3631 5
1731 3585 1797 3629 Im
1824 3600 1907 3643 pp.
1938 3585 2102 3629 Valens
2120 3584 2367 3630 Gratianus
2387 3591 2432 3630 et
2457 3585 2796 3629 Valentinianus
2810 3582 2942 3624 AAA.

1610 3642 1670 3686 ad
1706 3641 1786 3685 Mo
1819 3647 1960 3685 estam
1992 3655 2076 3699 pp.
2145 3641 2191 3684 Si
2231 3642 2307 3697 qui
2346 3654 2374 3684 a
2409 3640 2631 3696 prioribus
2671 3637 2837 3683 colonis
2877 3636 2945 3678 vel

1610 3697 2013 3754 emphyteuticariis
2044 3697 2303 3741 destitutum
2333 3696 2684 3752 patrimonialem
2708 3693 2891 3738 fundum
2919 3704 2947 3733 a

1609 3758 1932 3809 peraequatore
1947 3753 2016 3796 vel
2038 3753 2256 3796 censitore
2279 3752 2567 3818 susceperint,
2597 3754 2809 3813 perpetuo
2838 3759 2944 3790 eun-

1610 3810 1707 3853 dem
1736 3812 1870 3864 atque
1895 3809 2161 3852 inconcusso
2184 3809 2279 3852 iure
2306 3807 2575 3864 possideant,
2605 3818 2688 3850 nec
2716 3815 2946 3860 quisquam

1610 3865 1830 3908 secundus
1869 3864 2034 3919 petitor
2072 3864 2272 3908 accedat.
2346 3863 2401 3907 D.
2434 3874 2525 3906 IIII
2551 3876 2655 3906 non.
2686 3861 2798 3904 Νου.
2832 3857 2944 3901 Gra-

1611 3922 1734 3965 tiano
1765 3923 1816 3964 A.
1850 3932 1939 3962 IIII
1965 3925 2011 3963 et
2037 3918 2313 3964 Merobaude
2342 3931 2487 3962 conss.
2756 3919 2811 3967 [a.
2845 3917 2943 3976 317]

1666 3973 1696 4022 6
1729 3974 1798 4019 Im
1824 3989 1907 4032 pp.
1942 3973 2188 4018 Gratianus
2227 3973 2570 4019 Valentinianus
2596 3978 2642 4018 et
2671 3969 2946 4015 Theodosius

1609 4032 1741 4076 AAA.
1817 4030 1987 4075 ebridio
2017 4030 2170 4074 comiti
2197 4044 2347 4075 rerum
2367 4027 2668 4086 privatarum.
2731 4026 2812 4079 Hi,
2849 4022 2946 4081 qui-

1904 4171 1962 4223 (9)
1990 4173 2049 4212 sic
2087 4173 2196 4221 dea„
2237 4170 2426 4210 decernet
2455 4167 2600 4219 KoP,
2637 4170 2855 4209 decernent
2884 4168 2930 4208 Ιιι

2022 4228 2097 4278 (ιο)
2125 4246 2182 4262 ==
2212 4227 2285 4267 ΤΙι.
2317 4228 2355 4276 ’1,
2387 4234 2419 4275 7,
2450 4234 2469 4265 3
2556 4224 2794 4275 (11)=le.
2816 4226 2852 4273 7,
2871 4233 2904 4274 τ,
2923 4234 2942 4264 5

2123 4283 2286 4322 nostrae
2315 4297 2388 4321 om.
2421 4281 2496 4322 Th.
2582 4281 2653 4330 (13)
2687 4280 2760 4321 Th.
2793 4283 2831 4329 7,
2860 4287 2878 4320 7
2921 4290 2941 4320 4

2551 4336 2623 4386 (15)
2659 4335 2942 4388 Gotkofredms

1606 4176 1645 4220 7,
1677 4182 1709 4221 7,
1742 4181 1762 4213 2

1605 4229 1829 4268 decernant
1860 4227 1935 4269 Th.

1603 4286 1678 4337 (1⁶2)
1709 4286 1749 4323 et
1776 4282 1998 4335 praecipue
2028 4312 2037 4323 .
2054 4313 2065 4322 .
2082 4313 2092 4322 .

1603 4342 1676 4390 (14)
1707 4341 1766 4379 sic
1785 4338 1973 4380 Cuiacius
2003 4338 2093 4389 Th„
2122 4348 2331 4378 censemus
2359 4338 2454 4378 libri

1601 4394 1823 4448 iunyitle.
1856 4397 1992 4443 11‚1o‚
2014 4404 2031 4436 1
2062 4395 2118 4446 (a.
2149 4395 2229 4444 321)
2285 4393 2361 4443 (16)
2390 4392 2435 4432 B
2466 4394 2658 4439 56,14.19
2717 4392 2791 4441 (ιτ)
2819 4391 2941 4442 {unqe

1605 4453 1667 4498 11.
1698 4458 1757 4499 66,
1788 4447 1840 4490 2?
1887 4448 1962 4490 Th.
1993 4452 2031 4495 5.
2063 4458 2117 4495 13,
2148 4456 2187 4490 18
2310 4450 2386 4498 (18)
2416 4446 2456 4486 d.
2485 4459 2555 4486 un
2593 4447 2632 4486 k.
2671 4446 2792 4487 Mart.
2826 4445 2939 4486 'Pr-iv·

1601 4505 1691 4545 Val.
1722 4508 1762 4544 et
1791 4503 1883 4546 val.
1914 4509 1999 4545 AA.
2033 4517 2158 4543 conss.
2194 4503 2263 4543 Th.
2297 4505 2338 4554 5,
2366 4511 2420 4554 13,
2450 4512 2490 4544 18
