3094 4732
147 190 295 240 X16

146 335 294 376 uariae
322 332 384 373 rei
413 342 465 371 ac
495 325 734 370 devotionis
764 324 964 378 publicae
993 322 1180 365 elicitum
1228 314 1463 382 damnabili

144 385 419 439 subreptione
470 381 730 434 rescriptum
778 378 1055 421 manifestum
1104 380 1171 417 est
1214 379 1324 414 vires
1374 381 1462 411 non

175 442 294 484 osse¹
333 437 493 480 sortiri.
542 434 659 477 circa
683 445 832 475 omnes
864 433 996 486 igitur
1023 443 1103 485 par
1132 431 1264 481 atque
1299 436 1462 486 aequa-

143 457 194 538 fla
231 491 437 537 illationis
473 490 613 531 forma
651 490 839 530 teneat-2
899 486 952 528 Ι).
993 496 1084 527 νηι
1117 482 1160 526 lc.
1195 479 1287 525 Oct.
1323 481 1462 534 Aqua-

142 551 226 592 leia
253 546 447 590 Arcadio
476 546 528 587 Α.
557 546 603 586 et
628 540 839 585 Bautone
874 553 1015 583 conss.
1401 588 1408 596 Ι

196 601 225 649 8
258 600 450 657 ³Imppp.
491 596 828 641 Valentinianus
858 592 1130 638 Theodosius
1163 595 1207 634 et
1236 587 1464 633 Arcadius

141 659 266 700 ΑΑΑ.
298 654 489 710 Cyneqio
510 665 592 709 pp.
649 650 787 694 Nemo
819 660 1121 703 possessorum
1150 646 1461 705 adwinstruen-

141 714 217 755 das
256 709 501 752 mansiones
530 706 597 748 vel
626 703 912 748 conferendas
944 701 1140 759 species⁴
1178 701 1351 756 longius
1387 699 1460 763 de-

140 769 322 820 legetur,
362 762 439 805 sed
478 760 618 804 omnis
632 763 662 787 ⁴·
699 760 865 803 itineris
905 771 958 802 ac
996 757 1275 801 necessitatis
1292 755 1463 820 ‚habmz

140 822 306 865 ratione
344 817 632 873 delegentur⁸.
697 814 751 859 J).
783 827 819 858 x
850 814 893 859 lc.
925 812 1022 857 Ian.
1068 810 1460 870 Constantinopoli

139 875 328 920 Arcadio
360 876 408 916 Α.
439 878 485 916 et
511 870 721 915 Bautone
750 883 890 913 conss.
1269 872 1326 920 [a.
1359 868 1460 931 3·8{]

193 929 222 976 9
252 928 394 972 ‘'ldem
423 929 553 970 ΑΑΑ.
589 926 783 983 Cyneqio
820 939 897 982 pp.
963 924 1314 968 Mediterraneae
1351 934 1460 985 civi·

139 991 248 1029 tates
300 988 429 1026 antea
481 981 707 1025 maritimis
751 986 794 1025 et
843 980 1086 1024 maritimae
1129 978 1461 1022 mediterraneis

139 1040 432 1085 onerabantur
455 1037 670 1092 expensis,
694 1040 744 1079 ut
796 1036 865 1080 lus
886 1036 1069 1079 haberet
1083 1034 1298 1090 dispendii
1312 1039 1460 1076 trans·

139 1098 241 1139 latio
284 1106 411 1148 quam
453 1091 694 1135 devotionis
737 1091 768 1135 il
786 1092 889 1134 atio.
961 1092 1046 1134 hoc
1089 1103 1177 1134 non
1211 1090 1370 1154 ‚solum
1411 1087 1459 1131 in

169 1164 365 1200 raesens,
402 1161 550 1191 verum
589 1147 718 1190 etiam
756 1147 802 1189 in
839 1150 1065 1202 posterum
1094 1146 1375 1200 prohibemus
1406 1155 1462 1187 ea

154 1219 241 1260 ege,
273 1211 321 1247 ut
349 1216 396 1247 se
423 1202 574 1245 ultimo
605 1202 808 1246 noverint
846 1201 1060 1257 supplicio
1085 1199 1344 1257 puniendos,
1385 1198 1462 1254 qui

137 1263 221 1304 ista
251 1258 555 1304 commiserint.
615 1256 669 1301 D.
701 1268 769 1300 111
803 1270 905 1300 non.
938 1255 1059 1314 Sept.
1102 1255 1334 1299 Valentiae
1364 1255 1461 1298 Ho-

136 1317 264 1359 norio
294 1330 321 1356 n
358 1349 366 1357 .
396 1319 440 1358 et
466 1311 646 1356 Euodio
676 1325 818 1356 conss.
1272 1314 1328 1363 [a.
1361 1313 1459 1362 386]

193 1369 256 1417 10
289 1329 451 1426 'intpp
491 1367 713 1412 Arcadius
750 1373 794 1411 et
829 1366 1065 1411 Honorius
1103 1367 1195 1410 ΑΛ.
1235 1365 1458 1430 Minervio

136 1425 286 1469 comiti
307 1438 454 1468 rerum
468 1423 766 1481 privatarum.
813 1423 1038 1467 Obsistere
1062 1421 1299 1466 commodis
1314 1421 1459 1486 pubh-

135 1482 195 1524 cis
234 1486 277 1523 et
312 1479 489 1524 statutis
528 1478 863 1522 necessitatibus
900 1491 991 1522 non
1019 1482 1207 1534 possunt
1233 1477 1462 1533 privilegia

135 1536 402 1591 dignitatum.
475 1535 591 1578 unde
633 1538 684 1578 ut
725 1534 908 1589 quisque
951 1533 1119 1589 praedii
1166 1533 1462 1577 emolumenta

136 1590 429 1647 consequitur,
460 1590 499 1634 si
526 1603 615 1634 non
643 1589 710 1633 is⁸
737 1590 912 1633 evoluto
942 1589 1047 1633 anni
1071 1589 1214 1687 spatio
1239 1589 1357 1633 intra
1383 1602 1462 1633 sex

135 1659 303 1690 menses
343 1659 512 1690 omnem
551 1645 624 1689 cui
655 1658 752 1689 esse
783 1646 1051 1689 constrictus
1109 1645 1242 1688 icitur
1270 1646 1460 1701 reliquo-

134 1716 230 1745 rum
272 1702 470 1745 intulerit
509 1701 753 1755 cumulum,
798 1700 855 1744 ad
888 1701 1011 1756 ipsos
1051 1700 1124 1756 qui
1163 1704 1268 1744 sunt
1297 1701 1463 1745 domini

133 1758 299 1812 praedii
328 1758 599 1801 exactionem
626 1758 824 1800 volumus
853 1756 1088 1812 pertinere.
1147 1756 1264 1800 ΡΡ.9
1291 1756 1464 1801 Romae

136 1812 340 1856 Honorio
371 1814 543 1857 A..1111
568 1817 613 1856 et
642 1811 928 1876 Eutychiana
959 1826 1102 1855 conss.
1275 1817 1332 1865 [a.
1365 1815 1462 1864 398]

192 1867 249 1913 11
291 1867 451 1911 ²⁰Idem
479 1869 571 1911 ΛΑ.
600 1867 837 1912 Hadriano
864 1882 943 1925 pp.
987 1867 1176 1922 Iudices,
1207 1881 1318 1924 quos
1345 1868 1465 1912 circa

134 1923 406 1979 profliganda
443 1923 601 1967 aerarii
639 1923 779 1966 nostri
818 1923 1075 1979 compendia
1103 1924 1381 1979 neglegentes
1410 1937 1464 1967 ac

135 1979 304 2022 desides
335 1979 472 2023 fuisse
501 1979 759 2030 constiterit,
792 1979 937 2022 omnia
967 1992 1079 2034 quae
1107 1979 1154 2023 in
1182 1980 1463 2025 administra-

134 2034 253 2078 tione
290 2034 422 2091 positi
432 2039 754 2134 lperceperunt
791 2034 1083 2079 emolumenta
1120 2035 1306 2080 reddere
1346 2049 1465 2080 com-

133 2092 366 2146 pellantur.
478 2126 486 2134 .
527 2102 596 2134 ΠΙ
627 2090 670 2135 lc.
700 2089 835 2135 Mart.
867 2090 1115 2135 Mediolani
1154 2091 1385 2136 Vincentio
1424 2096 1468 2136 et

134 2146 319 2190 Fravito
350 2159 491 2190 conss.
1276 2152 1332 2200 [a.
1366 2151 1463 2200 401]

191 2198 254 2247 12
303 2200 451 2258 ¹¹Imp.
501 2200 774 2245 Theodosius
815 2203 866 2244 A.
919 2200 1099 2246 Isidoro
1143 2217 1226 2260 pp.
1274 2202 1462 2260 Illyrici.

131 2256 182 2299 Id
217 2258 275 2300 ab
315 2269 577 2311 unaquaque
613 2256 841 2311 provincia
877 2257 1124 2301 censuimus
1155 2258 1463 2314 expetendum,

132 2311 248 2365 quod
276 2312 332 2354 ab
362 2312 501 2355 isdem
528 2324 668 2366 nuper
698 2323 793 2354 esse
820 2312 1084 2366 promissum
1111 2318 1188 2356 tua
1213 2314 1462 2358 sublimitas

135 2371 152 2408 1
212 2366 434 2410 indicavit.
502 2366 564 2410 Ut
602 2366 749 2410 nullus
786 2378 889 2409 vero
929 2367 984 2411 de
1022 2371 1169 2412 cetero
1200 2368 1258 2412 ad
1285 2382 1462 2424 posses·

129 2422 273 2466 siones
327 2434 475 2465 eorum
524 2422 656 2476 (quod
706 2422 893 2465 maxime
936 2421 1193 2477 formidant)
1237 2424 1464 2480 inspector

129 2477 323 2530 accedat,
354 2476 647 2521 Macedonum
675 2477 830 2532 reliqui
855 2479 1101 2534 exemplum
1127 2480 1269 2523 secuti
1293 2480 1463 2524 mediae

130 2533 399 2587 quantitatis,
430 2539 480 2575 ut
505 2533 718 2577 obtulisse
742 2538 1000 2587 noscuntur,
1030 2535 1198 2579 tributa
1224 2536 1461 2592 sucipiant.

130 2593 152 2631 2
212 2588 297 2632 Sed
326 2588 480 2632 Achivi
497 2591 543 2642 ¹²,
574 2589 648 2644 qui
676 2589 911 2644 protestati
940 2592 1046 2634 sunt
1072 2591 1183 2634 nihil
1213 2604 1241 2636 a
1271 2605 1319 2635 se
1345 2592 1463 2635 ultra

128 2645 300 2687 tertiam
339 2650 509 2699 partem
548 2657 679 2699 posse
719 2644 931 2698 conferri,
971 2645 1081 2690 illud
1118 2647 1366 2701 exsolvant,
1407 2648 1464 2691 ad

129 2703 153 2741 3
194 2699 310 2755 quod
331 2712 377 2743 se
399 2699 700 2743 indubitanter
720 2700 817 2743 fore
831 2700 1011 2745 idoneos
1028 2702 1308 2758 pollicentur.
1341 2703 1463 2759 Quae

130 2755 357 2810 dispositio
388 2756 432 2798 in
462 2760 721 2811 perpetuum
751 2756 1081 2800 observabitur:
1101 2759 1134 2784 ¹³
1172 2764 1464 2803 sacrosancta

130 2810 533 2855 Thessalonicensis
577 2811 763 2855 ecclesia
807 2812 995 2856 civitatis
1034 2819 1243 2869 excepta,
1287 2815 1352 2858 ita
1393 2820 1462 2858 ta·

131 2879 251 2919 men,
292 2869 342 2910 ut
380 2869 533 2921 aperte
572 2867 684 2910 sciat
721 2867 928 2923 propriae
958 2869 1262 2914 tantummodo
1292 2882 1344 2914 ca
1376 2869 1461 2913 ita-

129 2921 259 2966 tionis
302 2922 478 2966 modum
521 2922 736 2967 beneficio
777 2923 859 2966 mei
898 2923 1088 2968 numinis
1132 2926 1342 2970 sublevan
1375 2940 1461 2979 um,

130 3093 179 3142 (1)
208 3091 313 3131 vires
342 3104 426 3131 non
455 3104 568 3143 posse
598 3093 731 3134 K⁰o⁰
765 3093 837 3133 Tla.
876 3096 937 3145 11,
971 3103 996 3143 1,
1030 3103 1088 3146 20,
1119 3096 1209 3135 iure
1241 3095 1347 3136 vires
1377 3107 1459 3135 non

127 3160 166 3197 p.
201 3145 270 3196 0⁶,
301 3147 406 3187 vires
435 3149 524 3188 iure
555 3161 594 3187 n.
624 3161 664 3201 p.
695 3146 774 3198 Kb,
803 3148 893 3189 iure
923 3162 963 3189 n.
993 3162 1032 3202 p.
1065 3150 1172 3191 vires
1205 3151 1276 3192 Th.
1314 3153 1347 3203 1,
1375 3160 1410 3202 2,
1437 3160 1458 3193 9

129 3203 182 3253 (2)
208 3206 395 3243 teneatur
423 3204 495 3244 ΤΙι.
582 3204 636 3254 (3)
663 3225 717 3239 =
739 3205 809 3245 Th.
832 3207 941 3256 11,1‚
959 3216 995 3248 21
1082 3207 1137 3257 (4)
1161 3209 1328 3259 excepta
1349 3206 1459 3247 limi·

128 3262 339 3297 taneorum
363 3271 526 3298 annona
552 3262 624 3300 im.
647 3260 716 3300 Th.
804 3261 874 3312 (4³)
898 3263 956 3302 sic
979 3263 1071 3303 dett.
1091 3263 1181 3313 Th„
1211 3275 1350 3304 omnes
1373 3262 1459 3304 ΚΟ

130 3314 185 3362 (5)
215 3312 451 3364 delegentur
491 3331 560 3354 om.
598 3316 668 3356 Th.
709 3325 810 3357 recte
930 3319 988 3367 (6)
1028 3339 1084 3355 ==
1127 3318 1199 3359 Th.
1245 3321 1306 3369 ll,
1345 3328 1374 3370 1,
1415 3327 1459 3361 22

131 3369 185 3418 (7)
213 3386 268 3403 ==
302 3370 371 3409 ΤΙι.
402 3372 464 3417 11,
492 3380 520 3420 1,
545 3380 587 3412 25
673 3372 730 3423 (8)
760 3371 796 3411 is
826 3388 898 3413 om.
929 3374 999 3415 Th.
1087 3375 1144 3425 (9)
1173 3374 1219 3414 in
1247 3386 1459 3427 program-

130 3426 236 3463 mate
251 3423 353 3463 Vari
375 3424 453 3464 viri
477 3424 689 3467 clarissimi
714 3427 858 3468 vicarii
882 3428 996 3469 urbis
1020 3431 1094 3470 ins.
1117 3431 1189 3471 ΤΙι.
1249 3431 1326 3483 (10)
1342 3431 1460 3485 {unqe

1451 164 1554 220 402

1269 537 1331 589 [a.
1364 536 1461 585 385]
1491 542 1494 546 ·

2148 177 2223 214 ΒΕ
2259 176 2488 214 ΔΝΝΟΝΑ
2525 178 2595 216 1:¹1·
2626 179 2874 217 TRIBUTIS

1546 325 1626 355 nec
1657 316 1937 357 externorum
1964 314 2212 379 gravamine
2242 311 2510 354 tributorum
2533 324 2626 356 rem
2683 314 2874 358 ublicam

1546 367 1834 411 ecclesiastici
1862 369 2049 413 nominis
2079 368 2293 412 abusione
2321 365 2596 410 laedendam.
2694 403 2702 411 .
2742 380 2791 413 Vl
2816 368 2877 412 id.

1550 422 1640 466 Oct.
1675 420 2065 481 Constantinopoli
2105 424 2284 468 Victore
2314 435 2375 466 vc.
2407 434 2528 468 cons..
2691 427 2746 476 [a.
2780 426 2877 476 4241

1604 476 1626 522 1
1637 475 1666 523 3
1689 474 2028 538 ιἈὐτοκράτωρ
2039 477 2326 522 Ἀναστάσιος
2336 481 2396 519 Aa
2412 472 2636 532 Ἀνθεμίῳ
2651 479 2684 506 ¹⁸
2699 476 2878 537 ἐπάρχῳ

1544 533 1641 574 τῶν
1670 548 1705 575 π
1734 548 1850 574 αιτω
1879 537 1975 576 ίων.

1662 548 1805 629 ι(”.εΞ(Σί3“ιι)
1832 549 1917 643 ἔέν
1945 589 2103 647 αἰτήσῃ
2127 592 2317 648 ἐπαρχία
2342 586 2369 642 ἢ
2388 585 2514 631 πόλις
2536 602 2697 658 sangnis
2737 586 2783 631 ’ν
2807 587 2879 631 λα·

1655 647 1754 697 βεῖν
1783 645 1956 697 τυχικῆς
1969 646 1999 670 ¹⁷
2029 643 2278 688 συντελείας
2314 641 2341 697 ἢ
2377 641 2581 696 ἑπόπτην
2610 661 2636 698 η
2665 645 2688 684 6
2714 643 2882 698 ισωτὴν

1658 699 1942 754 πεμφθῆναι,
1971 696 2057 741 ἀνα
2094 701 2272 754 ερέσθω
2305 702 2384 742 ιιὲν
2414 695 2439 752 ἡ
2469 696 2612 752 δέησις
2643 693 2796 740 αὐτῶν
2824 700 2889 742 εἰς

1655 752 1862 808 βασιλέα,
1916 757 1988 795 καὶ
2039 757 2062 796 6
2140 754 2343 814 έπιλογῆς
2389 753 2524 797 αὐτοῦ
2569 751 2595 796 ὁ
2640 751 2883 806 ἐπιτήδειος

1657 806 1765 866 πρὸς
1803 809 1936 851 τοῦτο
1983 811 2237 865 πεμπέσθω
2283 808 2417 870 ὅρκον
2461 809 2682 869 πρότερον
2724 806 2883 853 διδούς.

1656 868 1729 906 καὶ
1767 861 1847 906 ἐάν
1883 880 1928 906 τι
1965 866 2139 924 μηνύσῃ
2178 859 2304 909 οὗτος
2340 870 2431 909 τοῖς
2469 864 2696 932 ἐπάρχοις,
2734 862 2885 920 μηδεὶς

1655 916 1791 963 τύπος
1837 916 2044 962 διδόσθω
2088 923 2164 965 ἐπὶ
2203 921 2289 964 ‘fv
2329 922 2520 977 μήνυσιν
2562 921 2711 973 αυτοῦ,
2751 921 2791 962 εἰ
2824 919 2884 977 μὴ

1657 972 1783 1018 αὐτοὶ
1828 974 1874 1016 οἱ
1915 976 2100 1034 ἔπαρχοι
2141 974 2230 1020 ἀνα
2260 975 2447 1028 ιδάξωσι
2490 977 2681 1032 βασιλέα
2733 974 2885 1021 πάντα

1658 1031 1711 1074 τὰ
1735 1027 1844 1088 παρ’
1866 1026 2001 1073 αὐτοῦ
2025 1028 2391 1086 ἇναδιδαχθέντα
2416 1037 2489 1076 καὶ
2516 1034 2788 1088 ζητηθέντα,
2810 1035 2885 1075 καὶ

1657 1083 1798 1129 οὕτως
1822 1086 1945 1128 θἐῖος
1967 1087 2254 1154 ἐκφωνηθείη
2278 1086 2414 1133 τύπος
2434 1086 2630 1146 ὀφείλων
2655 1090 2764 1133 πᾶσι
2785 1086 2886 1146 τρό-

1658 1157 1755 1187 ποις
1785 1140 2233 1200 παραφυλαττεσθαι.
2290 1140 2314 1186 ὁ
2354 1143 2405 1187 δὲ
2441 1146 2599 1188 καθεὶς
2635 1143 2736 1187 ἄνθ
2765 1157 2886 1187 amm·

1658 1195 1825 1251 δεήσεις
1875 1201 1977 1256 περὶ
2021 1194 2243 1242 τοιούτων
2285 1202 2476 1244 ἐννοιῶν
2515 1200 2577 1257 μὴ
2620 1197 2742 1244 ἑπιδι
2771 1195 2886 1242 ότω·

1655 1251 1765 1310 μήτε
1795 1251 1845 1295 δὲ
1873 1251 2115 1310 κουφισμὸς
2154 1250 2180 1307 ἢ
2217 1259 2400 1323 μείωσις
2436 1254 2650 1311 διηνεκῶς
2685 1253 2711 1309 ἢ
2751 1267 2886 1314 προσ·

1657 1314 1822 1366 καίρως
1842 1308 1955 1364 μήτε
1979 1311 2149 1365 ἐποψία
2170 1326 2282 1365 ,ann
2303 1311 2508 1362 ἐξίσωσις
2528 1311 2730 1370 γινέσθω
2753 1313 2888 1369 χωρὶς

1581 1370 1595 1407 1
1657 1363 1887 1421 βασιλικῆς
1911 1363 2130 1434 ἐγγράφου
2152 1363 2400 1410 κελεύσεως.
2426 1364 2555 1410 Ἀλλὰ
2575 1366 2687 1423 μήτε
2704 1364 2888 1426 ἐπιταγὰς
2946 1422 2949 1423 ⁷

1658 1426 1933 1464 ποιείτωσαν
1968 1437 2010 1463 οι
2047 1422 2234 1480 ἔπαρχοι
2275 1418 2387 1479 ὑπὲρ
2420 1422 2600 1491 χρόνων
2629 1421 2887 1478 προλαμβα·

1657 1473 1836 1519 νόντων
1865 1476 1950 1530 τὴν
1979 1474 2120 1530 αὐτὴν
2134 1480 2168 1503 ¹⁸
2195 1474 2346 1535 ἀρχήν,
2373 1495 2484 1534 μητε
2514 1476 2742 1538 σιτηρέσιὰ
2768 1491 2888 1520 τισιν

1657 1527 1998 1591 ἀφοριζέτωσαν
2054 1530 2082 1586 ἢ
2112 1531 2282 1600 ,ἄλλως
2306 1549 2432 1599 Ἀπως
2489 1534 2693 1603 χρήματα
2750 1531 2778 1588 ἢ
2809 1530 2889 1633 ἐιῇ

1658 1587 1941 1648 παρεχόμενα
1978 1587 2063 1643 τὴν
2100 1604 2260 1648 αρχην,
2298 1606 2325 1643 η
2365 1606 2648 1646 παρεχομενα
2674 1593 2772 1646 μέν,
2838 1604 2888 1632 ια
2927 1644 2929 1647 v

1667 1644 1716 1691 δὲ
1751 1647 1834 1702 τὴν
1866 1646 2066 1705 ἔλλειψιν
2092 1651 2190 1691 τῶν
2224 1650 2371 1691 ταῦτα
2408 1650 2714 1704 κομιζομένων
2742 1645 2890 1703 σωμά-

1666 1720 1763 1748 των
1797 1700 2057 1762 ἆργήσαντα
2087 1701 2114 1756 ἢ
2147 1702 2221 1747 διὰ
2255 1703 2309 1747 τὸ
2349 1705 2588 1759 παυθῆναι
2624 1702 2709 1757 τὴν
2740 1704 2892 1746 αἰτίαν

1668 1756 1879 1812 σχολάσαι
1895 1761 1941 1810 ¹⁹,
1987 1758 2049 1802 δι’
2089 1758 2146 1814 ἢν
2173 1777 2238 1804 πα
2269 1765 2440 1813 είχοντο
2469 1760 2552 1813 τὴν
2589 1756 2618 1802 ἆ
2647 1756 2747 1814 χήν·
2782 1755 2893 1801 ἀλλὰ

1658 1813 1803 1855 ταῦτα
1841 1811 1995 1856 πάντα
2032 1815 2080 1855 ἐκ
2118 1817 2228 1868 βασι
2258 1818 2350 1866 ικῆς
2386 1813 2523 1869 μόνης
2551 1814 2607 1858 αὖ
2649 1818 2798 1858 εντίας
2823 1830 2888 1874 γι·

1660 1868 1818 1911 νέσθω
1871 1866 1987 1911 κατὰ
2037 1867 2119 1911 τὸν
2172 1869 2303 1911 θεῖον
2346 1871 2572 1929 ἔγγραφον
2614 1869 2774 1914 τύπον.
2845 1869 2892 1913 οἶ

1590 1936 1595 1941 ’
1661 1921 1710 1966 δὲ
1746 1923 1807 1980 μὴ
1841 1925 1975 1968 τοῦτο
2010 1921 2434 1983 παραφυλάττοντες
2462 1929 2535 1968 καὶ
2565 1925 2618 1969 τὸ
2649 1923 2889 1981 διδόμενον

1662 1980 1846 2023 οἴκοθεν
1875 1977 2223 2023 ἀποδιδότωσαν
2252 1986 2326 2023 καὶ
2357 1984 2510 2025 πᾶσαν
2542 1979 2681 2050 ἄλλην
2711 1984 2888 2037 ζημίαν,

1579 2039 1602 2079 2
1660 2031 1716 2088 ἣν
1743 2032 1802 2078 ἂν
1829 2031 2001 2095 ύποστῇ
2031 2035 2084 2079 τὸ
2114 2033 2342 2092 δημόσιον.
2390 2035 2518 2092 Μὴτε
2547 2036 2597 2081 δὲ
2623 2037 2890 2094 υπερθέσεις

1660 2089 1688 2146 ἢ
1742 2092 2023 2151 προθεσμίας
2076 2094 2150 2135 ἐπὶ
2199 2089 2373 2135 τούτοις
2414 2090 2714 2151 όφειλομένοις
2757 2090 2887 2149 δημο·

1661 2151 1772 2190 σίοις
1823 2144 2041 2190 ὲνδιδότω
2092 2162 2158 2190 τις
2208 2146 2235 2199 ἢ
2286 2148 2365 2191 τὰς
2415 2153 2735 2203 νενομισμένας
2781 2163 2886 2206 προ·

1665 2204 1853 2259 θἐσμιάς
1867 2204 1913 2231 ¹⁹⁸
1953 2208 2087 2263 χωρὶς
2126 2201 2345 2262 ἐγγράφου
2384 2206 2515 2247 &etas
2555 2203 2802 2249 κελεύσεως.
2860 2203 2886 2249 ὖ

1662 2258 1711 2302 δὲ
1746 2261 1881 2302 τοῦτο
1904 2258 2019 2301 κατὰ
2048 2256 2299 2301 αύθεντίαν
2328 2261 2497 2302 οἰκείαν
2525 2262 2672 2304 ποιῶν
2700 2261 2886 2306 οἴκοθεν

1659 2310 1980 2368 καταβαλλέτω
2032 2312 2090 2356 τὰ
2142 2318 2506 2369 κεχρεωστημένα
2560 2317 2628 2368 τῷ
2675 2313 2890 2369 δημοσίῳ.

1578 2373 1598 2411 3
1660 2364 1788 2422 Μήτε
1817 2366 1867 2410 δὲ
1893 2363 1952 2412 τᾶ
1980 2366 2186 2411 πολιτικὰ
2215 2365 2439 2427 χρήματα,
2479 2365 2566 2412 ὅσα
2606 2366 2632 2424 ἢ
2660 2370 2728 2424 τῷ
2758 2367 2889 2426 δημο·

1660 2428 1742 2477 σίῳ
1781 2425 2034 2482 εἰσφέρεται
2074 2421 2101 2478 ἢ
2144 2427 2236 2468 τοῖς
2278 2423 2465 2468 πόλεσιν
2507 2423 2788 2494 ἀφώρισται,
2831 2426 2893 2470 εἰς

1660 2480 1811 2538 ἑτέρας
1846 2481 2176 2538 μεταφερέσθω
2218 2485 2364 2539 χρείας
2406 2477 2433 2534 ἢ
2470 2494 2731 2541 προσωποις
2768 2482 2890 2524 τισὶν

1576 2540 1601 2579 4
1658 2532 1953 2593 ἀφοριζέσθω
1981 2539 2115 2594 χωρὶς
2144 2536 2275 2579 θείας
2300 2535 2548 2580 κελεύσεως.
2592 2541 2683 2580 Καὶ
2711 2533 2740 2592 ἡ
2766 2533 2890 2588 τάξις

1660 2589 1711 2634 δὲ
1747 2592 1845 2634 τῶν
1883 2588 2109 2650 ἐπάρχων,
2153 2593 2192 2634 εἰ
2229 2590 2291 2647 μὴ
2326 2589 2477 2637 πάντα
2512 2591 2570 2636 τὰ
2598 2609 2724 2650 περιε
2751 2589 2776 2636 ό
2809 2608 2891 2635 ενα

1659 2649 1717 2707 τῇ
1760 2644 1961 2699 διατάξει
2004 2649 2149 2691 ταῦτα
2162 2649 2200 2674 ²⁰
2242 2645 2550 2707 παραφυλάξει
2592 2652 2668 2692 καὶ
2720 2609 2891 2700 διδάξει

1658 2701 1760 2746 τούς
1790 2700 2014 2762 ἐπάρχους,
2045 2707 2119 2745 καὶ
2148 2702 2194 2747 οἱ
2211 2699 2239 2746 ἅ
2267 2719 2419 2758 χοντες
2442 2707 2540 2748 τῶν
2560 2705 2791 2763 ἱπαρχιῶν
2815 2706 2891 2747 καὶ

1661 2758 1710 2801 αἱ
1735 2758 2010 2815 πειθόμεναι
2039 2756 2183 2810 τάξεις
2213 2765 2360 2804 αυτοῖς
2387 2764 2461 2804 καὶ
2490 2759 2535 2803 οἱ
2569 2759 2716 2804 λοιποὶ
2756 2758 2890 2816 δημο-

1659 2811 1902 2866 σιεύοντες,
1951 2816 2036 2857 εἰ21
2070 2819 2168 2858 ταῖς
2195 2816 2423 2860 τοιαύταις
2450 2813 2702 2860 κελεύσεσιν
2728 2812 2889 2875 ὖπουρ·

1658 2867 1855 2928 γήσαιεν,
1900 2870 2084 2914 οἴκοθεν
2128 2867 2384 2914 διδότωσαν
2426 2871 2510 2938 τῂν
2541 2877 2891 2939 ,συμβαίνουσαν

1660 2927 1730 2981 τῷ
1769 2923 1967 2982 δημοσίῳ
1995 2924 2173 2982 βλάβην
2201 2930 2275 2969 καὶ
2306 2925 2365 2970 ὠς
2392 2943 2472 2971 του
2500 2944 2640 2985 νυμον
2667 2942 2889 2987 καταφρο-

1548 3090 1774 3142 ΤΙι.1,ιο,6
1831 3090 2230 3142 (11)=T}1.11,1,33
2291 3094 2361 3142 (12)
2379 3092 2517 3132 achivi
2533 3087 2880 3143 liberGontiilel,

1546 3145 1591 3185 hi
1626 3146 1674 3196 Ο,
1705 3145 1767 3185 hii
1792 3146 1839 3186 Κ
1893 3146 1966 3196 (13)
1997 3147 2043 3186 in
2071 3159 2184 3199 perp.
2212 3147 2464 3188 observanda
2492 3147 2616 3188 initio
2641 3147 2883 3190 indictionis

1545 3204 1711 3241 octavae
1728 3213 2132 3252 congruumsumere
2149 3202 2312 3244 debebit
2333 3203 2546 3244 exordium
2567 3204 2638 3247 Th.
2697 3206 2770 3256 (14)
2795 3206 2883 3246 iun-

1544 3259 1678 3310 yenda
1693 3259 1850 3298 videtur
1872 3261 1931 3309 10,
1954 3267 2004 3307 19,
2022 3267 2042 3299 9
2103 3260 2176 3310 (15)
2200 3255 2422 3315 Εὖφημίῳ
2437 3275 2512 3301 scr.
2572 3262 2651 3311 (16)
2679 3278 2735 3294 ==
2752 3261 2881 3311 Β56,

1546 3322 1580 3363 s,
1600 3322 1639 3355 13
1713 3315 1785 3366 (ιτ)
1814 3313 1997 3368 ψυχικῆς
2027 3316 2089 3361 (id
2115 3320 2175 3355 esc
2199 3317 2341 3367 capiti)
2365 3317 2551 3357 Cuiacius
2623 3317 2699 3366 (18)
2728 3310 2882 3357 αὐτῶν

1544 3371 1776 3410 Herrmann
1837 3373 1910 3419 (19)
1942 3365 2225 3421 σχολάσαντα
2242 3371 2474 3412 Zachariae
2540 3373 2630 3423 (19⁸)
2656 3367 2880 3426 μεταβαλ·

1545 3422 1657 3466 λε’τω
1677 3427 1749 3466 ins.
1834 3427 1914 3477 (20)
1942 3421 2084 3481 ταύτῃ
2107 3427 2324 3468 [Mommsen
2405 3427 2477 3478 (21)
2506 3425 2568 3480 μή
2592 3429 2668 3468 ins.
2693 3428 2881 3470 Guiacius

182 3614 288 3679 XYI
320 3614 384 3680 l3
429 3615 541 3680 Imp.
573 3619 849 3681 ‘Anastasius
886 3626 936 3665 Α.
978 3623 1214 3667 Anthemio
1255 3638 1287 3682 p
1325 3658 1334 3667 .
1408 3622 1461 3667 Si

124 3684 363 3728 provincia
400 3671 468 3716 vel
497 3678 652 3717 civitas
680 3674 992 3722 relevationem
1022 3679 1232 3723 animalis
1257 3639 1459 3736 “gizecio-

131 3727 199 3769 nis
215 3727 406 3790 petierit
426 3727 493 3771 vel
516 3728 810 3785 inspectorem
835 3738 914 3775 aut
927 3741 1308 3791 peraequatorem
1329 3735 1460 3789 mitti,

128 3782 286 3838 petitio
325 3782 385 3826 ad
415 3784 670 3841 principem
707 3787 937 3842 referatur
971 3796 1106 3853 atque
1134 3804 1196 3835 ex
1227 3791 1321 3834 eius
1348 3791 1460 3836 elec-

1545 3622 1616 3667 vel
1643 3635 1720 3676 eo,
1758 3622 1884 3680 quod
1911 3635 2050 3667 causa
2080 3621 2271 3666 cessavit
2298 3620 2352 3665 ob
2383 3634 2519 3678 quam
2549 3619 2654 3665 olim
2672 3615 2887 3686 praestan·

1543 3678 1735 3723 bantur:
1762 3692 1913 3723 verum
1941 3677 2053 3723 haec
2081 3676 2233 3722 omnia
2263 3690 2326 3721 ex
2353 3675 2454 3720 sola
2480 3675 2705 3735 principis
2732 3679 2887 3720 aucto·

1542 3734 1681 3778 ritate
1707 3733 1951 3779 secundum
1980 3746 2157 3777 sacram
2193 3732 2394 3789 formam
2433 3731 2480 3775 in
2519 3731 2704 3790 scriptis
2734 3730 2888 3776 datam

1540 3791 1671 3846 fiant.
1739 3790 1818 3847 qui
1854 3788 1941 3834 hoc
1977 3802 2070 3833 non
2107 3787 2453 3840 observaverint,
2493 3793 2538 3832 et
2574 3786 2700 3844 quod
2733 3785 2889 3831 datum

133 3838 250 3881 tione
273 3837 459 3882 idoneus
482 3839 541 3882 ad
563 3853 658 3883 eam
680 3854 773 3884 rem
793 3843 996 3887 mittatur
1015 3846 1307 3890 iureiurando
1328 3847 1461 3905 prius
1543 3846 1633 3890 erit
1674 3859 1735 3890 ea:
1765 3845 1974 3903 propriis
2015 3844 2258 3888 restituant
2291 3849 2334 3887 et
2371 3843 2528 3887 ‘omnia
2571 3842 2664 3886 alia
2706 3841 2886 3894 damna,

126 3893 358 3955 praestito.
404 3894 482 3951 qui
503 3895 542 3938 si
596 3895 676 3938 uid
695 3897 915 3942 rettulerit
940 3900 1002 3943 ad
1019 3902 1303 3965 praefectos,
1332 3902 1461 3947 nulla

129 3950 283 4002 forma
313 3948 373 3991 ad
401 3950 495 3993 eius
523 3964 572 3994 re
590 3951 785 3995 ationem
813 3953 956 4006 detur,
994 3957 1083 3999 nisi
1116 3957 1205 4020 ipsi
1227 3958 1461 4016 praefecti

132 4004 279 4065 omnia
308 4018 424 4060 quae
453 4004 507 4047 ab
539 4019 589 4049 eo
621 4007 874 4052 didicerunt
903 4016 947 4054 et
976 4019 1303 4068 quaesiverunt,
1325 4015 1460 4072 prin-

132 4071 271 4114 cipem
326 4060 586 4104 edocuerint
635 4068 769 4118 atque
821 4065 886 4107 ita
937 4079 1070 4111 sacra
1114 4070 1272 4125 forma
1316 4069 1461 4114 modis

134 4113 347 4177 omnibus·
378 4115 654 4178 observanda
689 4119 975 4175 proseratur.
1050 4124 1218 4190 sinquli
1260 4124 1461 4170 homines

132 4181 265 4263 super
306 4170 520 4231 eiusmodi
563 4171 695 4216 rebus
729 4187 890 4230 preces
929 4189 1019 4219 non
1059 4184 1280 4241 offerant:
1318 4194 1460 4237 neque

134 4236 181 4263 re
200 4230 342 4285 evatio
392 4224 460 4268 vel
508 4226 748 4270 deminutio
790 4237 1010 4286 perpetua
1064 4247 1154 4278 sive
1200 4237 1461 4292 temporalis

134 4290 273 4339 neque
299 4281 515 4340 prispectio
546 4296 688 4337 neque
707 4286 1002 4342 peraequatio
1024 4289 1119 4332 sinc
1140 4291 1312 4347 scripta
1328 4292 1459 4348 prin-

142 4335 151 4372 1
217 4345 330 4395 cipis
358 4335 554 4396 iussione
570 4338 665 4391 fiat.
713 4338 804 4382 Sed
826 4354 966 4396 neque
995 4342 1300 4400 deleqationes
1323 4361 1459 4403 prae-

133 4386 240 4439 fecti
276 4388 457 4443 faciant
485 4405 577 4447 pro
617 4394 888 4450 temporibus
921 4410 1036 4451 quae
1065 4412 1191 4441 suum
1220 4403 1458 4458 maqislra-

139 4446 224 4502 turn
270 4449 619 4498 antecesserant,
663 4462 804 4504 neque
847 4464 1052 4495 annonas
1091 4454 1193 4497 ullis
1232 4457 1461 4513 applicent

138 4496 277 4556 aliove
306 4513 394 4553 quo
425 4502 554 4543 modo
578 4505 810 4557 pecunias,
842 4519 957 4562 quae
983 4512 1063 4550 aut
1087 4508 1140 4551 ab
1171 4510 1298 4554 initio
1321 4526 1459 4570 prae-

137 4555 266 4593 stztae
295 4567 384 4595 non
413 4560 518 4597 sunt
546 4563 625 4599 aut
654 4562 906 4612 praestitae
945 4561 1144 4618 quidem,
1183 4566 1262 4609 sed
1300 4573 1462 4611 vacant

134 4613 324 4659 propter
375 4622 614 4664 corporum
668 4612 887 4669 defectum
942 4616 1101 4672 quibus
1154 4623 1460 4679 competebant

1662 3914 1747 3945 uae
1780 3901 1896 3957 fisco
1935 3899 2040 3944 inde
2077 3899 2294 3944 eveniant.
2353 3900 2419 3943 Ac
2451 3912 2508 3943 ne
2569 3911 2678 3942 roro
2713 3897 2887 3942 atione-s

1543 3957 1625 4016 qui
1656 3970 1723 4000 em
1768 3956 1836 4000 vel
1877 3955 2119 4000 dilationes
2162 3954 2211 3998 in
2253 3953 2324 3998 his
2366 3967 2484 4011 quae
2518 3913 2631 4010 flisco
2701 3952 2888 3997 ebenmr

1543 4013 1784 4071 quisquam
1821 4010 2044 4069 praebeat
2082 4010 2149 4055 vel
2188 4023 2267 4054 eas
2303 4023 2420 4067 quae
2463 4009 2634 4073 leqibus
2675 4006 2887 4064 definitae

1542 4073 1674 4120 sunt,
1719 4066 1807 4110 nisi
1849 4066 2003 4111 divina
2045 4065 2242 4110 iussione
2280 4065 2329 4109 in
2355 4065 2539 4123 scriptis
2575 4060 2885 4126 intercedente.

1544 4124 1624 4182 qui
1654 4129 1802 4167 autem
1830 4137 1915 4166 sua
1946 4122 2220 4167 auctoritate
2247 4120 2298 4164 id
2321 4122 2499 4178 fecerit,
2540 4119 2594 4164 de
2616 4131 2708 4182 ‘suo
2736 4115 2886 4162 debita

1543 4186 1567 4224 3
1624 4179 1739 4236 fisco
1771 4178 1991 4223 exsolvat.
2052 4176 2143 4221 Sed
2169 4189 2251 4220 nec
2285 4177 2504 4233 pecunias
2539 4173 2709 4224 civiles,
2749 4186 2885 4236 quae-

1543 4248 1735 4293 cumque
1770 4233 1839 4279 vel
1874 4234 1989 4289 fisco
2030 4234 2294 4290 inseruntur
2323 4231 2392 4276 vel
2419 4228 2669 4275 civitatibus
2692 4227 2905 4291 attribu-¹

1546 4299 1617 4336 tae
1659 4294 1790 4342 sunt,
1833 4290 1879 4333 in
1923 4289 2040 4333 alios
2079 4301 2188 4332 usus
2227 4287 2482 4344 transferat
2521 4284 2588 4329 vel
2621 4282 2886 4347 quibusdam

1544 4352 1570 4391 4
1625 4345 1839 4405 personis
1869 4345 2089 4389 attribuat
2114 4343 2210 4387 sine
2239 4356 2373 4387 sacra
2405 4339 2610 4385 iussione.
2673 4337 2885 4402 Officium

1544 4408 1690 4446 autem
1725 4402 2095 4461 praefectorum,
2135 4398 2224 4442 nisi
2262 4397 2412 4442 omnia
2445 4402 2563 4454 quae
2600 4393 2687 4438 hac
2720 4399 2886 4438 constt-

1545 4458 1715 4502 tutione
1743 4454 2068 4513 comprehensa
2095 4459 2199 4498 sunt
2229 4451 2527 4515 observaverit
2554 4457 2598 4494 et
2621 4450 2886 4508 praefectos

1543 4513 1833 4565 instruxerit,
1890 4512 1992 4555 item
2038 4509 2278 4569 praesides
2311 4507 2655 4566 provinciarum
2699 4512 2743 4550 et
2783 4503 2887 4568 salu·

1544 4567 1638 4611 dita
1674 4568 1737 4610 eis
1775 4565 1941 4624 officia
1981 4573 2026 4611 et
2063 4571 2238 4611 ceterae
2268 4576 2496 4626 personae
2527 4560 2760 4619 publicae,
2797 4570 2887 4623 nist

1544 4622 1612 4667 liis
1635 4622 1905 4668 iussionibus
1941 4621 2193 4680 paruerint,
2224 4632 2285 4663 ex
2309 4631 2514 4677 proprus
2540 4616 2748 4661 damnum
2769 4619 2884 4670 fisco
