3152 4784
166 121 525 178 resrmnnro

1294 185 1361 196 ιι...-

171 262 506 315 instituendam,
547 266 693 305 tamen
723 271 854 318 posse
884 261 1089 313 nepotem
1120 258 1302 303 eandem
1333 272 1513 304 causam

203 330 441 375 roponere:
481 324 524 361 et
563 319 600 362 si
637 330 727 361 non
765 318 892 359 heres
922 315 1207 370 apertissimis
1237 316 1511 372 probationi-

170 333 256 419 ἕως
287 373 530 418 ostenderit
566 374 786 429 ingratum
822 374 994 426 patrem
1024 371 1196 426 nepotis
1229 372 1346 415 circa
1374 376 1511 416 testa—

171 437 314 475 torem
357 429 515 484 fuisse,
558 429 822 473 testamento
865 428 1034 469 remoto
1075 427 1132 470 ab
1170 427 1380 472 intestato
1412 440 1512 471 eum

166 485 339 538 vocari,
382 485 469 529 nisi
507 489 630 530 certa
668 482 893 540 quantitas
932 481 1050 536 patri
1086 483 1179 527 eius
1215 484 1359 528 minor
1386 487 1512 539 parte

167 541 362 598 legitima
390 541 544 585 relicta
572 545 663 584 est:
693 544 801 583 tunc
831 537 993 581 etenim
1022 539 1265 582 secundum
1293 539 1510 583 novellam

167 597 311 643 nostri
339 597 529 641 numinis
560 593 942 640 constitutionem¹
978 595 1161 649 repletio
1193 599 1379 651 quartae
1406 605 1508 650 par-

167 654 223 698 tis
251 654 404 709 nepoti
433 656 643 708 superest,
679 650 718 694 si
748 662 834 705 qua
862 650 981 706 patri
1011 651 1104 693 eius
1138 652 1435 706 competebat:
1467 651 1510 691 et

166 709 425 766 perfruatur
461 713 614 753 nostro
655 705 867 749 beneficio
908 718 936 748 a
964 708 1181 750 vetustate
1219 706 1393 762 quidem
1432 716 1508 747 ne-

165 765 360 822 glectus,
400 777 427 808 a
454 766 606 808 nostro
636 766 784 805 autem
812 761 959 816 vigore
990 767 1237 815 recreatus,
1268 762 1353 805 nisi
1381 764 1510 817 pater

167 821 313 866 adhuc
353 824 575 877 superstes
614 818 684 862 vel
719 817 967 873 repudiavit
1007 818 1246 872 querellam
1277 818 1345 861 vel
1383 815 1507 872 quin-

197 877 405 921 uennium
440 875 603 927 tacuit,
650 873 821 917 scilicet
859 878 962 928 post
999 874 1163 917 aditam
1203 873 1506 917 hereditatem.

166 891 221 978 3).
263 933 357 976 111²
398 930 442 975 lc.
482 932 595 988 Aaq.
642 929 1035 988 Constantinopoli
1075 934 1186 988 post
1227 927 1508 974 consulatum

166 988 280 1033 Lam
313 986 408 1032 adii
435 991 480 1031 et
511 986 695 1031 Orestae
722 999 787 1030 vv.
819 999 880 1029 ee.
1321 987 1376 1039 [a.
1410 985 1508 1033 531]

223 1041 252 1092 3
319 1041 543 1087 ³Idem⁴A.
575 1040 777 1085 Iohanni
805 1055 890 1107 pp.
959 1041 1006 1085 Si
1047 1041 1223 1097 quando
1263 1041 1362 1084 talis
1403 1051 1508 1082 con-

166 1099 307 1145 cessio
335 1097 573 1154 imperialis
603 1102 895 1153 processerat,
936 1110 1016 1153 per
1047 1110 1177 1152 quam
1205 1098 1344 1142 libera
1372 1098 1506 1137 testa-

164 1154 300 1200 menti
326 1153 462 1198 factio
494 1153 773 1207 conceditur,
810 1154 920 1197 nihil
949 1154 1071 1197 aliud
1100 1154 1238 1198 'videri
1267 1151 1507 1208 principem

164 1210 427 1263 concedere,
471 1211 558 1254 nisi
598 1213 649 1252 ut
687 1210 850 1254 habeat
891 1213 1147 1253 consuetam
1187 1214 1232 1253 et
1273 1206 1508 1263 legitimam

163 1266 415 1312 testamenti
457 1266 708 1310 factionem.
783 1279 926 1320 neque
971 1266 1086 1309 enim
1132 1265 1397 1309 credendum
1441 1264 1509 1304 est

162 1323 411 1367 Romanum
440 1322 683 1378 principem
711 1323 784 1378 qui
806 1323 906 1366 iura
927 1326 1078 1366 tuetur
1101 1319 1352 1364 huiusmodi
1373 1317 1506 1382 verbo

162 1384 303 1424 totam
340 1378 692 1423 observationem
743 1381 1108 1422 testamentorum
1155 1377 1303 1420 multis
1352 1373 1507 1429 vigllus

167 1440 185 1479 1
255 1435 548 1490 excogitatam
586 1440 720 1490 atque
759 1435 984 1478 inventam
1022 1433 1133 1476 velle
1173 1432 1322 1476 everti.
1390 1429 1508 1473 Illud

163 1491 294 1535 etiam
324 1491 568 1541 sancimus,
611 1496 682 1545 ut,
724 1491 762 1535 si
802 1491 900 1546 quis
938 1502 966 1533 a
993 1493 1123 1545 patre
1163 1493 1307 1531 certas
1337 1499 1410 1530 res
1438 1485 1506 1529 vel

161 1547 376 1613 pecunias
417 1547 665 1602 accepisset
705 1551 750 1590 et
789 1549 950 1601 pactus
979 1545 1162 1598 fuisset,
1205 1547 1423 1599 quatenus
1454 1541 1506 1585 de

161 1603 427 1647 inofficiosi⁴
465 1603 659 1659 querella
689 1602 901 1645 adversus
931 1604 1245 1644 testamentum
1273 1604 1506 1654 paternum

162 1659 337 1703 minime
367 1659 423 1702 ab
453 1671 505 1702 eo
535 1662 794 1711 moveretur,
825 1662 870 1701 et
897 1661 1000 1712 post
1030 1656 1198 1700 obitum
1222 1655 1363 1711 patris
1390 1654 1507 1697 filius

162 1714 336 1770 cognito
377 1717 562 1770 paterno
594 1715 856 1757 testamento
887 1726 976 1755 non
1007 1712 1235 1766 agnoverit
1265 1710 1358 1754 eius
1388 1710 1502 1754 iudi—

162 1770 298 1822 cium,
344 1770 422 1814 sed
467 1770 812 1826 oppugnandum
854 1769 1098 1824 putaverit,
1162 1771 1311 1811 vetere
1362 1766 1504 1821 iurgio

159 1825 373 1881 exploso⁵
423 1825 673 1873 huiusmodi
729 1829 862 1881 pacto
914 1824 1053 1867 filium
1109 1823 1285 1866 minime
1332 1823 1506 1877 gravari

163 1885 405 1929 secundum
453 1884 685 1940 Papiniani
730 1895 1014 1938 responsum,
1073 1881 1118 1923 in
1167 1893 1254 1936 quo
1305 1879 1502 1924 definivit

162 1941 361 1984 meritis⁶
409 1940 525 1984 filios
573 1940 629 1983 ad
685 1944 870 1996 paterna
924 1937 1137 1991 obsequia
1193 1937 1501 1991 provocandos

161 1997 215 2036 la
272 2003 405 2048 quam
439 1994 723 2048 pactionibus
764 1991 1117 2046 adstringendos.
1187 1991 1275 2035 Sed
1314 1991 1399 2034 hoc
1444 1991 1507 2034 ita

157 2047 450 2101 admittimus,
490 2047 577 2092 nisi
615 2048 939 2091 transactiones
979 2048 1036 2091 ad
1075 2047 1260 2091 heredes
1295 2052 1506 2103 paternos

156 2103 273 2148 filius
318 2104 628 2157 celebraverit,
680 2105 727 2148 in
772 2104 931 2159 quibus
976 2104 1255 2160 apertissime
1296 2103 1508 2147 iudicium

159 2164 183 2204 2
240 2160 382 2216 patris
412 2161 653 2216 agnoverit.
699 2161 760 2203 Et
774 2161 1039 2216 generaliter
1056 2160 1303 2213 definimus,
1331 2160 1507 2216 quando

157 2220 286 2273 pater
337 2216 482 2261 minus
534 2217 728 2273 legitima
778 2218 985 2272 portione
1034 2217 1124 2259 filio
1168 2217 1397 2272 reliquerit
1439 2217 1509 2260 vel

160 2272 326 2329 aliquid
364 2272 535 2318 dederit
563 2274 630 2317 vel
665 2273 821 2317 mortis
862 2286 999 2317 causa
1030 2273 1269 2317 donatione
1298 2273 1366 2316 vel
1393 2273 1509 2316 inter

160 2330 279 2373 vivos
309 2330 392 2373 sub
423 2341 475 2372 ea
505 2329 779 2382 condicione,
817 2331 866 2372 ut
893 2330 1004 2373 haec
1034 2329 1149 2372 inter
1178 2329 1297 2372 vivos
1328 2329 1508 2372 donatio

158 2386 204 2428 in
232 2389 435 2441 quartam
461 2384 501 2428 ei
529 2390 820 2442 computetur,
852 2385 889 2429 si
911 2384 1028 2429 filius
1055 2389 1159 2441 post
1185 2385 1353 2428 obitum
1368 2385 1508 2440 patris

160 2441 246 2485 hoc
286 2441 405 2498 quod
444 2441 649 2485 relictum
684 2442 753 2485 vel
793 2442 944 2484 datum
984 2444 1055 2485 est
1088 2441 1344 2496 simpliciter
1375 2454 1507 2496 agno—

158 2498 292 2552 verit,
331 2497 448 2542 forte
477 2503 523 2541 et
552 2498 837 2542 securitatem
867 2497 1102 2541 heredibus
1133 2497 1291 2541 fecerit
1321 2498 1439 2553 quod
1470 2498 1509 2541 ei

159 2554 363 2598 relictum
417 2558 485 2598 est
528 2555 774 2610 accepisse,
829 2567 920 2598 non
974 2554 1169 2597 adiciens
1215 2554 1381 2597 nullam
1427 2554 1510 2598 sibi

160 2622 395 2666 superesse
435 2610 489 2653 de
524 2611 768 2666 repletione
804 2610 1132 2666 quaestionem,
1172 2610 1341 2653 nullum
1371 2610 1510 2653 filium

158 2667 243 2711 sibi
271 2665 421 2710 facere
449 2667 792 2722 praeiudicium,
834 2666 912 2710 sed
951 2667 1190 2722 legitimam
1228 2671 1403 2721 partem
1439 2679 1507 2710 re-

157 2723 293 2779 pleri,
338 2722 425 2767 nisi
466 2723 553 2767 hoc
598 2723 849 2778 specialiter
893 2723 984 2767 sive
1026 2722 1073 2765 in
1114 2723 1290 2778 apocha
1328 2723 1421 2767 sive
1463 2723 1509 2765 in

157 2779 461 2823 transactione
500 2779 728 2834 scripserit
766 2779 834 2822 vel
872 2781 1036 2835 pactus
1067 2778 1221 2831 fuerit,
1256 2779 1373 2834 quod
1403 2792 1507 2822 con-

157 2838 308 2880 tentus
346 2835 502 2880 relicta
530 2836 598 2878 vel
639 2835 745 2879 data
783 2843 912 2891 parte
942 2835 996 2878 de
1025 2848 1077 2879 eo
1108 2835 1226 2890 quod
1256 2836 1380 2879 deest
1410 2835 1507 2878 nul-

155 2891 244 2947 lam
275 2891 411 2936 habet
441 2892 765 2947 quaestionem:
805 2896 914 2935 tunc
951 2891 1116 2935 etenim
1146 2892 1266 2935 omni
1297 2893 1507 2935 exclusa⁷

159 2948 355 3004 querella
396 2953 632 3004 paternum
688 2948 895 3004 amplecti
949 2948 1226 3004 compellitur
1280 2948 1505 2991 iudicium.

159 3008 183 3048 3
243 3003 366 3059 Quae
406 3004 545 3048 omnis
590 3004 761 3048 sanctio
802 3017 906 3048 suas
949 3004 1122 3049 radices
1166 3004 1377 3048 extendat
1419 3018 1508 3048 non

159 3061 303 3105 solum
333 3059 391 3103 ad
418 3059 559 3103 filium
588 3060 657 3103 vel
684 3060 833 3112 filiam,
866 3060 944 3104 sed
974 3060 1106 3104 etiam
1137 3060 1194 3103 ad
1223 3073 1375 3104 omnes
1405 3074 1507 3116 per-

159 3129 306 3169 sonas,
347 3128 462 3181 quae
493 3115 546 3158 de
574 3116 823 3159 inofficioso
854 3117 1093 3171 querellam
1125 3121 1282 3160 contra
1310 3122 1508 3161 mortuo-

159 3185 259 3216 rum
287 3172 442 3215 ultima
472 3171 614 3227 elogia
644 3177 834 3226 possunt
861 3184 1048 3215 movere.
1110 3172 1165 3215 D.
1190 3172 1233 3215 lc.
1253 3172 1375 3230 Sept.
1397 3171 1509 3216 Con-

158 3227 462 3286 stantinopoli
492 3232 608 3285 post
647 3227 932 3271 consulatum
961 3227 1203 3285 Lampadii
1242 3234 1285 3272 et
1324 3227 1510 3272 Orestae

158 3298 223 3330 vv.
255 3296 317 3327 cc.
391 3307 395 3312 ·
1321 3288 1376 3335 [a.
1409 3288 1508 3335 531]

217 3337 284 3387 36
317 3337 462 3382 ⁸Idem
499 3339 551 3382 A.
592 3337 791 3382 Iohanni
824 3353 909 3396 pp.
983 3338 1153 3382 Scimus
1198 3342 1301 3382 ante
1344 3339 1509 3382 consti—

160 3395 403 3443 tutionem⁹
431 3394 592 3438 fecisse
608 3396 654 3447 ¹⁰,
685 3406 773 3450 qua
805 3396 985 3437 cautum
1015 3398 1104 3446 est,
1148 3394 1185 3437 si
1214 3399 1342 3449 pater
1369 3395 1509 3439 mino-

159 3465 253 3496 rem
282 3451 432 3495 debita
454 3451 705 3506 portionem
728 3450 819 3494 filio
844 3463 924 3494 suo
949 3450 1212 3505 reliquisset,
1244 3450 1508 3503 omnimodo,

161 3509 244 3553 etsi
283 3521 372 3551 non
411 3507 633 3550 adiciatur
671 3507 753 3550 viri
793 3507 897 3550 boni
934 3507 1152 3549 arbitratu
1198 3506 1359 3562 repleri
1405 3506 1508 3560 filio,

167 3570 181 3607 1
229 3569 423 3607 attamen
439 3563 536 3619 ipso
552 3563 647 3607 iure
662 3563 807 3606 inesse
824 3563 1006 3606 eandem
1022 3562 1321 3618 repletionem.
1364 3561 1507 3616 Quae-

160 3621 344 3664 rebatur
372 3621 544 3674 itaque,
585 3619 623 3662 si
659 3619 759 3674 quis
788 3632 881 3662 rem
911 3619 1119 3662 donatam
1148 3619 1216 3662 vel
1245 3619 1360 3661 inter
1389 3618 1508 3662 vivos

160 3676 230 3719 vel
265 3675 420 3718 mortis
461 3687 598 3718 causa
634 3676 704 3719 vel
740 3675 786 3718 in
823 3679 1088 3719 testamento
1127 3675 1324 3718 relictam
1373 3686 1508 3729 agno-

159 3731 274 3776 verit
312 3734 357 3774 et
393 3743 473 3786 pro
513 3736 640 3786 parte
675 3744 757 3774 sua
795 3732 1024 3785 habuerit,
1057 3731 1215 3774 deinde
1256 3730 1407 3774 eadem
1437 3743 1509 3774 res

163 3788 302 3831 evicta
340 3787 409 3829 vel
445 3790 542 3830 tota
579 3787 648 3829 vel
685 3800 767 3842 pro
807 3790 938 3842 parte
973 3787 1128 3841 fuerit,
1170 3800 1228 3830 an
1268 3787 1427 3830 debeat
1457 3800 1510 3829 ex

162 3849 316 3888 nostra
362 3842 678 3886 constitutione
721 3855 826 3897 pars
869 3843 1061 3898 legitima
1104 3848 1207 3899 post
1251 3843 1509 3887 evictionem

162 3899 382 3955 suppleri:
423 3899 492 3942 vel
533 3898 571 3942 si
611 3911 666 3941 ex
707 3898 801 3954 lege
830 3898 1029 3942 Falcidia
1066 3901 1325 3943 minuantur
1364 3899 1510 3953 legata

1494 100 1591 165 135

2755 111 2834 162 III
2872 113 2937 163 28

1697 186 1795 194 ——-

1599 261 1896 315 subsequatur
1925 257 2015 303 sive
2044 257 2090 301 in
2118 262 2311 314 partem,
2355 260 2578 304 emendari
2611 262 2759 304 vitium
2800 266 2844 306 et
2873 262 2939 306 vel

1597 317 1731 360 aliam
1758 329 1852 359 rem
1880 316 1948 359 vel
1975 315 2187 381 pecunias
2217 316 2392 360 restitui
2420 319 2488 361 vel
2517 319 2802 374 repletionem
2830 319 2939 372 fieri,

1596 373 1719 416 nulla
1747 371 1947 416 Falcidia
1974 371 2303 424 interveniente,
2336 377 2398 425 ut,
2434 374 2524 417 sive
2552 374 2608 417 ab
2639 374 2764 418 initio
2795 376 2940 418 minus

1595 428 1730 471 fuerit
1755 428 2013 471 derelictum
2037 426 2127 470 sive
2153 429 2424 473 extrinsecus
2447 431 2781 485 qualiscumque
2807 443 2942 474 causa

1597 483 1890 528 interveniens
1921 482 2101 539 aliquod
2130 495 2365 537 gravamen
2392 488 2592 540 imponat
2620 486 2689 528 vel
2723 486 2771 527 in
2802 499 2940 540 quan-

1595 539 1724 582 titate
1752 540 1822 582 vel
1849 540 1895 582 in
1924 543 2144 594 tempore,
2184 539 2269 583 hoc
2305 541 2445 584 modis
2476 541 2679 584 omnibus
2709 540 2869 594 repleri
2899 546 2943 583 et

1599 593 1648 636 lb
1707 600 1908 638 nostrum
1944 594 2149 638 iuvamen
2186 608 2347 651 purum
2384 596 2487 640 filiis
2532 594 2702 639 inferri.
2780 594 2940 650 Reple-

1595 648 1760 692 tionem
1790 656 1940 693 autem
1969 651 2067 694 fieri
2096 663 2150 694 ex
2179 651 2278 706 ipsa
2310 651 2561 695 substantia
2590 649 2746 706 patris,
2784 663 2875 692 non
2906 650 2943 692 si

1596 703 1700 757 quid
1730 717 1785 747 ex
1814 707 1912 749 aliis
1943 707 2086 750 causis
2117 706 2232 750 filius
2263 707 2462 750 lucratus
2497 710 2565 749 est
2593 705 2663 748 vel
2693 717 2747 748 ex
2777 706 2942 747 substi-

1593 759 1766 801 tutione
1804 761 1872 802 vel
1911 773 1966 803 ex
2002 761 2099 804 iure
2127 762 2427 812 adcrescendi,
2468 765 2579 816 puta
2608 773 2717 803 usus
2746 759 2942 804 fructus:

1593 813 1882 857 humanitatis
1909 816 2069 858 etenim
2093 817 2235 869 gratia
2259 816 2480 859 sancimus
2512 828 2565 858 ea
2592 814 2766 869 quidem
2798 816 2944 859 omnia

1593 869 1722 924 quasi
1749 869 1846 912 iure
1871 869 2118 913 adventicio
2146 884 2244 913 eum
2270 870 2449 922 lucrari,
2480 870 2767 925 repletionem
2797 876 2946 915 autem

1596 930 1646 968 lo
1688 927 1748 978 (1)
1831 936 1885 966 ex
1937 925 2071 967 rebus
2124 925 2404 968 substantiae
2456 925 2566 968 fieri.
2642 926 2754 969 Cum
2798 932 2946 971 autem

1592 980 1689 1036 quis
1707 981 1740 1007 ¹¹
1780 983 1993 1023 extraneo
2031 979 2194 1022 herede
2229 980 2433 1024 instituto
2473 980 2564 1023 filio
2601 994 2682 1026 suo
2712 983 2947 1027 restituere

1592 1049 1691 1080 eum
1727 1035 2018 1079 hereditatem
2057 1047 2206 1088 suam,
2249 1049 2350 1079 cum
2388 1037 2626 1091 moriatur,
2666 1037 2946 1094 disposuerit,

1591 1093 1660 1136 vel
1699 1091 1746 1135 in
1784 1097 1960 1147 tempus
2003 1096 2175 1135 certum
2213 1092 2538 1136 restitutionem
2569 1094 2813 1147 distulerit,
2846 1095 2948 1151 quia

1591 1152 1746 1193 nostra
1783 1147 2055 1199 constitutio,
2098 1159 2212 1202 quae
2253 1153 2383 1191 antea
2413 1150 2560 1205 posita
2590 1154 2658 1194 est
2674 1151 2729 1202 ¹²,
2774 1164 2947 1195 omnem

1592 1204 1849 1248 dilationem
1893 1216 2066 1248 omnem
2110 1217 2280 1248 moram
2326 1205 2500 1249 censuit
2542 1219 2640 1250 esse
2683 1208 2946 1251 abstrahen-

1593 1261 1718 1315 dam,
1756 1265 1808 1304 ut
1846 1263 2007 1316 quarta
2045 1272 2150 1316 pars
2188 1273 2303 1316 pura
2343 1266 2387 1305 et
2416 1275 2519 1306 mox
2547 1262 2637 1306 filio
2670 1263 2946 1318 restituatur,

1591 1318 1638 1360 in
1677 1316 1931 1360 huiusmodi
1970 1316 2122 1373 specie
2162 1317 2268 1373 quid
2308 1317 2561 1361 faciendum
2591 1319 2670 1373 sit,
2712 1319 2946 1364 dubitaba-

1600 1373 1652 1416 ld
1722 1378 1811 1417 tur,
1885 1374 2115 1417 Sancimus
2159 1374 2309 1429 itaque
2355 1379 2540 1430 quartae
2584 1376 2759 1431 quidem
2807 1377 2947 1433 partis

1592 1429 1919 1474 restitutionem
1936 1431 1971 1456 ¹³
2018 1430 2107 1472 iam
2150 1443 2270 1474 nunc
2317 1432 2532 1475 celebrari
2575 1446 2666 1476 non
2712 1437 2948 1488 expectata

1591 1498 1675 1529 nec
1704 1490 1848 1529 morte
1878 1485 2054 1530 heredis
2084 1499 2167 1530 nec
2196 1488 2407 1542 temporis
2435 1488 2690 1542 intervallo,
2731 1489 2948 1544 reliquum

1593 1546 1755 1595 autem,
1788 1543 1904 1598 quod
1935 1547 2039 1598 post
2054 1543 2087 1568 ¹³⁸
2119 1543 2354 1598 legitimam
2381 1545 2627 1599 portionem
2654 1550 2807 1598 restat,
2838 1550 2947 1589 tunc

1597 1603 1645 1642 1e
1702 1599 1897 1652 restitui,
1937 1598 2115 1654 quando
2154 1603 2346 1643 testator
2383 1600 2613 1656 disposuit.
2685 1602 2756 1646 Sic
2788 1603 2947 1646 etenim

1593 1654 1711 1698 filius
1749 1667 1876 1698 suam
1914 1655 2097 1701 habebit
2145 1655 2393 1710 portionem
2430 1658 2646 1712 integram
2685 1663 2730 1701 et
2773 1660 2947 1714 qualem

1591 1710 1710 1766 leges
1742 1716 1786 1754 et
1815 1716 1972 1755 nostra
2002 1711 2261 1755 constitutio
2294 1711 2500 1766 definivit,
2533 1717 2577 1757 et
2600 1715 2793 1770 scriptus
2820 1715 2947 1759 heres

1593 1767 1872 1810 commodum
1913 1767 2031 1823 quod
2068 1767 2108 1811 ei
2139 1771 2327 1811 testator
2358 1769 2594 1825 dereliquit
2623 1783 2723 1814 cum
2752 1771 2947 1826 legitimo
2995 1770 2998 1773 ’

1594 1826 1618 1865 2
1676 1823 1976 1867 moderamine
2021 1825 2193 1868 sentiet.
2267 1824 2384 1868 Illud
2427 1831 2660 1881 praeterea
2709 1828 2947 1881 sancimus,

1593 1884 1644 1922 ut
1682 1883 1884 1935 tempora
1925 1880 1980 1924 de
2013 1879 2251 1924 inofficiosi
2281 1882 2551 1936 querellae¹⁵
2580 1884 2636 1926 ab
2668 1883 2791 1926 adita
2820 1885 2948 1927 here-

1595 1936 1732 1980 ditate
1759 1937 2003 1980 secundum
2018 1937 2200 1992 Ulpiani
2225 1938 2477 1992 opinionem
2508 1942 2703 1993 currant,
2734 1940 2950 1983 Herennii

1592 1992 1836 2037 Modestini
1866 1993 2086 2037 sententia
2114 1999 2342 2046 recusata,
2385 1995 2460 2050 qui
2490 2008 2517 2038 a
2547 2001 2690 2039 morte
2719 1997 2948 2040 testatoris

1593 2049 1695 2093 ilico
1728 2062 1908 2093 cursum
1938 2049 1993 2093 de
2033 2049 2284 2093 inofficioso
2316 2051 2537 2106 querellae
2566 2052 2840 2108 temporibus
2872 2053 2947 2096 da-

1594 2106 1694 2159 bat,
1733 2110 1784 2149 ut
1827 2120 1917 2150 non
1947 2106 2079 2149 liceat
2108 2106 2262 2149 heredi
2291 2107 2468 2162 quando
2498 2109 2687 2152 voluerit
2717 2109 2852 2160 adire,
2893 2123 2949 2152 ne

1593 2175 1675 2218 per
1718 2162 1972 2206 huiusmodi
2015 2163 2237 2206 tramitem
2282 2163 2441 2207 iterum
2492 2164 2607 2208 filius
2662 2165 2949 2209 defraudetur

1595 2223 1651 2261 'za
1711 2219 1859 2262 debito
1889 2219 2098 2262 naturali.
2159 2219 2395 2263 Sancimus
2433 2221 2603 2277 itaque,
2642 2222 2720 2265 ubi
2761 2225 2949 2266 testator

1595 2275 1837 2319 decesserit
1873 2275 1960 2319 alio
2001 2275 2167 2330 scripto
2207 2276 2369 2319 herede
2409 2279 2454 2319 et
2482 2282 2688 2332 speratur
2719 2278 2772 2321 de
2800 2278 2947 2322 inoffi-

1596 2331 1715 2375 cioso
1757 2332 1967 2386 querella,
2008 2331 2323 2375 necessitatem
2363 2332 2529 2376 habere
2568 2334 2783 2388 scriptum
2821 2335 2946 2377 here-

1595 2387 1713 2439 dem,
1759 2388 1797 2430 si
1840 2387 2016 2443 quidem
2059 2390 2237 2442 praesto
2272 2393 2347 2441 ‚est
2384 2389 2430 2431 in
2472 2389 2626 2432 eadem
2667 2403 2947 2434 commanens

1595 2443 1847 2498 provincia,
1892 2443 2012 2486 intra
2041 2455 2118 2486 sex
2157 2456 2389 2487 mensuum
2425 2445 2642 2500 spatium,
2690 2446 2758 2489 sin
2799 2449 2947 2489 autem

1595 2511 1796 2542 seorsum
1826 2504 2024 2553 ¹utraque
2062 2512 2166 2554 pars
2208 2499 2254 2542 in
2295 2500 2476 2543 diversis
2528 2501 2767 2556 provinciis
2815 2502 2946 2558 degit,

1594 2558 1701 2598 tunc
1739 2555 1859 2598 intra
1888 2555 2049 2599 annale
2087 2557 2394 2600 tantummodo
2433 2559 2625 2612 spatium
2656 2557 2785 2601 simili
2816 2559 2946 2602 modo

1593 2624 1674 2668 per
1704 2612 1965 2655 continuum
1991 2625 2019 2654 a
2041 2616 2183 2655 morte
2208 2613 2437 2657 testatoris
2462 2614 2784 2657 numerandum
2807 2616 2946 2658 omni-

1595 2667 1724 2712 modo
1756 2668 1878 2711 adire
1907 2668 2159 2712 huiusmodi
2197 2668 2510 2724 hereditatem,
2555 2670 2622 2713 vel
2661 2670 2947 2714 manifestare

1594 2737 1720 2767 suam
1751 2725 2028 2776 sententiam,
2061 2724 2179 2779 quod
2209 2725 2498 2768 hereditatem
2525 2725 2704 2769 minime
2734 2726 2944 2770 admittit:

1595 2780 1826 2836 expeditus
1858 2781 2020 2823 etenim
2050 2781 2114 2822 ita
2143 2782 2364 2824 tractatus
2394 2780 2621 2824 inducitur
2650 2782 2741 2825 filio
2781 2795 2945 2826 memo-

1594 2841 1737 2880 ratam
1781 2849 1956 2880 movere
2001 2837 2262 2892 querellam:
2319 2837 2388 2881 sin
2431 2850 2533 2881 vero
2580 2838 2773 2894 scriptus
2817 2839 2947 2882 heres

1593 2893 1711 2936 intra
1753 2897 1921 2936 statuta
1961 2898 2162 2949 tempora
2198 2893 2372 2936 minime
2412 2893 2592 2948 adierit,
2633 2907 2713 2949 per
2754 2894 2948 2938 officium

1595 2950 1647 2993 2b
1707 2949 1884 3005 quidem
1913 2949 2072 2992 iudicis
2104 2949 2319 3005 scriptum
2347 2950 2550 3005 compelli
2575 2951 2660 2993 hoc
2686 2950 2847 2994 facere.
2895 2952 2947 2994 In

1593 3005 1735 3050 medio
1765 3009 1928 3058 tamen,
1958 3005 2005 3048 id
2035 3010 2102 3049 est
2132 3018 2158 3048 a
2187 3009 2331 3049 morte
2360 3006 2536 3061 quidem
2566 3006 2807 3057 testatoris,
2842 3010 2948 3048 ante

1594 3062 1759 3105 aditam
1775 3067 1923 3105 autem
1938 3061 2242 3112 hereditatem,
2270 3061 2353 3103 etsi
2373 3062 2611 3103 decesserit
2633 3060 2765 3113 filius,
2791 3061 2945 3104 huius-

1594 3118 1713 3161 modi
1743 3118 1997 3172 querellam,
2029 3117 2133 3159 licet
2162 3130 2252 3159 non
2283 3129 2330 3159 se
2354 3116 2700 3171 praeparaverit,
2731 3116 2789 3159 ad
2819 3130 2944 3160 suam

1594 3174 1900 3229 posteritatem
1930 3172 2222 3224 transmittet,
2263 3171 2320 3214 ad
2361 3176 2595 3215 extraneos
2625 3184 2728 3215 vero
2759 3172 2945 3216 heredes

1594 3239 1701 3272 tunc
1743 3227 2070 3279 tantummodo,
2122 3227 2297 3281 quando
2339 3227 2534 3282 antiquis
2571 3228 2693 3271 libris
2733 3228 2946 3272 insertam

1594 3285 1732 3328 faciat
1768 3283 2170 3341 praeparationem.
2230 3282 2285 3326 D.
2316 3282 2358 3326 lc.
2392 3283 2514 3341 Sept.
2551 3283 2946 3343 Constantinopoli

1587 3347 1701 3399 post
1713 3340 1996 3383 consulatum
2014 3338 2257 3396 Lampadii
2286 3344 2332 3382 et
2349 3337 2536 3384 Orestae
2566 3354 2630 3384 vv.
2651 3353 2711 3384 oo.
2760 3345 2815 3393 [a.
2846 3345 2944 3393 531]

1653 3393 1715 3442 37
1754 3393 1916 3438 ¹⁰Idein
1945 3393 1997 3437 Α.
2031 3392 2228 3438 Iohanni
2247 3409 2332 3461 pp.
2404 3395 2514 3439 Cum
2550 3396 2743 3452 antiquis
2774 3397 2944 3452 legibus

1595 3451 1868 3495 declaratum
1899 3453 1978 3504 est,
2010 3453 2062 3493 ut
2085 3451 2295 3494 militana
2320 3454 2587 3495 testamenta
2612 3452 2666 3495 de
2690 3453 2943 3498 inofficioso

1595 3507 1834 3563 querellam
1878 3506 2080 3559 evadant,
2126 3507 2254 3550 multi
2296 3508 2371 3550 alii
2416 3521 2546 3551 casus
2592 3514 2842 3563 emergunt,
2899 3510 2944 3552 in

1597 3569 1615 3607 1
1680 3563 1839 3618 quibus
1873 3562 2170 3606 dubitationes
2195 3570 2373 3607 exortas
2399 3564 2536 3619 sopiri
2556 3577 2739 3608 necesse
2766 3571 2847 3608 est.
2892 3565 2945 3608 In

1595 3619 1898 3663 castrensibus
1937 3619 2097 3662 etenim
2135 3621 2320 3675 peculiis
2363 3620 2619 3663 introducta
2663 3626 2729 3664 est
2770 3626 2813 3663 et
2857 3621 2949 3664 alia

1594 3674 1834 3719 subdivisio
1881 3678 1924 3717 et
1968 3675 2130 3730 peculii
2180 3676 2344 3731 triplex
2387 3676 2609 3719 invenitur
2653 3688 2802 3719 causa.
2877 3677 2945 3720 vel

1594 3731 1709 3775 enim
1746 3742 1968 3786 paganum
2005 3736 2073 3775 est
2110 3733 2332 3788 peculium
2363 3732 2431 3775 vel
2468 3735 2696 3775 castrense
2726 3733 2795 3775 vel
2826 3733 2945 3786 quod

1593 3787 1874 3831 medietatem
1929 3786 2045 3830 inter
2101 3793 2338 3843 utrumque
2391 3788 2584 3839 obtinet,
2646 3787 2762 3842 quod
2816 3788 2944 3843 quasi

1598 3848 1651 3887 la
1710 3847 1938 3886 castrense
1981 3846 2280 3899 nuncupatur.
2355 3844 2407 3885 In
2451 3844 2529 3885 tali
2572 3843 2706 3898 igitur
2751 3843 2941 3899 peculio,

1596 3899 1714 3955 quod
1745 3898 1872 3954 quasi
1902 3903 2127 3943 castrense
2157 3899 2418 3956 appellatur,
2450 3899 2713 3953 quibusdam
2738 3899 2942 3953 personis

161 3957 230 4000 vel
258 3954 600 3999 fideicommissa
628 3954 696 3997 vel
725 3955 879 3998 mortis
911 3968 1046 3999 causa
1075 3955 1348 4008 donationes,
1380 3955 1510 3999 debet
1549 3935 1553 3989 Ι
1594 3955 1773 3999 licentia
1811 3954 2068 3998 conceditur
2108 3956 2297 3999 condere
2338 3954 2514 4009 quidem
2543 3957 2820 4007 testamenta,
2864 3956 2942 3998 sed

161 4017 310 4055 tamen
364 4024 419 4055 ex
463 4011 550 4054 hoc
595 4023 702 4053 casu
745 4010 1098 4066 supplementum
1141 4011 1386 4055 introduci:
1438 4024 1507 4063 ne,

163 4068 265 4112 dum
303 4071 444 4111 totam
481 4066 725 4109 Falcidiam
764 4066 967 4122 accipere
996 4068 1124 4111 heres
1154 4068 1335 4121 nititur,
1377 4069 1509 4111 etiam

167 4128 220 4168 la
277 4127 419 4168 totum
451 4122 727 4166 commodum
756 4122 1011 4166 hereditatis
1042 4123 1230 4167 amittat.
1276 4124 1508 4167 Sancimus

165 4181 314 4236 itaque
342 4180 388 4222 in
419 4179 620 4223 omnibus
651 4178 746 4222 istis
779 4178 968 4232 casibus,
999 4179 1090 4223 sive
1114 4179 1161 4222 in
1184 4183 1328 4223 totum
1353 4180 1507 4224 evictio

167 4322 196 4366 (ι
247 4336 279 4361 c.
310 4329 355 4362 30
387 4321 424 4360 Ιι.
457 4329 481 4361 ι.

166 4322 295 4432 933011.
325 4385 360 4420 11
386 4386 512 4431 p.1·19
591 4378 645 4430 (3)
678 4379 795 4431 iunye
825 4392 857 4416 c.
877 4384 920 4417 36
952 4385 988 4417 et
1018 4379 1058 4427 6,
1076 4385 1172 4426 2s,4
1253 4377 1307 4429 (4)
1324 4379 1383 4424 sic
1399 4378 1506 4428 PCa‚

168 4433 399 4475 inofficioso
426 4433 520 4477 o⁶R
578 4436 631 4484 (5)
659 4437 719 4476 sic
749 4436 858 4484 dett„
888 4432 1056 4485 expulso
1078 4433 1195 4475 PCR
1266 4436 1321 4485 (6)
1351 4434 1508 4474 meritis

168 4489 223 4538 R,
251 4492 425 4530 merite*
455 4493 528 4542 Ca,
558 4492 689 4543 magis
711 4492 788 4542 Pa,
818 4490 978 4529 meritis
998 4489 1130 4540 magis
1152 4487 1280 4531 P⁶G⁶
1379 4492 1433 4542 (7)
1450 4492 1508 4531 sie

171 4545 212 4585 Ρ
239 4560 322 4585 cum
353 4547 411 4597 B,
442 4546 630 4587 exclusus
666 4548 740 4588 CR
890 4547 945 4597 (8)
977 4548 1094 4598 iunye
1123 4561 1155 4586 c.
1188 4553 1230 4587 35
1262 4555 1299 4586 et
1327 4547 1366 4594 6,
1397 4555 1456 4595 28,
1487 4555 1506 4586 4

169 4602 222 4653 (9)
255 4616 288 4642 c.
320 4609 364 4642 30
395 4603 431 4643 Ιι.
465 4612 489 4645 t.
614 4606 686 4656 (10)
715 4603 858 4643 fecisse
895 4602 978 4653 Cle,
1012 4601 1137 4641 fuisse
1167 4601 1341 4641 relatum
1373 4601 1504 4651 (relic-

1596 4025 1683 4055 non
1727 4010 1855 4066 quasi
1894 4011 2105 4055 militibus
2141 4025 2228 4067 quo
2259 4010 2477 4054 voluerint
2513 4010 2669 4063 modo,
2711 4009 2790 4054 sed
2823 4023 2940 4054 com-

1550 4097 1553 4110 .
1594 4066 1717 4110 muni
1747 4072 1789 4110 et
1817 4066 1938 4110 licito
1969 4070 2015 4110 et
2044 4071 2255 4111 consueto
2287 4067 2440 4110 ordine
2470 4066 2759 4118 observando,
2790 4078 2940 4121 quem-

1595 4122 1830 4167 admodum
1861 4123 2151 4166 constitutum
2181 4123 2329 4167 fuerat
2356 4123 2402 4164 in
2444 4122 2700 4165 consulibus
2740 4126 2784 4165 et
2812 4134 2940 4176 prae-

1595 4180 1722 4222 fectis
1754 4178 1972 4233 legionum
2002 4183 2047 4223 et
2076 4179 2354 4236 praesidibus
2381 4177 2705 4233 provinciarum
2733 4182 2776 4221 et
2802 4178 2940 4220 omni-

583 4322 638 4372 (2)
669 4337 746 4362 scr.
779 4333 863 4371 1111,
895 4321 948 4373 cf.
977 4321 1215 4375 Zeitschrift
1233 4322 1313 4375 fiir
1342 4322 1508 4362 Rechts·
1594 4321 1682 4359 tam
1714 4318 1788 4370 Ρη)
1819 4319 1859 4359 P
1972 4319 2041 4371 (11)
2071 4318 2165 4370 quis
2202 4316 2329 4369 CbRb,
2359 4317 2394 4357 si
2423 4318 2516 4369 quis
2545 4318 2660 4368 PRa,
2691 4319 2765 4358 inc.
2804 4317 2872 4358 Ca:
2903 4316 2939 4356 si

1599 4375 1692 4426 quis
1710 4377 1896 4426 fortasse
1923 4390 2055 4416 verum
2086 4384 2163 4427 est,
2199 4383 2242 4415 ut
2270 4376 2342 4427 qui
2370 4375 2491 4428 leqem
2522 4374 2737 4426 composuit
2765 4374 2940 4413 scribere

1601 4434 1640 4472 in
1673 4431 1803 4471 animo
1834 4432 2018 4472 habuerit
2045 4444 2137 4471 cum
2168 4433 2327 4481 autem,
2358 4430 2393 4469 si
2423 4428 2516 4480 quis
2546 4459 2582 4471 ..
2600 4458 2624 4479 .,
2655 4427 2936 4478 dubitabatur,

1599 4485 1804 4526 sancimus
1832 4490 2003 4538 quartae
2068 4488 2139 4538 (12)
2171 4502 2202 4527 c.
2226 4495 2261 4527 31
2295 4487 2332 4526 lz.
2354 4495 2380 4526 t.
2446 4487 2517 4536 (13)
2546 4486 2605 4525 sic
2635 4486 2742 4535 dett„
2774 4500 2856 4525 cum
2881 4485 2938 4534 B,

1600 4542 1927 4582 aestimationem
1957 4542 2074 4584 PCR
2157 4543 2228 4592 (14)
2259 4544 2353 4593 post
2388 4541 2473 4591 CR,
2502 4544 2664 4592 praeter
2697 4538 2770 4592 Pb,
2803 4542 2939 4593 deficit

1606 4599 1668 4639 Pa
1726 4599 1797 4653 (15)
1818 4600 1877 4641 sic
1898 4596 1960 4652 0⁶,
1983 4597 2149 4651 querela
2169 4599 2305 4639 1³6¹stst
2365 4598 2435 4650 (16)
2460 4599 2577 4652 iunqe
2602 4599 2636 4649 1,
2654 4605 2688 4647 3,
2706 4605 2760 4638 49.
2790 4599 2823 4648 1,
2843 4607 2875 4649 5,
2894 4605 2935 4638 22
