3080 4770
166 190 282 239 VIII
323 187 397 235 10.
443 187 495 233 11

216 330 273 376 13
306 330 414 386 Imp.
450 327 726 370 lastinianus
754 325 804 366 A.
840 323 1034 367 Iohanni
1061 337 1096 379 p
1118 356 1141 385 .·
1209 320 1319 362 Cum
1350 316 1476 382 dubi-

154 388 346 435 tabatur,
387 386 530 425 utrum
571 379 824 423 constitutio
855 379 1045 422 Zenonis
1115 387 1210 417 1vae
1245 384 1478 415 memoriae

153 442 206 484 ad
234 438 542 481 Adamantium
572 434 845 489 praefectum
882 433 1005 476 urbis
1035 432 1200 485 scripta
1215 432 1239 481 ¹,
1281 440 1395 492 quae
1425 427 1479 492 de

152 494 429 539 servitutibus
469 492 681 545 loquitur,
722 488 878 531 localis
918 493 984 531 est
1015 490 1059 530 et
1087 485 1188 527 huic
1218 484 1477 549 110το011881-

150 563 245 594 11100
285 549 381 591 urbi
420 547 620 590 dedicata
658 547 702 586 et
733 543 892 586 debent
921 543 1067 585 illius²
1106 541 1284 603 quidem·
1306 552 1404 581 lura
1432 552 1479 582 111

150 608 232 649 hac
272 603 513 652 observari,
559 600 740 653 antiqua
777 611 898 650 vero,
943 609 1055 652 quae
1094 599 1316 638 contraria
1361 599 1477 649 sunt,

150 663 290 705 locum
329 658 519 702 habere³
557 658 601 698 in
636 653 892 709 provinciis:
934 651 1160 706 indignum
1198 663 1296 695 esse
1326 654 1478 694 nostro

148 723 345 772 tempore
381 716 585 770 putantes
626 709 743 752 aliud
780 709 847 750 ius
878 709 923 750 in
953 708 1038 750 hac
1068 707 1188 762 regia
1219 707 1396 750 civitate
1426 707 1480 750 de

150 770 394 815 huiusmodi
424 766 655 819 observari,
687 765 809 807 aliud
838 763 956 819 apud
979 770 1154 806 nostros
1178 776 1277 807 esse
1303 763 1478 818 provin-

151 828 300 879 ciales,
342 824 559 868 sancimus
597 821 781 865 eandem
810 819 1170 863 constitutionem
1199 819 1246 862 in
1276 819 1478 862 omnibus

149 883 327 926 urbibus
358 878 541 922 Romani
577 876 748 932 imperii
788 875 987 919 obtinere
1024 879 1070 919 et
1109 875 1354 919 secundum
1386 875 1478 918 eius

149 938 438 981 definitionem
468 933 612 978 omnia
642 933 879 987 procedere
910 936 976 984 et,
1020 932 1058 975 si
1097 931 1202 987 quid
1236 931 1305 975 ius
1345 945 1399 974 ex
1429 943 1480 973 ea

148 996 239 1048 lege
268 993 518 1035 innovatum
548 992 615 1032 est
644 1002 671 1032 a
701 992 846 1032 vetere
883 987 1196 1043 dispositione,
1238 992 1282 1031 et
1316 988 1403 1031 hoc
1433 987 1479 1029 in

147 1048 379 1104 provinciis
430 1059 457 1089 a
508 1044 785 1101 praesidibus
835 1056 984 1087 earum
1029 1044 1274 1087 observari:
1322 1042 1479 1086 ceteris

147 1105 344 1148 videlicet
373 1101 594 1151 omnibus,
635 1113 748 1156 quae
784 1114 874 1144 non
905 1112 985 1155 per
1013 1100 1314 1143 Zenonianam
1343 1099 1480 1153 legem

145 1162 347 1203 innovata
377 1162 491 1210 sunt,
522 1158 599 1201 sed
624 1157 845 1200 veteribus
875 1156 1045 1210 legibus
1072 1156 1402 1212 comprehensa,
1435 1155 1481 1197 in

146 1229 225 1260 sua
263 1215 468 1258 firmitate
506 1214 552 1256 in
591 1213 708 1256 omni
737 1213 837 1256 loco
867 1212 1159 1256 manentibus.
1205 1211 1259 1255 D.
1284 1211 1326 1254 lc.
1355 1210 1477 1269 Sept.

148 1270 532 1328 Constantinopoli
548 1275 662 1327 post
685 1268 966 1312 consulatum
980 1267 1219 1325 Lampadii
1245 1272 1289 1312 et
1311 1266 1480 1311 Orestis

144 1341 206 1372 vv.
238 1340 297 1370 cc.
1291 1327 1348 1375 [a.
1381 1326 1477 1374 531]

201 1381 263 1428 14
294 1381 387 1436 (XI,
422 1384 460 1435 1)
491 1380 636 1425 ⁴Idem
665 1381 715 1424 A.
747 1379 939 1424 Iohanni
959 1394 1042 1436 pp.
1104 1379 1172 1421 De
1203 1380 1348 1435 operis
1377 1379 1480 1422 novi

143 1437 418 1482 nuntiatione
458 1437 678 1494 quandam
715 1436 906 1491 antiquis
947 1440 1087 1479 ortam
1124 1435 1263 1478 fuisse
1303 1435 1478 1478 dubita-

143 1495 303 1538 tionem
342 1498 494 1537 nostra
525 1492 727 1548 cognovit
763 1491 1086 1547 tranquillitas,
1129 1491 1401 1543 dicentibus,
1441 1491 1479 1535 si

143 1551 238 1606 quis
283 1550 657 1593 denuntiationem
701 1547 759 1592 ad
800 1547 1087 1592 inhibendum
1139 1561 1251 1603 opus
1295 1547 1477 1601 miserit,

142 1620 230 1651 non
258 1618 390 1662 posse
419 1619 518 1650 eum
549 1610 653 1661 post
681 1618 845 1648 annum
875 1604 1085 1659 elapsum,
1118 1616 1172 1647 ex
1198 1617 1283 1659 quo
1311 1603 1479 1647 denun-

140 1663 265 1706 tiatio
309 1663 444 1706 missa
489 1668 574 1715 est,
627 1661 786 1705 iterum
830 1660 1178 1704 aedificationem
1229 1660 1479 1715 prohibere.

150 1724 162 1761 1
227 1718 352 1772 Quod
383 1717 617 1773 dupliciter
645 1718 844 1772 iniquum
869 1717 995 1759 nobis
1024 1729 1120 1760 esse
1147 1716 1334 1760 videtur.
1391 1717 1481 1760 sive

142 1774 303 1818 etenim
342 1787 429 1817 non
472 1778 594 1817 recte
637 1786 749 1829 opus
787 1772 1083 1828 prohibuerit,
1125 1772 1253 1816 decet
1283 1786 1372 1816 non
1401 1785 1481 1829 per

143 1835 282 1874 totum
321 1842 485 1872 annum
522 1830 606 1873 hoc
647 1829 868 1884 impediri,
906 1828 995 1871 sive
1030 1833 1152 1872 recte
1181 1829 1480 1872 denuntiatio-

144 1899 243 1930 nem
285 1885 496 1937 emiserit,
542 1886 672 1928 etiam
714 1889 816 1940 post
854 1897 1017 1927 annum
1056 1884 1280 1928 licentiam
1316 1885 1481 1928 habere

145 1945 169 1984 2
229 1941 576 1985 aedificationem
612 1940 861 1996 prohibere.
928 1940 1081 1983 Talem
1109 1940 1245 1995 igitur
1273 1941 1479 1995 iniquita-

143 2003 231 2041 tem
273 1997 521 2040 inhibentes
572 1997 815 2048 sancimus,
864 1995 903 2039 si
953 1997 1050 2050 quis
1104 1996 1481 2040 denuntiationem

146 2053 356 2106 emiserit,
395 2054 440 2096 in
469 2053 552 2096 hac
583 2053 756 2107 quidem
785 2052 906 2107 regia
935 2052 1045 2095 urbe
1075 2052 1350 2108 praefectum
1381 2053 1482 2096 urbi

144 2110 366 2163 festinare,
393 2109 438 2151 in
463 2109 689 2164 provincia
709 2121 811 2152 vero
834 2111 1050 2151 rectorem
1075 2109 1183 2163 eius,
1209 2110 1327 2152 intra
1349 2109 1481 2152 trium

145 2178 338 2208 mensum
380 2165 572 2219 spatium
614 2177 791 2208 causam
821 2164 1046 2208 dirimere:
1084 2165 1151 2207 8111
1180 2177 1283 2208 vero
1314 2165 1481 2220 aliquid

143 2221 276 2264 fuerit
314 2233 588 2276 quocumque
626 2220 755 2263 modo
799 2220 855 2262 ad
886 2220 1151 2263 decisionem
1181 2221 1480 2276 ambiguitatis

142 2276 521 2332 impedimentum,
561 2276 783 2319 licentiam
812 2276 977 2319 habere
1007 2289 1130 2328 eum,
1200 2277 1245 2319 ui
1275 2275 1479 2320 aedifica-

141 2333 305 2375 tionem
329 2332 606 2386 deproperat,
634 2344 746 2386 opus
774 2331 828 2374 de
853 2344 939 2385 quo
965 2332 1111 2385 agitur
1133 2332 1178 2374 ef
1214 2344 1324 2383 cere,
1355 2332 1479 2387 prius

140 2387 396 2430 fideiussore
435 2388 491 2429 ab
533 2399 583 2430 eo
622 2387 724 2429 dato
762 2386 909 2430 officio
946 2386 1197 2430 urbicariae
1226 2388 1479 2442 praefectu-

139 2455 215 2486 rae
253 2442 321 2486 vel
358 2442 628 2498 provinciali.
698 2447 769 2496 ut,
811 2443 849 2485 si
886 2455 976 2485 non
1018 2447 1139 2486 recte
1167 2443 1478 2497 aedificaverit,

141 2511 267 2542 omne
307 2511 437 2553 opus,
480 2498 595 2553 quod
632 2501 736 2553 post
774 2498 1151 2542 denuntiationem
1179 2498 1354 2554 fecerit,
1387 2499 1479 2543 suis

140 2554 386 2610 sumptibus
432 2554 630 2598 destruet
642 2556 671 2596 ⁵.
741 2555 805 2598 sic
847 2555 961 2598 enim
1001 2558 1045 2597 et
1089 2568 1224 2610 opera
1267 2569 1356 2599 non
1399 2568 1481 2610 per

139 2611 292 2654 inanes
323 2610 675 2654 denuntiationes
706 2611 1061 2666 prohibebuntur
1090 2616 1134 2654 et
1163 2617 1283 2655 recte
1310 2612 1478 2655 denun-

139 2667 350 2711 tiantibus
382 2667 651 2710 consuletur.
711 2667 765 2710 D.
799 2668 902 2711 ,³11⁶
941 2666 984 2710 lc.
1017 2667 1130 2711 Nov.
1166 2667 1478 2712 Constantino-

137 2723 235 2782 poli
266 2727 379 2781 post
416 2723 698 2767 consulatum
735 2722 976 2781 Lampadii
1015 2727 1062 2768 et
1102 2722 1274 2768 Orestis
1312 2738 1376 2769 vv.
1416 2737 1477 2768 co.

142 2792 261 2823 anno
291 2777 501 2823 secundo.
1291 2784 1349 2833 [a.
1381 2783 1478 2833 532]

658 2895 730 2944 XI
766 2892 947 2957 (XII).⁰·

459 2977 537 3019 DE
567 2977 843 3020 ornamus
871 2978 1150 3022 PuanIS.

199 3059 222 3106 1
260 3058 424 3118 ⁷Impp.
456 3059 773 3105 Constantinus
801 3064 845 3104 et
865 3058 1086 3104 Constans
1114 3061 1206 3104 AA.
1239 3058 1300 3103 ad
1331 3058 1478 3104 Catul-

142 3116 280 3159 linum
292 3116 320 3157 ⁸.
392 3115 576 3160 Plurimi
626 3116 925 3160 immunitates
973 3129 1155 3171 operum
1199 3115 1479 3172 publicorum

144 3172 423 3215 concessione
447 3172 642 3216 iudicum
668 3172 817 3228 adepti
847 3174 971 3216 sunt:
1004 3175 1050 3215 et
1076 3173 1174 3216 ideo
1201 3174 1402 3218 iubemus
1432 3172 1479 3215 in

175 3231 367 3271 osterum
388 3229 593 3272 illicitas⁹
617 3229 914 3272 immunitates
940 3229 1103 3273 nullius
1128 3241 1225 3273 esse
1253 3227 1477 3272 momenti.

189 3317 197 3326 .
230 3294 279 3326 VJ
306 3283 347 3327 lc.
371 3287 483 3341 Auq.
511 3284 647 3327 Sirmi
674 3284 785 3328 Urso
816 3292 861 3329 et
885 3284 1086 3329 Polemio
1111 3298 1254 3329 conss.
1303 3288 1359 3338 [a.
1380 3287 1476 3336 338]

201 3337 232 3383 2
268 3339 425 3383 ¹⁰Idem
454 3341 545 3383 AA.
583 3340 644 3384 ad
671 3339 984 3385 Marcellinum
1024 3342 1225 3385 comitem
1268 3340 1476 3385 Orientis.

147 3393 268 3449 Quae
298 3395 502 3451 operibus
529 3396 718 3451 publicis
747 3397 946 3453 impensa
983 3397 1251 3452 constiterit,
1292 3399 1477 3453 accepto

146 3537 195 3587 (1)
225 3550 257 3576 0.
287 3543 327 3578 12
359 3536 395 3575 h.
428 3544 452 3576 t.
578 3537 633 3588 (2)
663 3536 812 3577 debent
839 3537 955 3578 illius
985 3540 1099 3591 dett„
1129 3539 1372 3580 debentibus
1407 3539 1478 3581 CR

148 3593 199 3642 (3)
227 3593 286 3632 sic
315 3593 429 3641 dett,
469 3591 612 3632 haberi
648 3593 719 3634 CR
846 3596 899 3646 (4)
932 3604 1022 3636 ante
1053 3611 1085 3637 c.
1118 3605 1155 3637 14
1196 3598 1396 3637 rubricam
1429 3595 1479 3635 de

145 3648 279 3700 operis
307 3647 405 3687 novi
434 3648 696 3688 nuntiatione
726 3650 800 3689 ins.
826 3651 919 3692 dett.
957 3660 1093 3692 contra
1119 3653 1154 3692 S
1185 3661 1223 3693 et
1251 3654 1479 3705 inscriptio-

145 3719 229 3744 nem
259 3719 291 3746 c.
322 3712 362 3745 14
392 3704 515 3754 (idem
543 3705 616 3756 a.):
648 3706 874 3758 refutantur
905 3716 1118 3759 praeterea
1145 3710 1317 3749 numeris
1349 3709 1477 3749 titulo-

144 3775 228 3800 rum
270 3761 524 3813 sequentium,
568 3776 670 3814 quae
714 3770 851 3802 extant
888 3764 927 3802 in
976 3763 1053 3803 VP
1093 3773 1129 3804 et
1168 3767 1322 3817 passim
1368 3765 1481 3817 apud

150 3815 327 3857 Graecos
400 3817 455 3866 (5)
474 3815 658 3856 destruat
672 3831 748 3857 scr.
822 3818 877 3867 (6)
895 3830 956 3858 xv
971 3835 1060 3868 scr,
1090 3822 1141 3873 cf
1158 3821 1479 3873 Zeitschrij’tsilr

146 3872 516 3925 Rechtsqeschichte
546 3881 581 3914 11
619 3887 663 3925 p.
693 3881 751 3914 181
840 3874 910 3925 (δ’)
941 3875 983 3914 Β
1009 3877 1078 3927 58,
1103 3885 1144 3918 12

149 3930 212 3977 15,
237 3937 268 3978 1,
293 3939 335 3967 5:
367 3929 568 3982 iunyenda
589 3930 746 3969 videtur
777 3931 839 3978 10,
857 3938 915 3979 48,
935 3940 951 3971 7
1041 3934 1098 3983 (8)
1122 3932 1174 3972 ad
1202 3932 1477 3982 Catullinum]

145 3983 248 4024 have
265 3982 474 4024 Catulline
490 3984 702 4025 karissime
718 3984 840 4024 nobis
870 3986 942 4026 Th.
1007 3990 1062 4037 (0)
1080 3987 1272 4028 advorsus
1285 3989 1347 4028 fas
1363 3988 1477 4027 elici-

144 4041 206 4078 tas
234 4040 305 4079 Th.
362 4040 522 4090 (10}=
550 4041 621 4082 le.
647 4043 707 4089 15,
726 4049 813 4091 1,(11
847 4042 963 4094 {unqe
991 4046 1052 4092 10,
1071 4054 1127 4094 37,
1157 4056 1166 4085 1
1229 4047 1297 4095 (11)
1312 4047 1371 4085 sic
1392 4045 1478 4094 Th„

145 4100 361 4146 cognoscat
393 4097 486 4136 libri
569 4097 643 4146 (12)
676 4097 968 4150 inscriptionem
993 4114 1215 4153 annumque
1239 4102 1480 4141 restituimus

147 4166 192 4190 ex
215 4166 246 4191 c.
266 4160 286 4192 4
310 4152 378 4203 (cs.
398 4161 476 4191 not.
494 4153 562 4201 13).
589 4160 752 4193 ceterum
777 4154 939 4193 eandem
965 4159 1275 4198 consfzsswionem
1293 4166 1384 4197 ante
1408 4158 1477 4196 Tla..

150 4209 212 4256 15,
242 4216 273 4255 1,
305 4216 324 4248 8
358 4209 638 4249 restituendam
670 4223 752 4249 esse
783 4224 831 4249 ex
860 4210 1115 4263 inscriptione
1155 4229 1186 4253 0.
1219 4222 1239 4254 8
1277 4213 1481 4265 colliyitur

147 4267 215 4309 113)
240 4278 295 4293 ==
318 4262 375 4314 B,
407 4277 509 4314 quoe
539 4266 597 4304 ita
626 4266 870 4305 consentiunt
903 4281 986 4306 cum
1015 4266 1218 4319 Th.15,1,
1236 4277 1255 4310 9
1283 4270 1477 4320 (110115),

148 4327 187 4357 ut
208 4320 474 4369 probabiliter
496 4320 718 4360 coniciatur
742 4322 904 4362 eandem
932 4324 1241 4365 constitutionem
1267 4333 1304 4365 et
1324 4325 1478 4367 Graece

148 4382 183 4412 et
212 4373 359 4414 Latine
389 4376 567 4415 emissam
587 4377 735 4428 fuisse,
773 4385 938 4429 utroque
968 4386 1093 4417 autem
1126 4381 1298 4433 exemplo
1330 4382 1369 4422 in
1405 4380 1476 4420 Th.

149 4438 300 4480 recepto
330 4430 388 4476 (ut
407 4432 562 4482 fizctrim
590 4441 646 4472 est
671 4434 728 4471 ad
757 4433 825 4472 Th.
853 4434 891 4483 9,
916 4442 969 4480 45,
995 4435 1032 4481 4)
1064 4434 1308 4476 Iustinianos
1328 4436 1480 4478 Graeci

144 4493 310 4535 partem,
338 4495 491 4536 partem
522 4487 679 4539 Latini,
708 4503 810 4541 quae
840 4489 918 4529 iam
949 4490 989 4528 in
1014 4489 1087 4529 le.
1119 4492 1169 4529 ab
1201 4493 1331 4532 altera
1358 4500 1476 4546 parte

152 4537 302 4578 Latina
330 4544 412 4588 (15,
433 4551 458 4589 1,
477 4544 515 4590 9)
547 4544 675 4583 divisa
701 4553 799 4593 erat,
826 4545 990 4597 eleyisse
1014 4545 1084 4596 (cf.
1105 4547 1140 4594 1,
1161 4555 1212 4594 12,
1230 4551 1266 4593 3)
1336 4550 1409 4598 (14)
1435 4548 1478 4588 id

152 4602 237 4653 esc:-
260 4596 297 4631 et
323 4594 370 4633 do
395 4610 452 4640 co,
479 4597 550 4645 qui
576 4598 618 4636 in
645 4598 810 4649 publico
834 4599 1011 4639 civitatis
1037 4598 1125 4639 loco
1150 4602 1231 4641 suis
1248 4603 1476 4654 sumptibus

153 4646 437 4699 aedificaverit,
475 4663 555 4702 quo
582 4652 742 4693 civitati
772 4654 962 4695 damnum
994 4668 1076 4694 non
1107 4656 1247 4708 infert,
1283 4659 1473 4710 quemad-

1482 163 1588 220 338

1231 3878 1285 3928 (7)
1315 3898 1370 3911 ==
1406 3877 1475 3915 77..
1519 3901 1521 3907 .

2235 182 2308 219 DE
2349 179 2614 221 OPERIBUS
2650 179 2899 220 PUBLchs

1563 316 1668 358 ferri
1712 319 1917 374 oportere
1961 322 2266 374 cognoscas¹¹.
2339 317 2391 362 D.
2433 329 2462 360 ν
2505 331 2608 364 non.
2652 319 2744 366 Oct.
2790 319 2901 365 Con-

1562 372 1862 429 stantinopoli
1893 372 2093 419 Limenio
2124 383 2168 420 et
2201 374 2423 420 Catullino
2454 386 2597 419 conss.
2713 380 2770 429 [a.
2803 379 2900 428 349]

1621 424 1650 472 3
1688 423 2059 488 12[Αὐτοκράτωρ
2085 427 2320 473 Ἰουλιανὸς
2348 433 2426 480 Α.]

1682 483 1818 524 ιε’Καὶ
1856 488 1958 542 περὶ
1997 488 2075 528 τοῦ
2112 489 2171 529 εἰς
2199 483 2445 538 *cohow-1574,-
2475 483 2644 529 πόλεως
2671 491 2903 530 κτίσαντος

1675 537 1848 581 οἰκείοις
1877 536 2211 597 δαπανήμασιν,
2252 545 2300 584 έν
2336 541 2372 596 ᾧ
2402 540 2462 596 μὴ
2492 538 2684 597 βλάπτει
2712 541 2796 596 τὴν
2823 542 2902 587 πό-

1676 592 1759 645 λιν,
1783 595 1882 637 πῶς
1901 592 2018 639 ἴδιον
2041 596 2207 654 ὀφείλει
2232 600 2349 651 ἔχειν
2364 598 2415 639 τὸ
2438 596 2629 639 urnath&
2645 598 2692 639 ¹⁴.
2731 601 2787 649 [a.
2805 601 2901 651 36⁶2]

1621 649 1652 695 4
1688 648 1851 693 ¹⁵Idem
1880 650 1932 694 A.
1965 651 2152 698 Ecdicio
2184 655 2423 712 praefecto
2455 653 2662 710 Aeqypti.
2721 651 2903 698 Praeto-

1563 706 1629 749 ria
1668 705 1862 749 iudicum
1900 711 1946 749 et
1981 707 2132 753 domos
2173 711 2373 765 publicas
2405 714 2582 763 oportet
2609 708 2789 763 publico
2819 707 2905 752 iuri

1564 765 1697 816 atque
1736 761 1840 804 usui
1875 774 2046 819 semper
2083 765 2296 810 vindicari
2314 766 2359 808 ¹⁶.
2419 763 2513 808 PP.
2546 776 2638 808 IIII
2665 776 2768 808 non.
2801 762 2903 807 Dec.

1563 816 1830 861 Antiochiae
1859 816 2129 865 Mamertino
2159 827 2204 866 et
2233 821 2413 866 Nevitta
2444 834 2587 864 conss.
2718 824 2774 872 [a.
2807 821 2904 872 362]

1620 873 1648 918 5
1688 870 1870 932 ¹⁷Impp.
1914 873 2256 921 Valentinianus
2285 883 2330 922 et
2369 876 2535 920 Valens
2564 876 2655 919 AA.
2688 875 2749 919 ad
2778 873 2905 933 Sym-

1563 928 1768 973 machum
1838 944 1880 972 u.
1949 930 2074 974 Intra
2112 933 2265 976 urbem
2303 934 2488 977 Romam
2524 935 2714 976 veterem
2753 935 2798 975 et
2825 943 2906 975 no-

1563 987 1713 1029 vam¹⁸
1749 986 1897 1028 nulus
1935 986 2131 1031 iudicum
2169 1003 2330 1033 novum
2366 1003 2477 1045 opus
2522 988 2751 1042 informet,
2797 1000 2906 1043 quo-

1563 1042 1678 1085 tiens
1718 1042 1968 1086 serenitatis
2007 1049 2188 1088 nostrae
2217 1045 2401 1089 arbitria
2440 1045 2698 1098 cessabunt,
2738 1043 2824 1086 nisi
2853 1056 2908 1087 ex

1564 1098 1655 1142 suis
1694 1098 1899 1153 pecuniis
1937 1098 2191 1143 huiusmodi
2225 1114 2337 1156 opus
2370 1104 2627 1145 construere
2656 1098 2845 1143 voluerit
2859 1098 2906 1150 ¹9.

1568 1159 1584 1197 1
1636 1154 1706 1197 Ea
1728 1158 1876 1198 tamen
1900 1155 2191 1208 instaurandi,
2219 1169 2332 1212 quae
2357 1158 2445 1200 iam
2470 1156 2740 1200 deformibus
2768 1154 2908 1198 ruinis

1563 1210 1840 1254 intercidisse
1870 1210 2093 1265 dicuntur,
2123 1211 2339 1258 universis
2368 1213 2591 1256 licentiam
2622 1213 2792 1256 damus.
2852 1209 2906 1254 D.

1576 1279 1669 1310 VIII
1690 1266 1734 1310 lc.
1756 1267 1855 1311 lun.
1884 1267 2112 1327 Philippis
2129 1269 2177 1295 ¹⁹¹
2207 1269 2308 1313 divo
2329 1267 2519 1313 Ioviano
2542 1274 2587 1311 et
2621 1267 2659 1311 V
2660 1266 2907 1372 arroniagiss

1564 1335 1708 1366 conss,
2721 1328 2778 1374 [a.
2811 1327 2834 1364 3

1621 1376 1651 1425 6
1688 1377 1907 1436 ²⁰Imppp.
1953 1376 2200 1422 Gratianus
2247 1377 2586 1424 Valentinianus
2625 1383 2669 1422 et
2711 1377 2750 1420 T
2745 1375 2909 1441 1100ιίοῑ

1563 1435 1656 1478 sius
1671 1436 1804 1478 AAA.
1829 1435 1891 1478 ad
1911 1434 2215 1478 Proculumffl.
2263 1435 2563 1491 Praescriptio
2589 1433 2801 1490 temporis
2824 1432 2910 1476 iun

1564 1491 1743 1546 publico
1770 1503 1859 1534 non
1885 1491 2017 1534 debet
2042 1490 2271 1545 obsistere,
2303 1492 2381 1535 sed
2411 1504 2494 1535 nec
2505 1493 2542 1517 ²²
2571 1490 2787 1546 rescripta
2813 1488 2910 1544 qui-

1565 1548 1678 1592 dem.
1749 1550 1882 1602 atque
1926 1547 2023 1591 ideo
2065 1546 2279 1591 diruenda
2316 1552 2420 1591 sunt
2463 1547 2630 1600 omnia,
2675 1558 2789 1602 quae
2831 1557 2911 1611 per

1564 1604 1759 1647 diversas
1790 1605 1923 1648 urbes
1953 1604 2021 1646 vel
2050 1604 2096 1646 in
2126 1603 2223 1647 foro
2248 1604 2317 1647 vel
2345 1604 2392 1647 in
2421 1615 2700 1659 quocumque
2729 1601 2910 1658 pubhco
2956 1642 2958 1644 ,

1563 1661 1662 1703 1000
1718 1664 1874 1704 contra
1928 1663 2132 1704 ornatum
2187 1664 2231 1703 et
2286 1660 2559 1704 commodum
2609 1671 2661 1702 ac
2705 1658 2910 1701 decoram

1564 1716 1721 1760 faciem
1735 1718 1774 1743 ²³
1830 1716 2018 1760 civitatis
2063 1720 2268 1760 extructa
2312 1719 2569 1761 noscuntur.
2644 1714 2699 1759 D.
2742 1725 2811 1758 [Π
2850 1713 2909 1756 id.

1567 1771 1665 1816 Iun.
1714 1770 2107 1830 Constantinopoli
2155 1771 2433 1817 Merobaude
2479 1784 2526 1816 11
2574 1779 2619 1817 et
2662 1769 2911 1881 Sagarigisrg}

1566 1842 1710 1873 conss.
2738 1840 2778 1872 a.

1622 1882 1650 1931 7
1684 1883 1850 1928 2⁴Idem
1879 1884 2011 1927 AAA.
2048 1884 2244 1942 Cyneqio
2267 1899 2350 1943 pp.
2410 1885 2482 1928 Ad
2512 1890 2667 1941 portus
2699 1889 2743 1928 et
2772 1895 2913 1939 aquae

1566 1940 1725 1984 ductus
1745 1945 1788 1983 et
1803 1954 2030 1984 murorum
2046 1942 2414 1984 instaurationem
2429 1941 2519 1985 sive
2542 1940 2863 1984 extructionem
2875 1940 2913 1965 ²⁵

1566 2009 1715 2040 omnes
1773 1997 1972 2040 certatim
2016 1997 2140 2040 facta
2184 2010 2419 2052 operarum
2464 1997 2702 2040 collatione
2743 1997 2912 2039 instare

1566 2053 1728 2097 debent
1765 2065 1909 2108 neque
1945 2053 2102 2108 aliquis
2141 2053 2199 2097 ab
2235 2053 2489 2111 huiusmodi
2520 2053 2741 2096 consortio
2771 2051 2911 2107 digni-

1565 2110 1671 2153 tatis
1711 2109 1947 2165 privilegiis
1987 2110 2206 2168 excusari.
2267 2110 2322 2153 D.
2354 2122 2427 2152 XV
2457 2109 2498 2152 lc.
2532 2109 2659 2153 Febr.
2695 2107 2912 2152 Constan-

1568 2166 1761 2223 tinopoli
1790 2164 2028 2209 Ricomere
2057 2171 2100 2209 et
2132 2165 2346 2209 Cleareho
2379 2178 2522 2209 conss.
2724 2167 2780 2216 [a.
2813 2165 2911 2214 384]

1623 2218 1653 2285 S
1686 2219 1852 2264 2⁶Idem
1867 2221 2000 2264 AAA.
2018 2227 2064 2266 et
2076 2221 2304 2265 Arcadius
2320 2222 2370 2286 A.
2392 2220 2590 2277 Cyneqio
2603 2233 2688 2277 pp.
2736 2218 2911 2283 aneS,

1565 2276 1972 2387 gglxbggcffiliaczrg
2001 2276 2660 2376 giitrpuqzatigngffirgoltigoerilnndrg
2665 2275 2911 2385 1131031)ῐὲαὲξῖ

1565 2401 1706 2442 usque
1743 2387 1801 2430 ad
1839 2401 1980 2431 annos
2022 2388 2271 2444 quindecim
2313 2389 2368 2431 ab
2410 2401 2542 2454 opere
2581 2387 2780 2444 perfecto
2813 2400 2914 2431 cum

1566 2444 1658 2486 suis
1685 2443 1922 2487 heredibus
1946 2446 2186 2488 teneantur
2212 2444 2405 2498 obnoxii,
2435 2450 2499 2488 110.
2524 2449 2585 2498 111,
2619 2444 2657 2487 81
2686 2443 2792 2500 quid
2818 2443 2929 2487 vitii‘

1564 2499 1610 2542 in
1650 2499 1960 2544 aedificatione
1999 2500 2118 2544 intra
2152 2503 2465 2556 praestitutum
2494 2505 2668 2556 tempus
2729 2511 2912 2544 rovene-

1564 2555 1683 2607 rit²⁸,
1716 2555 1769 2599 de
1800 2569 1951 2600 eorum
1982 2557 2246 2614 patrimonio
2278 2557 2495 2616 (exceptis
2521 2562 2668 2600 tamen
2698 2515 2768 2600 fiis
2798 2555 2911 2600 casi-

1565 2612 1664 2664 bus,
1697 2612 1772 2667 qui
1801 2616 1907 2656 sunt
1934 2612 2124 2667 fortuiti)
2155 2614 2434 2658 reformetur.
2480 2613 2533 2657 D.
2554 2625 2623 2657 III
2648 2626 2752 2657 non.
2781 2611 2911 2657 Febr.

1569 2667 1962 2727 Constantinopoli
1977 2669 2177 2714 Arcadio
2192 2670 2243 2714 A.
2262 2676 2307 2715 et
2322 2670 2535 2714 Bautone
2551 2683 2694 2714 conss,
2736 2672 2793 2722 [a.
2813 2671 2910 2721 385]

1622 2722 1652 2771 9
1685 2723 1904 2783 ²⁹Imppp.
1926 2725 2203 2770 Theodosius
2217 2725 2441 2770 Arcadius
2465 2731 2509 2770 et
2525 2725 2763 2770 Honorius
2776 2725 2909 2769 AAA.

1564 2779 1811 2824 Aureliano
1834 2795 1916 2838 pu.
1979 2781 2026 2825 Si
2056 2783 2233 2837 quando
2267 2795 2480 2826 concessa
2519 2795 2546 2825 a
2575 2782 2703 2826 nobis
2732 2779 2912 2826 licentia

1564 2836 1701 2879 fuerit
1740 2837 1992 2891 extruendi,
2030 2837 2076 2880 id
2106 2838 2304 2881 sublimis
2333 2837 2662 2892 magnificentia
2690 2840 2770 2881 tua
2798 2836 2914 2882 sciat

1565 2905 1663 2936 esse
1703 2893 1988 2947 servandum,
2029 2898 2079 2936 ut
2116 2895 2239 2938 nulla
2272 2894 2427 2937 domus
2456 2893 2734 2937 inchoandae
2764 2892 2910 2948 publi-

1567 2961 1646 2991 cae
1676 2947 1875 2993 fabricae
1905 2950 2048 3004 gratia
2078 2950 2291 3002 diruat-ur,
2327 2949 2413 2993 nisi
2441 2962 2582 3005 usque
2612 2949 2668 2992 ad
2693 2949 2908 3004 quinqua-

1564 3005 1687 3059 ginta
1738 3005 1874 3049 libras
1925 3006 2097 3060 argenti
2145 3006 2278 3061 pretii
2322 3005 2627 3050 aestimatione
2669 3005 2908 3048 taxabitur.

1569 3064 1587 3104 1
1636 3061 1703 3104 De
1728 3061 1938 3105 aedificiis
1953 3075 2057 3106 vero
2081 3062 2260 3106 maioris
2282 3062 2414 3118 pretii
2425 3062 2463 3088 ³⁰
2479 3061 2536 3104 ad
2552 3063 2750 3105 nostram
2764 3060 2909 3104 scien-

1564 3116 1671 3159 tiam
1692 3117 1926 3170 referatur,
1947 3123 2010 3172 ut,
2037 3119 2115 3162 ubi
2138 3119 2325 3174 amplior
2339 3118 2541 3174 poscitur
2567 3117 2803 3173 quantitas,
2829 3116 2909 3160 im-

1564 3173 1742 3228 perialis
1767 3179 1889 3218 extet
1914 3175 2173 3219 auctoritas.
2214 3174 2267 3218 D.
2289 3187 2356 3218 III
2377 3174 2420 3218 lc.
2438 3173 2576 3218 Mart.
2596 3172 2910 3218 Constantino-

1556 3229 1661 3287 poli
1692 3228 1942 3274 Theodosio
1972 3231 2024 3274 A.
2058 3243 2127 3274 ΙΙΙ
2153 3235 2199 3275 et
2224 3230 2516 3274 Abundantio
2543 3243 2686 3276 conss,
2735 3233 2791 3282 [a.
2811 3231 2910 3282 393]

1623 3283 1686 3332 10
1720 3285 1886 3330 ³¹Idem
1915 3286 2048 3330 AAA.
2080 3286 2248 3343 Rufino
2272 3301 2354 3345 pp.
2427 3287 2474 3330 Si
2506 3286 2582 3341 qui
2610 3285 2778 3329 iudices
2806 3297 2909 3341 per·-

1563 3341 1681 3385 fecto
1726 3342 1919 3398 publicis
1963 3343 2166 3398 pecuniis
2210 3343 2384 3399 operi³²
2436 3356 2562 3386 suum
2612 3354 2772 3386 nomen
2815 3340 2911 3384 sine

1562 3397 1706 3441 nostri
1735 3398 1925 3443 numinis
1955 3400 2176 3443 mentione
2207 3399 2465 3455 scripserint
2477 3399 2528 3454 ³³,
2569 3397 2813 3442 maiestatis
2841 3401 2907 3441 te-

1563 3539 1729 3579 modum
1744 3539 1976 3580 aedificium
1994 3544 2042 3580 ut
2055 3540 2269 3594 proprium
2293 3543 2433 3580 tenere
2457 3538 2602 3579 debeat
2659 3538 2731 3590 (15)
2753 3559 2808 3574 =
2835 3539 2905 3580 Th.

1570 3598 1631 3646 15,
1670 3606 1700 3648 1,
1738 3605 1778 3638 8:
1819 3598 1937 3649 iunye
1981 3598 2051 3637 Th.
2089 3600 2150 3648 15,
2184 3607 2213 3647 1,
2244 3606 2287 3639 9:
2328 3597 2442 3635 Idem
2482 3599 2529 3635 A.
2568 3594 2741 3636 Ecdicio
2779 3595 2907 3647 praef.

1564 3651 1754 3705 Aegypti.
1812 3653 1913 3692 Post
1943 3652 2037 3693 alia.
2099 3652 2381 3705 Comperimus
2418 3665 2539 3704 super
2578 3651 2802 3701 ergasteria
2830 3664 2907 3704 pu-

1564 3708 1687 3759 blica,
1717 3720 1820 3758 quae
1850 3709 1900 3747 ad
1931 3709 1996 3749 ius
2024 3709 2235 3761 pertinent
2264 3708 2460 3759 civitatis,
2488 3707 2704 3761 plerosque
2731 3707 2810 3747 sibi
2836 3707 2907 3748 do·

1563 3777 1651 3804 mos
1689 3765 1925 3806 extruxisse.
1991 3765 2267 3817 praecipimus
2306 3777 2403 3815 ergo
2443 3777 2510 3805 eos
2545 3764 2787 3803 inconcusso
2816 3763 2907 3804 iure

1565 3832 1670 3871 quae
1699 3819 2019 3860 aedificaverunt
2046 3821 2262 3872 possidere.
2309 3822 2392 3861 PP.
2416 3833 2494 3860 <1111
2523 3833 2620 3860 non.
2645 3821 2741 3859 Dec.
2760 3819 2906 3859 Antio-

1566 3877 1682 3916 chiae
1708 3876 1955 3916 Mamertino
1986 3881 2026 3916 ot
2049 3877 2217 3916 Nevitta
2247 3889 2374 3917 conss.
2464 3878 2540 3927 (16)
2571 3876 2766 3928 Oportuit
2788 3887 2905 3927 prae-

1564 3932 1673 3973 toria
1693 3932 1779 3972 iud.
1807 3936 1846 3971 et
1870 3933 2008 3972 domos
2031 3932 2271 3973 iudiciarias
2284 3932 2454 3985 publico
2469 3931 2554 3972 iuri
2569 3935 2692 3983 atque
2707 3933 2799 3971 usui
2815 3931 2905 3970 vin·

1566 3987 1697 4029 dicari
1717 3988 1788 4029 Th.
1849 3990 2402 4042 (17)=Tl›,.15.1‚11:iun9e
2422 3989 2646 4038 le.8,5,19
2705 3987 2780 4037 (18)
2797 3988 2904 4026 vete·

1564 4058 1647 4085 rem
1666 4046 1706 4084 et
1720 4046 1882 4093 novam]
1900 4048 2108 4085 aeternam
2129 4047 2200 4086 Th.
2262 4046 2338 4096 (19)
2355 4045 2437 4085 11181
2454 4076 2463 4086 .
2482 4075 2491 4084 .
2510 4075 2519 4084 .
2538 4042 2716 4084 voluerit
2735 4058 2809 4082 om.
2831 4041 2902 4082 Th.

1563 4098 1652 4148 (19⁸)
1681 4097 1965 4150 Philippopoli
1992 4098 2264 4151 Gothofredus
2395 4099 2475 4150 (20)
2504 4119 2559 4134 =
2590 4098 2663 4139 Th.
2697 4099 2760 4147 15,
2790 4105 2820 4147 1,
2851 4106 2895 4138 22

1565 4154 1637 4204 (21)
1667 4153 1717 4193 ad
1746 4154 1985 4204 Proculum]
2013 4155 2116 4195 have
2143 4153 2320 4195 Proculo
2348 4153 2389 4195 k.
2420 4154 2539 4194 nobis
2569 4154 2642 4194 Th.
2736 4153 2814 4202 (22)
2844 4165 2896 4192 110

1565 4210 1638 4251 Th.
1699 4210 1775 4261 (23)
1800 4213 1943 4250 contra
1961 4242 1968 4250 .
1989 4241 1997 4250 .
2017 4241 2025 4249 .
2044 4210 2189 4250 faciem
2206 4226 2276 4251 om.
2301 4211 2371 4250 Th.
2433 4213 2512 4262 (21)
2527 4229 2583 4245 =
2602 4209 2674 4250 Tlt.
2697 4210 2805 4259 15,1.
2828 4218 2893 4249 231

1567 4268 1684 4318 iunqe
1717 4268 1780 4313 10,
1815 4275 1870 4317 76,
1899 4276 1916 4308 1
2031 4269 2110 4316 (25)
2141 4269 2182 4307 et
2210 4278 2420 4306 murorum
2443 4295 2451 4304 .
2471 4295 2480 4305 .
2500 4295 2508 4305 .
2540 4265 2658 4312 extr]
2689 4263 2891 4303 instaura-

1565 4321 1719 4361 tionem
1750 4321 1823 4363 Th.
1909 4323 1988 4374 (26)
2017 4342 2073 4357 ==
2104 4322 2178 4363 Th.
2215 4325 2278 4372 15,
2306 4331 2332 4372 ι,
2365 4330 2408 4362 24
2493 4320 2565 4371 (27)
2596 4319 2696 4359 idem
2727 4319 2795 4360 B.-
2826 4319 2894 4360 de-

1563 4381 1674 4416 creta
1692 4377 1765 4418 ΤΙι.
1845 4379 1923 4428 (28)
1953 4380 2011 4420 sic
2029 4378 2118 4429 Th„
2143 4376 2376 4430 pervenerit
2394 4377 2490 4417 libri
2552 4375 2631 4426 (29)
2662 4395 2715 4409 =
2734 4375 2809 4417 Th.
2830 4379 2893 4427 15,

1567 4443 1596 4482 1,
1627 4442 1694 4473 30:
1736 4435 1853 4485 iunye
1885 4434 1957 4475 Th.
1996 4437 2030 4484 1,
2061 4443 2092 4485 1,
2122 4441 2154 4475 3.
2192 4435 2226 4484 1,
2258 4442 2316 4483 28,
2347 4441 2378 4472 4.
2410 4433 2448 4481 6,
2477 4438 2511 4481 ³,
2542 4439 2570 4471 1.
2602 4432 2641 4479 6,
2672 4440 2705 4479 4,
2737 4439 2793 4471 26.
2833 4434 2891 4482 12,

1567 4498 1595 4538 ι,
1624 4497 1818 4529 130—132.
1857 4491 1919 4540 14,
1950 4499 2003 4541 ιτ,
2035 4489 2101 4531 11?
2134 4491 2198 4540 15,
2227 4498 2258 4539 ι,
2289 4495 2346 4528 29.
2377 4495 2422 4528 30
2547 4487 2624 4536 (30)
2655 4487 2792 4526 meriti
2818 4486 2891 4527 Th.

1564 4544 1637 4593 (31)
1669 4564 1724 4579 =
1760 4544 1830 4584 Th.
1866 4548 1928 4594 15,
1959 4554 1989 4595 1,
2019 4553 2056 4587 31
2181 4546 2259 4594 (32)
2289 4544 2347 4583 sic
2378 4542 2466 4590 Th„
2495 4554 2661 4593 operum
2700 4544 2742 4590 C,
2773 4554 2892 4594 opere

1569 4600 1602 4638 Λ)
1727 4602 1803 4649 (33)
1844 4601 1877 4639 si
1908 4601 1977 4651 qui
2014 4600 2040 4641 i.
2071 4599 2251 4653 perfecto
2281 4597 2394 4650 operi
2433 4610 2550 4636 suum
2579 4598 2716 4650 potius
2745 4610 2892 4638 nomen

1564 4667 1685 4705 quam
1716 4658 1877 4695 nostrae
1906 4655 2178 4709 perennitatis
2207 4653 2445 4705 scripserint
2480 4654 2550 4696 Th.
