3086 4732
176 120 479 163 AUDIENTIA

174 258 263 302 tale
301 255 528 300 hominum
565 252 858 299 infortunium
894 251 1024 296 etiam
1060 265 1354 309 expensarum
1385 253 1517 299 detri-

175 315 323 358 mento
405 314 704 367 raegravetur.
782 307 838 354 1).
891 306 935 352 lc.
986 307 1078 353 Oct.
1126 308 1520 369 Constantinopoli

176 368 290 414 Lam
327 381 356 412 a
388 366 434 412 io
465 371 510 412 et
540 365 696 412 Oreste
722 379 788 411 vv.
818 377 880 409 cc.
912 377 1057 409 conss.
1319 367 1381 425 [a.
1415 363 1517 420 530]

232 421 263 470 2
334 419 403 466 1‘0
432 419 565 466 αὐτὸς
598 418 806 478 βασιλεὺς
838 416 1067 492 Ἰουλιαντᾷ
1103 419 1282 483 ἐπάρχῳ
1322 436 1518 479 πραιτω-

176 485 303 540 ρίων.
363 481 642 536 Θεσπίζομεν
668 474 842 534 μηδένα
877 477 976 520 τῶν
1004 475 1349 533 ευλαβεστάτων
1376 475 1519 536 κληρι-

175 538 271 581 κῶν
300 535 389 578 εἴτε
427 533 552 592 παρά
578 547 698 578 τινος
735 530 898 591 συγκλη
929 534 1022 576 ικοῦ
1052 534 1140 576 εἴτε
1169 533 1292 595 παρὰ
1318 535 1418 578 τῶν
1444 547 1519 576 κα-

142 639 145 642 ,
177 591 408 638 λουμένων
451 590 620 635 λαϊκῶν
666 602 787 632 τινος
836 550 974 632 εὐθὺς
1024 594 1098 632 καὶ
1151 593 1199 634 ἐκ
1247 587 1428 651 πρώτης
1470 589 1521 630 ἐν

179 646 370 692 αἰτιάσει
407 646 620 707 γίνεσθαι
663 641 787 700 παρὰ
824 648 917 687 τοῖς
960 645 1319 703 μακαριωτάτοις
1362 659 1520 701 πατρι-

177 703 329 761 άρχαις
365 698 616 757 διοικήσεως
652 697 859 754 ἑκάστης,
898 695 1009 743 ἀλλὰ
1047 704 1232 760 πρῶτον
1271 698 1386 746 κατὰ
1423 697 1522 743 τοὺς

179 758 318 821 ἱεροὺς
345 756 540 815 θεσμοὺς
566 753 689 812 παρὰ
717 756 784 810 τῷ
815 757 891 798 τ”ς
920 755 1091 800 πόλεως
1121 756 1368 813 ἑπισκόπῳ,
1404 751 1517 798 καθ’

178 814 234 872 ἣν
271 810 296 859 ὅ
331 811 529 874 κληρικὸς
565 809 729 870 διάγει·
770 813 810 855 εἰ
843 773 893 855 δὲ
920 809 1134 857 ὑπόπτως
1163 816 1250 868 ἔχει
1278 814 1388 874 πρὸς
1416 813 1520 854 ἐκεῖ·

178 889 271 926 νον,
302 869 425 930 παρὰ
451 869 624 935 τῷςτῆς
645 866 964 934 μητροπόλεως
988 869 1220 924 έπισκόπῳ
1235 872 1369 914 τοῦτο
1385 862 1521 940 πράτ-

178 942 294 972 τειν·
337 926 377 971 εἰ
417 922 468 968 δὲ
506 937 565 968 ως
608 925 720 967 εἰκος
763 921 892 967 οὐδὲ2
935 924 990 968 τὰ
1028 924 1130 969 κατ’
1172 929 1341 970 ἐκεῖνον
1386 920 1523 966 αυτὸν

178 980 654 1049 ἀρέσκοι,ντηνικαῦτα
691 995 728 1023 π
757 979 803 1023 ὸς
840 980 923 1035 τὴν
953 979 1088 1041 εὐαγῆ
1119 980 1310 1026 σύνοδον
1337 979 1420 1036 τὴν
1448 979 1524 1042 τῆς

175 1035 323 1100 χώρας
371 1054 399 1080 α
428 1052 496 1080 ειν
540 1052 678 1079 αυτον
762 1037 1027 1094 ικασόμενον
1040 1040 1068 1091 ³,
1124 1041 1268 1098 τριῶν
1314 1035 1407 1094 ἅμα
1455 1050 1520 1087 τῳ

175 1107 379 1155 μητροπο
408 1097 481 1152 ίτῃ
518 1091 806 1136 συνιόντων4
845 1093 1218 1152 θεοφιλεστάτων
1262 1090 1524 1139 ἐπισκόπων

176 1151 274 1195 τῶν
307 1147 422 1193 κατὰ
463 1147 547 1203 τὴν
587 1149 718 1200 τάξιν
757 1152 833 1205 τῆς
877 1157 1150 1209 χειροτονίας
1196 1146 1523 1209 πρωτευόντων

176 1209 250 1250 καὶ
287 1203 372 1260 τὴν
401 1202 530 1259 δίκην
559 1206 609 1247 ἐν
646 1203 772 1257 τάξει
810 1207 886 1261 τῆς
923 1204 1028 1261 ὅλης
1065 1205 1253 1250 συνόδου
1291 1203 1521 1255 κατεξετα·

179 1267 199 1308 1
275 1259 464 1316 ζόντων.
544 1264 635 1303 Καὶ
687 1262 728 1304 εἰ
769 1264 855 1319 μὲν
895 1263 1135 1322 στερχθείη
1180 1261 1236 1305 τὰ
1279 1261 1523 1319 κεκριμένα,

178 1322 203 1364 2
261 1315 544 1385 πραγμάτων
557 1314 863 1372 ἀπηλλάχθαι.
907 1321 965 1362 Εἰ
988 1318 1038 1363 δὲ
1053 1321 1232 1373 οἰηθείη
1247 1312 1524 1374 βεβλάφθαι,

175 1389 420 1430 τηνικαυτα
445 1372 764 1418 ἐπικαλεῖσθαι
785 1374 867 1418 τὸν
885 1374 1234 1435 μακαριώτατον
1249 1370 1525 1432 πατριάρχην

177 1432 253 1486 τῆς
292 1427 548 1485 διοικήσεως
583 1432 774 1485 ἐκείνης,
812 1436 887 1474 καὶ
923 1435 1017 1476 τοῖς
1055 1428 1166 1489 παρ’
1208 1427 1344 1472 αὐτοῦ
1383 1442 1524 1487 κρινο·

179 1490 324 1530 ιιένοις
352 1484 536 1531 πάντως
564 1488 617 1543 ἐμ
652 1490 784 1542 ε’νειν,
819 1485 986 1531 ὡσανεὶ
1014 1487 1168 1539 ἔτυχεν
1198 1485 1247 1536 ἐξ
1285 1482 1416 1542 ἀρχῆς
1453 1479 1525 1525 αὖ·

158 1548 202 1588 ’3
259 1541 335 1586 τὸς
362 1538 578 1603 ᾑρημένος
606 1504 830 1596 δῖκαστής.
889 1541 1021 1586 Κατὰ
1046 1541 1132 1601 γὰρ
1169 1540 1223 1596 δὴ
1251 1543 1349 1584 τῶν
1384 1534 1526 1582 τοιού-

177 1615 274 1644 των
301 1600 609 1643 ἐπισκοπικῶν
633 1595 910 1656 ἀποφάσεων
933 1597 1011 1640 οὐκ
1031 1598 1147 1640 εἶναι
1160 1596 1314 1669 χώραν
1332 1593 1526 1649 ἐκκλήτῳ

179 1659 204 1699 4
259 1658 353 1698 τοῖς
379 1652 468 1713 πρὸ
495 1649 626 1709 ἡμῶν
653 1654 1027 1709 νενομοθέτηται.
1089 1655 1170 1696 Τοῦ
1204 1654 1339 1695 αυτοῦ
1366 1651 1528 1694 τούτου

177 1709 509 1768 φυλαττομένου
555 1712 629 1751 καὶ
678 1709 805 1769 εἴπερ
844 1712 1086 1754 ἐπίσκοπος
1132 1705 1156 1751 ὁ
1194 1709 1421 1766 μεμφθεὶς
1461 1707 1526 1759 εἴη

177 1767 266 1810 εἴτε
303 1763 427 1824 παρά
460 1779 581 1808 τινος
618 1766 718 1808 τῶν
746 1763 1037 1822 καλουμένων
1065 1763 1236 1808 λαϊκῶν
1275 1765 1365 1808 εἴτε
1403 1762 1527 1822 παρά

176 1836 297 1866 τινος
337 1822 437 1865 τῶν
479 1819 854 1879 θεοφιλεστάτων
896 1820 1119 1881 κληρικῶν
1163 1823 1252 1863 εἴτε
1294 1825 1368 1863 καὶ
1413 1817 1524 1878 παρ’

177 1883 200 1922 5
261 1877 411 1937 ἑτέρου
438 1891 560 1921 τινος
586 1875 831 1936 θεοφιλοῦς
859 1876 1119 1923 ἐπισκόπου.
1185 1876 1241 1920 Τὸ
1277 1876 1360 1936 γὰρ
1390 1873 1528 1919 εὐθὺς

177 1933 252 1978 τὰς
277 1930 490 1978 αἰτιάσεις
502 1930 822 1978 ἀποτίθεσθαι
845 1933 967 1992 παρὰ
985 1938 1076 1978 τοῖς
1090 1929 1356 1994 ἁγιωτάτοις
1371 1948 1527 1992 πατρι-

177 1988 328 2051 άρχαις
365 1993 440 2033 καὶ
477 1989 580 2034 τοὺς
618 1990 910 2047 αἰτιωμένους
958 1991 1018 2035 εἰς
1067 1991 1226 2052 ἑτέραν
1265 1987 1530 2049 ἀπάγεσθαι

179 2046 330 2107 χώραν
364 2045 599 2091 παντελῶς
634 2043 993 2107 άπαγορεύομεν,
1019 2046 1152 2102 Οπλὴν
1181 2048 1221 2090 εἰ
1258 2045 1319 2104 μὴ
1349 2046 1434 2100 τὴν
1465 2047 1529 2088 αἱ·

176 2107 328 2147 τίασίν
355 2117 424 2146 τις
451 2106 526 2147 ἐπὶ
554 2099 702 2158 τούτῳ
734 2104 862 2158 θείη,
904 2100 970 2162 ἐφ’
1005 2102 1094 2159 ᾧτε
1131 2103 1531 2164 παραπεμφθῆναι

176 2158 260 2214 τὴν
277 2155 506 2204 ὑπόθεσιν
528 2160 608 2226 τῷ*
626 2161 702 2214 τῆς
730 2157 880 2220 χώρας
903 2158 1247 2218 θεοφιλεστάτῳ
1273 2156 1530 2214 ἐπισκόπῳ·

177 2217 422 2271 τηνικαῦτα
488 2214 544 2276 ὰρ
582 2213 712 2259 αδεια
751 2219 837 2272 μὲν
865 2217 995 2260 ἔσται
1029 2215 1115 2272 τὴν
1143 2218 1345 2260 αἰτίασιν
1374 2212 1530 2261 ἀποτί-

178 2272 358 2316 θεσθαι
401 2232 488 2315 καῖ
518 2270 646 2331 παρὰ
679 2276 774 2316 τοῖς
811 2271 1182 2331 θεοφιλεστάτοις
1222 2269 1529 2342 πατριάρχαις,

177 2324 419 2388 γράμματα
461 2325 512 2371 δὲ
551 2329 769 2387 γίνεσθαι
804 2327 915 2390 πρός
950 2346 1057 2373 τινα
1103 2331 1202 2372 τῶν
1236 2345 1352 2372 κατα
1386 2327 1532 2372 τόπον

180 2381 550 2442 θεοφιλεστάτων
577 2381 858 2438 ἐπισκόπων,
898 2381 1017 2428 ὥστε
1047 2382 1186 2429 αὐτὸν
1215 2382 1533 2453 ἀκροάσασθαι

181 2443 256 2496 τῆς
293 2438 556 2484 ὑποθέσεως
593 2438 709 2484 κατὰ
737 2439 820 2484 τὸν
848 2441 1112 2500 ἔμπροσθεν
1139 2437 1219 2498 ὑφ’
1252 2437 1384 2497 ἡμων
1422 2436 1531 2494 ὖπη·

181 2581 232 2633 (1)
263 2596 296 2622 c.
328 2589 373 2623 29
404 2588 515 2623 extat
541 2581 584 2623 in
619 2579 722 2622 Coll.
752 2588 791 2622 et
818 2590 984 2635 excepta
1012 2586 1032 2630 ξ
1066 2590 1106 2622 12
1136 2582 1178 2623 in
1208 2580 1374 2622 Nomoc.

183 2635 350 2680 Nomoc.
464 2637 519 2690 (5)
548 2634 781 2693 πεμφθείς
807 2635 973 2679 Nomoc.
1007 2652 1092 2679 cum
1127 2637 1261 2679 Consi.

1520 96 1590 156 45

1520 2580 1576 2630 (2)
1606 2575 1710 2620 οὔτε
1741 2579 1838 2621 libri

1376 2637 1432 2688 (6)
1463 2644 1497 2688 3,
1528 2645 1563 2688 2,
1595 2644 1616 2677 4

2847 102 2940 152 14

1603 258 1627 298 6
1658 256 1718 306 (1)
1782 250 2051 310 γορευμένον
2096 243 2281 304 τρόπον.
2355 241 2418 291 Οὖ
2459 244 2550 301 μὴν
2593 244 2738 303 τούτῳ
2788 249 2944 294 ἄδειαν

1602 311 1813 368 παρέχειν
1858 304 1951 347 τοῖς
1996 298 2336 357 εὖλαβεστάτοις
2382 298 2600 359 κληρικοῖς
2634 309 2832 349 κατιέναι
2870 310 2946 349 καὶ

1601 361 1792 423 ἀμετρίᾳ
1841 358 1940 403 τῶν
1989 355 2279 414 καλουμένων
2335 352 2629 415 σπορτούλων
2685 359 2784 403 τοὺς
2839 359 2945 407 ὑπο-

1600 417 1981 476 μιμνησκομένους
2018 416 2292 471 ἑπιτρίβειν,
2330 409 2491 457 ὁποῖον
2529 408 2586 466 δὴ
2622 428 2667 454 τι
2704 420 2828 474 μέχρι
2864 419 2947 460 νῦν

1603 479 1626 519 7
1694 468 2040 532 ἅμαρτάνεσθαι
2120 466 2429 525 εμαθήκαμεν.
2499 463 2598 523 Ἐφ’
2653 466 2822 524 ἑκάστῳ
2866 472 2946 530 γὰρ

1603 526 1839 589 προσώπῳ
1876 525 1975 569 τῶν
2013 540 2069 566 κα
2097 529 2302 580 ουμένων
2340 522 2390 567 οὗ
2432 526 2683 581 περαιτέρω
2722 526 2797 578 τῆς
2826 529 2950 580 ἕκτης

1602 587 1683 628 τοῦ
1721 588 1994 640 νομίσματος
2028 583 2185 637 μοίρας
2230 579 2346 622 κατὰ
2391 576 2624 638 πρόφασιν
2662 580 2951 637 σπορῑούλων

1603 638 1822 684 δίδοσθαι
1850 637 2164 696 συγχωροῦμεν
2193 639 2285 678 τοῖς
2312 634 2437 693 παρὰ
2465 636 2563 677 τῶν
2582 633 2952 691 θεοφιλεστάτων

1602 695 1898 755 πατριαρχῶν
1925 695 2000 736 καὶ
2029 690 2379 750 μητροπολιτῶν
2410 688 2727 745 στελλομένοις,
2767 687 2792 744 ἢ
2832 693 2953 735 εἴπεο

1603 755 1845 795 ἐπίσκοπος
1883 749 1949 804 εἴη
1985 743 2009 791 ὁ
2045 747 2272 804 μεμφθείς
2284 749 2314 799 ⁵,
2351 745 2451 805 ἄχρι
2479 745 2774 802 νομισμάτων
2803 746 2849 797 ἓξ
2878 750 2932 804 ἐφ

1602 804 1686 866 ὅσῃ
1716 803 1883 859 δήποτε
1912 802 2130 858 ποσότητι
2159 807 2233 846 καὶ
2262 800 2506 857 οἱᾳδήποτε
2531 803 2655 856 αἰτίᾳ
2677 805 2957 861 παρέχεσθαι

1605 868 1628 908 8
1685 860 1828 919 μόνον
1864 865 1940 904 καὶ
1980 858 2118 904 πλέον
2156 859 2317 902 τούτου
2350 856 2504 914 μηδέν.
2584 855 2752 900 Ταῦτοῦ
2799 855 2957 901 τούτου

1604 919 1874 977 κρατοῦντος
1912 921 1985 958 καὶ
2036 918 2113 959 ἐπὶ
2152 917 2249 958 τῶν
2283 912 2651 973 μητροπολιτῶν,
2695 910 2809 957 ὅταν
2844 912 2953 970 παρ’

1607 973 1756 1018 αὐτοῖς
1799 969 2047 1027 ἇποτεθείη
2091 986 2157 1015 τις
2202 971 2394 1014 αἰτίασις
2437 969 2553 1014 κατά
2591 985 2710 1014 τινος
2747 971 2845 1013 τῶν
2875 967 2955 1013 ὑπ’

1605 1028 1763 1074 αὐτοὺς
1793 1027 2056 1072 ἐπισκόπων
2086 1025 2112 1082 ἢ
2142 1029 2240 1071 τῶν
2267 1030 2345 1082 τῆς
2381 1029 2469 1070 ἐπα
2497 1032 2594 1080 χίας
2623 1029 2789 1081 ἐκείνης
2817 1024 2959 1085 κληρι-

1604 1089 1714 1131 κῶν.
1773 1086 1812 1128 εἰ
1839 1084 1923 1144 γὰρ
1954 1087 2030 1129 ἐπὶ
2058 1086 2156 1128 τῶν
2186 1082 2432 1129 πολιτικῶν
2490 1085 2603 1128 ικῶν
2643 1081 2870 1125 συστεῖλαι
2908 1081 2961 1124 τὸ

1605 1145 1702 1187 τῶν
1741 1139 2037 1202 σπορτούλων
2066 1145 2140 1183 καὶ
2179 1137 2522 1197 δαπανημάτων
2551 1143 2717 1199 μέτρον
2747 1137 2961 1182 ἐσπεύσα-

1604 1217 1689 1257 μεν
1733 1202 1807 1241 καὶ
1850 1199 1985 1242 τοῦτο
2028 1197 2284 1254 νομοθεσίᾳ
2327 1194 2614 1255 παραδοῦναι
2657 1192 2948 1251 συνείδομεν6

1607 1254 1758 1310 πολλῷ
1790 1253 1960 1311 μᾶλλον
1991 1256 2066 1298 ἐπὶ
2097 1255 2196 1297 τῶν
2226 1251 2606 1308 ἐκκλησιαστικῶν
2634 1255 2852 1309 μέμψεων
2880 1249 2964 1303 τὴν

1608 1319 1631 1358 9
1673 1316 1731 1365 (2)
1800 1315 2077 1370 συμμετρίαν
2123 1307 2437 1367 φυλάττεσθαι
2482 1308 2835 1365 νομοθετοῦμεν.
2907 1308 2964 1348 Εἰ

1606 1374 1763 1426 μέντοι
1816 1367 2231 1425 παραπεμφθείσης
2281 1367 2358 1420 τῆς
2409 1362 2676 1408 ὑποθέσεως
2718 1362 2843 1423 παρὰ
2885 1363 2964 1405 τοῦ

1611 1423 1964 1481 θεοφιλεστάτου
1994 1421 2269 1482 πατριάρχου
2299 1420 2326 1477 ἢ
2355 1440 2445 1465 τινι
2474 1423 2571 1464 τῶν
2592 1419 2964 1478 θεοφιλεστάτων

1608 1479 1958 1539 μητροπολιτῶν
1989 1477 2016 1534 ἢ
2044 1478 2163 1534 ἄλλῳ
2194 1481 2292 1522 τῶν
2307 1477 2680 1537 θεοφιλεστάτων
2702 1475 2966 1521 ἐπισκόπων

1611 1538 1816 1590 ἐνεχθείη
1847 1538 1994 1607 ψῆφος
2023 1540 2098 1578 καὶ
2125 1534 2188 1592 μὴ
2218 1537 2457 1596 στερχθείη
2499 1533 2623 1594 παρὰ
2652 1535 2853 1594 θατέρου
2890 1536 2963 1589 με’-

1612 1609 1709 1653 ρους
1749 1591 1955 1647 ἔκκλητος,
1992 1609 2043 1635 τε
2079 1596 2287 1651 γένηται,
2327 1592 2575 1646 τηνικαῦτα
2614 1593 2690 1636 ἐπὶ
2729 1589 2811 1633 τὸν
2846 1586 2965 1648 ἀρχι·

1610 1648 1819 1709 ερατικὸν
1857 1645 2034 1707 θρόνον
2072 1649 2297 1708 φέρεσθαι
2335 1647 2420 1703 τὴν
2459 1649 2615 1717 ἔφεσιν
2651 1643 2823 1689 κάκεῖσε
2852 1643 2967 1687 κατὰ

1614 1713 1662 1751 10
1695 1710 1755 1773 (3)
1788 1704 1839 1748 τὸ
1866 1710 1994 1765 μέχρι
2023 1707 2108 1748 νῦν
2137 1705 2331 1777 κρατοῦν
2367 1703 2675 1756 ἐξεταζεσνθαι.
2736 1703 2793 1744 Εἰ
2823 1699 2876 1744 δέ
2902 1716 2968 1743 τις

1610 1761 1843 1818 τολμησειε
1883 1760 2006 1822 παρὰ
2042 1763 2186 1804 ταῦτα
2213 1777 2259 1803 τι
2289 1761 2470 1818 πρᾶξαι,
2505 1757 2733 1802 άναδιόσει
2761 1761 2844 1813 μὲν
2873 1758 2967 1800 πᾶν

1610 1815 1720 1863 ὅσον
1750 1818 1902 1876 εἴληφε
1941 1819 2009 1872 τῷ
2040 1814 2413 1876 ὑπερπραχθέντι
2443 1813 2696 1867 διπλάσιον,
2732 1812 2966 1875 γενήσεται

1612 1874 1662 1919 δέ
1692 1879 1765 1918 καὶ
1795 1872 1883 1919 ὑπὸ
1914 1871 2282 1929 ἐκκλησιαστικὸν
2317 1875 2546 1930 ἐπιτίμιον
2576 1870 2700 1928 παρὰ
2737 1872 2817 1914 τοῦ
2856 1867 2969 1912 κατὰ

1611 1930 1773 1992 καιρὸν
1808 1930 1836 1974 οἱ
1867 1927 2061 1974 ιωτάτου
2103 1928 2378 1989 πατριάρχου
2416 1927 2443 1984 ἢ
2482 1930 2562 1972 τοῦ
2612 1924 2969 1985 θεοφιλεστάτου

1610 2004 1817 2049 μητροπο
1847 1993 1956 2040 ίτου,
1995 1989 2094 2030 τῶν
2131 1985 2514 2040 ἐκκλησιαστικῶν
2543 1982 2866 2041 ἐκβαλλόμενος
2895 1999 2973 2024 κα..

1617 2050 1662 2090 11
1699 2050 1759 2099 (4)
1795 2042 2017 2111 vahdywv.
2092 2043 2175 2086 Τὰς
2204 2041 2255 2086 δὲ
2283 2039 2510 2094 αἰτιάσεις,
2549 2043 2588 2084 εἰ
2617 2043 2703 2098 μὲν
2732 2042 2793 2084 εἰς
2822 2037 2970 2092 ἐκκλη-

1613 2101 1848 2156 σιαστικὴν
1886 2099 2008 2160 ορῴη
2048 2099 2100 2144 τὸ
2141 2101 2327 2160 πρᾶγμα
2365 2095 2659 2149 κατάστασιν,
2699 2098 2749 2149 ἐξ
2781 2093 2973 2155 ἀνάγκης

1613 2157 1738 2218 παρὰ
1784 2156 1936 2213 μόνοις
1983 2158 2200 2216 γίνεσθαι
2248 2159 2341 2199 τοῖς
2385 2153 2754 2213 θεοφιλεστάτοις
2798 2150 2972 2196 ἐπισκό-

1614 2229 1715 2260 ποις
1753 2210 1780 2269 ἢ
1817 2212 2166 2274 μητροπολίταις
2204 2208 2232 2267 ἢ
2269 2210 2394 2271 παρὰ
2432 2215 2530 2255 ταῖς
2561 2208 2740 2270 εὖαγέσι
2770 2205 2970 2253 συνόδοις

1613 2268 1642 2326 ἢ
1680 2274 1772 2314 τοῖς
1811 2267 2182 2328 θεοφιλεστάτοις
2220 2266 2518 2329 πατριάρχαις
2545 2265 2803 2324 κελεύομεν·
2849 2265 2889 2308 εἰ
2924 2263 2974 2307 δὲ

1615 2325 1825 2373 πολιτικὰ
1852 2325 1910 2370 τὰ
1938 2328 2037 2370 τῶν
2068 2324 2452 2384 ἀμφισβητήσεων
2481 2324 2561 2378 εἴη,
2601 2320 2786 2367 ἑκόντας
2813 2318 2973 2364 αὐτοὺς

1615 2381 1692 2427 τὰς
1711 2381 1923 2426 τοιαύτας
1939 2379 2140 2437 ζητήσεις
2163 2381 2288 2439 παρὰ
2311 2386 2404 2425 τοῖς
2419 2382 2664 2440 εἰρημένοις
2679 2375 2971 2436 θεοφιλεστά-

1615 2453 1710 2483 τοις
1747 2437 2011 2483 ἐπισκόποις
2045 2438 2319 2498 προτιθέναι
2359 2438 2685 2497 συγχωροῦμεν,
2725 2434 2894 2478 ἄκοντα
2923 2431 2972 2475 δὲ

1978 2579 2033 2630 (3)
2064 2574 2361 2633 δικαζόμενον
2395 2577 2497 2620 Con.
2654 2576 2707 2629 (4)
2738 2569 2961 2616 συνόντωι

239 2799 306 2851 29
336 2800 463 2848 Idem
491 2803 543 2848 A.
574 2800 762 2848 Iuliano
782 2817 869 2863 pp.
939 2802 1190 2856 Sancimus‚
1220 2806 1273 2847 ut
1299 2814 1428 2846 nemo
1458 2800 1533 2846 de-

181 2859 514 2907 votissimorum
549 2858 819 2904 clericorum
856 2860 950 2906 sive
990 2874 1019 2905 a
1049 2859 1212 2905 clerico
1242 2858 1335 2904 sive
1363 2872 1393 2902 a
1422 2871 1533 2916 quo-

213 2930 318 2962 uam
355 2914 577 2961 laicorum
616 2915 695 2974 qui
736 2915 949 2962 dicuntur
981 2916 1135 2962 statim
1164 2915 1220 2960 ab
1249 2914 1380 2959 initio
1411 2913 1536 2973 apud

182 2932 463 3019 beatissimos
497 2971 783 3037 sinqularum
818 2971 1087 3019 dioecesium
1120 2969 1422 3032 patriarchas
1460 2983 1534 3015 ac-

183 3033 378 3084 cusetur,
404 3027 486 3074 sed
503 3042 707 3094 primum
735 3028 982 3074 secundum
1009 3042 1169 3074 sacros
1190 3040 1390 3073 canones
1412 3025 1538 3086 apud

184 3086 444 3146 episcopum
487 3084 706 3139 civitatis,
750 3085 799 3129 in
872 3099 934 3130 ua
975 3085 1165 3131 clericus
1206 3090 1538 3129 commoratur:

184 3155 316 3201 quem
365 3140 407 3186 si
457 3145 714 3200 suspectum
767 3140 828 3185 ha
858 3145 923 3195 et,
972 3141 1099 3200 apud
1138 3139 1537 3199 metropolitanum

186 3198 446 3257 episcopum
481 3195 568 3241 hoc
592 3196 768 3254 faciat:
802 3196 875 3241 sin
904 3202 1076 3250 autm,
1111 3201 1166 3240 ut
1183 3197 1258 3261 fit,
1288 3210 1345 3240 ne
1372 3195 1422 3239 in
1451 3194 1538 3240 hoc

187 3253 366 3312 quidem
402 3251 675 3310 adquiescit,
716 3255 810 3296 tum
844 3251 907 3296 ad
941 3266 1121 3297 sacrum
1151 3265 1247 3297 eius
1266 3251 1539 3310 provinciae

189 3308 427 3355 concilium
463 3321 590 3352 reum
626 3306 918 3352 iudicandum
948 3307 1116 3362 trahat,
1155 3311 1210 3352 ut
1237 3311 1328 3352 tres
1355 3306 1538 3365 reliqio-

186 3364 352 3411 sissimi
385 3363 612 3423 episcopi,
651 3363 731 3421 qui
757 3363 1000 3409 secundum
1034 3368 1208 3422 tempus
1236 3362 1539 3407 ordinationis

182 3424 448 3483 praestant,
487 3433 588 3464 cum
624 3419 917 3478 metropolita
955 3419 1225 3464 conveniant
1259 3422 1307 3463 et
1343 3417 1463 3462 litem
1491 3419 1540 3462 in

193 3483 210 3522 1
262 3477 407 3538 pleno
445 3475 612 3535 synodi
639 3489 852 3520 comessa
887 3474 1143 3520 diiudicent.
1202 3474 1269 3519 Ac
1295 3473 1337 3518 si
1364 3478 1539 3518 senten-

189 3538 214 3578 2
275 3533 340 3579 tia
359 3531 606 3593 placuerit,
645 3546 674 3576 a
702 3532 887 3590 neqotio
926 3531 1199 3576 discedatur.
1259 3527 1342 3574 Sin
1372 3528 1539 3574 laesum

188 3605 236 3636 se
273 3603 369 3635 esse
395 3593 555 3648 putat,
601 3592 693 3633 tum
731 3587 1033 3633 beatissimum
1061 3587 1186 3632 illius
1213 3585 1432 3631 dioecesis
1449 3599 1539 3644 pa-

190 3644 440 3692 triarcham
481 3644 702 3703 appellet,
743 3644 871 3689 cuius
903 3643 1126 3690 sententia
1162 3642 1343 3688 omnino
1382 3645 1539 3695 stetur,

183 3700 379 3761 perinde
435 3704 571 3758 atque
624 3700 666 3744 si
721 3699 776 3744 ab
828 3701 959 3746 initio
1013 3698 1228 3744 iudicium
1278 3697 1538 3756 susceperit.

193 3762 217 3802 3
280 3755 449 3802 Contra
487 3755 600 3801 tales
636 3755 754 3800 enim
783 3756 1064 3815 episcopales
1100 3754 1348 3800 sententias
1368 3766 1540 3813 provo-

193 3813 415 3858 cationem
471 3811 617 3857 locum
673 3825 767 3856 non
821 3812 986 3857 habere
1042 3826 1072 3855 a
1110 3808 1543 3870 praedecessoribus

193 3874 220 3914 4
275 3867 446 3914 nostris
484 3867 774 3912 constitutum
812 3872 890 3913 est.
951 3866 1077 3913 Idem
1106 3867 1258 3912 valeat
1283 3871 1330 3912 et
1355 3865 1397 3910 si
1424 3865 1540 3924 epis-

193 3939 246 3972 co
280 3937 335 3970 us
377 3927 618 3968 accusatur
653 3924 747 3968 sive
785 3938 815 3968 a
853 3923 982 3969 laicis
1016 3923 1096 3981 qui
1124 3922 1336 3967 dicuntur
1363 3922 1455 3966 sive
1484 3921 1539 3965 ab

240 3995 348 4040 aquo
401 3979 486 4025 reli
526 3979 842 4024 ‘osissimorum
894 3979 1160 4024 clericorum
1211 3979 1304 4024 sive
1346 3978 1401 4022 ab
1447 3977 1539 4021 alio

196 4043 219 4083 5
277 4049 462 4082 reveren
495 4049 521 4080 0
551 4035 701 4094 episco
738 4049 778 4080 o.
847 4034 1058 4081 Vetamus
1097 4035 1214 4079 enim
1255 4035 1436 4079 omnino
1468 4045 1541 4077 ac-

195 4093 451 4138 cusationes
507 4090 632 4151 apud
716 4090 967 4136 eatissimos
1021 4089 1320 4150 patriarchas
1375 4089 1430 4134 de
1466 4089 1543 4133 oni

195 4153 520 4206 accusatosque
547 4147 597 4192 in
626 4147 762 4191 aliam
781 4147 1071 4205 provinciam
1094 4146 1270 4200 abduci,
1299 4146 1388 4190 nisi
1444 4150 1542 4190 orte

195 4206 296 4251 ideo
328 4204 558 4250 accusatio
589 4203 868 4262 deponatur,
909 4208 962 4248 ut
998 4216 1138 4247 causa
1167 4202 1229 4246 ad
1255 4201 1541 4260 reliqiosissi-

196 4275 316 4306 mum
354 4261 444 4305 loci
481 4260 742 4318 episcopum
783 4259 1117 4317 transferatur:
1155 4262 1262 4302 tunc
1296 4258 1411 4302 enim
1440 4257 1542 4302 lice-

197 4318 263 4363 bit
290 4316 622 4362 accusationem
651 4320 696 4360 et
720 4314 846 4374 apud
867 4314 1232 4373 reliqiosissimos
1244 4312 1544 4373 patriarchas

197 4373 377 4432 deponi,
421 4373 596 4417 litteras
638 4385 744 4418 vero
789 4371 999 4429 componi
1042 4369 1103 4415 ad
1130 4370 1324 4428 aliquem
1362 4369 1544 4427 reliqio-

198 4430 475 4474 sissimorum
518 4428 607 4473 loci
647 4428 985 4487 episcoporum,
1022 4430 1076 4472 ut
1109 4426 1151 4470 is
1179 4439 1364 4471 causam
1390 4438 1543 4470 secun·

201 4489 226 4528 6
283 4485 388 4530 dum
410 4483 591 4529 modum
614 4489 750 4530 antea
775 4497 804 4528 a
828 4482 959 4528 nobis
982 4482 1214 4540 definitum
1235 4481 1404 4527 audiat.
1450 4481 1545 4525 Nec

203 4545 348 4585 tamen
387 4541 428 4586 ei
457 4539 667 4606 permitti
703 4539 766 4584 ad
802 4538 1110 4584 devotissimos
1148 4538 1336 4583 clericos
1363 4551 1410 4583 se
1439 4550 1545 4581 con-

200 4597 327 4654 ferre
365 4601 411 4642 et
449 4597 697 4642 immodicis
733 4594 954 4655 sportulis
992 4608 1110 4653 quae
1141 4594 1352 4640 dicuntur
1382 4593 1546 4638 citatos

1617 2799 1859 2858 adfliqere‚
1910 2799 2285 2858 quemadmodum
2338 2798 2549 2843 nimirum
2601 2797 2751 2842 adhuc
2784 2797 2975 2856 peccari

1618 2860 1641 2900 7
1703 2857 2009 2915 coqnovimus.
2076 2855 2175 2901 Pro
2213 2855 2409 2914 sinqulis
2446 2855 2563 2900 enim
2593 2855 2837 2899 citatorum
2863 2867 2974 2912 per-

1617 2912 1744 2957 sonis
1783 2926 1877 2957 non
1904 2926 2048 2972 supra
2085 2916 2266 2958 sextam
2293 2911 2430 2957 solidi
2449 2914 2634 2971 partem
2662 2910 2975 3011 sportularum

1618 2969 1800 3014 nomine
1827 2969 1977 3014 missis
2006 2984 2036 3014 a
2073 2968 2430 3035 reliqiosissimis
2462 2968 2676 3026 patriar-c
2708 2967 2750 3011 is
2796 2971 2842 3012 et
2886 2980 2974 3011 me-

1621 3025 1853 3084 tropolitis
1889 3026 1994 3071 dari
2021 3027 2345 3085 permittimus,
2385 3024 2468 3077 vel,
2507 3023 2548 3067 si
2575 3023 2815 3082 episcopus
2844 3036 2975 3066 accu-

1618 3086 1747 3127 satus
1785 3086 1865 3135 est,
1905 3096 1960 3126 us
1992 3097 2048 3127 ue
2088 3081 2152 3126 ad
2185 3095 2322 3126 senos
2358 3079 2533 3124 solidos
2561 3089 2658 3138 p'ro
2693 3091 2975 3136 quacumque

1620 3138 1874 3196 quantitate
1912 3152 1964 3183 ve
2018 3138 2335 3195 qualicumque
2382 3149 2522 3180 causa
2553 3135 2791 3193 praestari
2830 3148 2975 3191 neque

1621 3198 1646 3238 8
1704 3193 1816 3251 quid
1853 3194 2059 3253 amplius.
2130 3192 2257 3236 Idem
2297 3191 2462 3237 valebit
2497 3192 2545 3234 in
2589 3189 2904 3249 metropolitis,
2934 3191 2976 3234 si

1621 3264 1713 3308 qua
1751 3249 1878 3308 apud
1912 3263 1990 3294 eos
2030 3249 2261 3293 accusatio
2301 3247 2519 3292 adversus
2561 3247 2755 3304 aliquem
2802 3247 2974 3306 episco-

1610 3319 1784 3366 porum
1855 3306 1904 3349 ui
1940 3305 2021 3348 sub
2060 3305 2125 3350 eis
2161 3309 2270 3348 sunt
2305 3303 2377 3349 vel
2402 3303 2528 3348 illius
2588 3303 2818 3349 rovinciae
2846 3303 2973 3347 cleri-

1622 3375 1778 3406 corum
1846 3367 2098 3421 eponatur:
2134 3374 2241 3405 nam
2274 3361 2316 3404 si
2356 3360 2404 3404 in
2434 3318 2637 3405 civilibus
2666 3359 2816 3404 causis
2842 3373 2975 3419 spor-

1625 3417 1820 3462 tularum
1848 3431 1946 3461 sum
1983 3422 2193 3475 tuumque
2220 3416 2404 3461 modum
2429 3415 2699 3461 contrahere
2735 3415 2973 3474 festinavi-

1622 3487 1722 3518 mus
1760 3473 1897 3538 idque
1957 3487 2038 3572 equ
2081 3472 2458 3538 comprehendere
2504 3472 2783 3526 curavimus,
2832 3471 2971 3516 multe

1622 3529 1768 3587 maqis
1805 3542 1854 3572 in
1898 3542 1974 3574 ecc
1992 3529 2213 3575 esiasticzs
2251 3529 2615 3574 accusationibus
2651 3528 2832 3572 modum
2879 3541 2963 3572 ser-

1624 3590 1648 3629 9
1706 3584 1806 3631 vari
1843 3585 2081 3630 sancimus.
2148 3584 2283 3640 Quod
2319 3585 2360 3630 si
2398 3599 2537 3629 causa
2573 3599 2603 3629 a
2631 3585 2972 3643 reliqiosissimo

1620 3639 1890 3701 patriarcha
1930 3641 1993 3686 ad
2030 3642 2227 3700 aliquem
2269 3641 2715 3706 religiosissimorum
2747 3646 2972 3699 metropo-

1624 3699 1807 3743 litarum
1859 3697 1929 3742 vel
1975 3697 2113 3742 alium
2165 3698 2609 3756 reliqiosissimorum
2657 3697 2972 3755 episcoporum

1623 3754 1774 3799 delata
1803 3754 2023 3799 sententia
2050 3755 2248 3812 feratur,
2279 3768 2373 3798 una
2402 3757 2551 3798 autem
2571 3767 2693 3811 pars
2720 3753 2768 3796 in
2798 3766 2851 3796 ea
2880 3766 2973 3796 non

1624 3810 1910 3868 adquiescat,
1953 3810 2035 3854 sed
2074 3810 2322 3869 appellatio
2368 3809 2711 3874 interponatur,
2765 3813 2857 3852 tum
2912 3808 2973 3851 ad

1625 3865 1777 3911 archie
1811 3865 2054 3931 iscopalem
2091 3866 2240 3910 sedem
2283 3865 2533 3924 appellatio
2564 3864 2796 3923 diriqatur
2823 3863 2972 3920 ibique

1623 3935 1778 3967 secun(
1792 3935 1865 3965 um
1904 3922 1954 3966 id
1996 3923 2120 3979 quod
2170 3921 2400 3978 hucusque
2443 3920 2637 3965 obtinuit
2688 3919 2970 3963 diiudicetur.

1629 3983 1679 4022 10
1739 3977 1790 4021 Si
1825 3977 1928 4035 quis
1967 3978 2184 4023 adversus
2223 3977 2334 4022 haec
2372 3977 2483 4034 quid
2515 3977 2676 4034 facere
2704 3989 2843 4019 ausus
2871 3975 2970 4026 erit,

1627 4034 1764 4078 totius
1801 4046 1998 4079 summae
2036 4048 2171 4091 quam
2200 4033 2375 4091 accepit
2402 4032 2588 4090 duplum
2621 4032 2663 4076 ei
2691 4046 2720 4075 a
2750 4045 2839 4089 quo
2859 4031 2971 4095 plus

1625 4089 1782 4147 exeqit
1821 4089 1986 4135 reddat
2036 4094 2082 4134 et
2131 4089 2459 4134 ecclesiasticae
2500 4102 2682 4146 poenae
2724 4087 2971 4131 subiciatur

1627 4160 1656 4190 a
1692 4145 1974 4190 sanctissimo
2002 4159 2097 4204 pro
2139 4150 2338 4203 tempore
2367 4143 2641 4203 patriarcha
2679 4143 2749 4188 vel
2789 4142 2970 4199 reliqio-

1625 4201 1800 4246 sissimo
1839 4201 2130 4260 metropolita
2170 4215 2195 4246 e
2233 4200 2500 4245 clericorum
2531 4213 2715 4244 numero
2745 4211 2970 4242 removen-

1630 4262 1676 4301 11
1739 4256 1833 4301 dus.
1891 4257 2213 4304 Accusationes
2242 4260 2404 4310 autem,
2445 4257 2486 4300 si
2513 4270 2587 4300 res
2616 4255 2678 4299 ad
2705 4253 2970 4298 ecclesiasti-

1628 4327 1727 4358 cum
1763 4317 1928 4358 statum
1949 4314 2165 4372 pertinet,
2201 4313 2454 4357 necessario
2485 4311 2610 4370 apud
2636 4310 2761 4354 solos
2788 4309 2970 4368 reliqio—

1626 4369 1829 4414 sissimos
1856 4370 2095 4428 episcopos
2124 4368 2194 4413 vel
2213 4369 2527 4427 metropolitas
2551 4367 2619 4412 vel
2640 4365 2767 4423 apud
2787 4370 2971 4410 sanctas

1626 4423 1829 4483 synodos
1869 4425 1939 4471 vel
1972 4424 2336 4483 reliqiosissimos
2366 4422 2661 4489 patriarchas
2704 4422 2808 4477 fieri
2849 4421 2969 4466 iube—

1627 4494 1752 4525 mus:
1789 4481 1832 4526 si
1866 4495 1972 4527 vero
2010 4481 2154 4526 civilis
2191 4484 2418 4525 contentio
2457 4483 2538 4531 est,
2576 4477 2826 4522 volentibus
2859 4478 2970 4521 tales

1629 4537 1915 4595 quaestiones
1967 4537 2092 4596 apud
2133 4536 2280 4580 dictos
2327 4534 2710 4592 reliqiosissimos-
2734 4534 2970 4592 episcopos

1621 4606 1886 4652 proponere
1907 4592 2226 4652 permittimus,
2269 4592 2453 4636 invitum
2499 4604 2590 4634 non
2625 4591 2839 4649 commus,
2871 4604 2967 4633 cum
