3054 4796
150 216 244 267 VII
281 216 360 265 33.
398 214 463 262 34

667 357 911 406 ΧΧΧΙΙΙ.ι

142 446 217 487 DE
247 439 726 484 PRAESCRIPTIONE
755 438 931 480 LONGI
961 432 1239 477 TEMPORIS
1272 429 1470 471 DECEM

461 496 574 536 VEL
603 493 827 538 VIGINTI
855 488 1144 534 ANNORUM.

200 580 222 627 1
261 578 403 636 Impp.
445 575 635 619 Severus
672 577 717 618 et
743 573 996 617 Antoninus
1023 570 1126 633 AA.·
1147 566 1329 613 Iuliano
1361 567 1470 624 pp.²

137 643 245 687 Cum
312 641 380 683 ost
417 637 578 678 motam
607 634 651 675 et
680 632 924 672 omissam²¹
957 629 1259 690 quaestionem
1298 636 1368 666 res
1404 625 1462 688 ad

138 710 250 742 nova
279 654 471 738 gominia
498 689 614 732 bona
643 685 737 737 ,fide
748 686 778 710 ²·
808 682 1068 726 transierint
1104 684 1149 722 et
1177 678 1334 722 exinde
1362 692 1463 723 novi

140 745 289 802 viginti
326 744 427 787 anni
464 738 793 784 intercesserint
830 737 924 780 sine
958 734 1332 791 interpellatione,
1380 746 1470 776 non

142 806 210 847 est
250 797 529 855 inquietanda
564 806 677 851 quae
713 805 832 838 nunc
867 790 1067 857 possidet
1104 803 1309 846 persona,
1332 802 1470 856 ’quae

142 858 257 902 sicut
293 853 543 898 accessione
570 849 731 906 prioris
762 848 927 893 domini
953 860 1045 891 non
1073 847 1233 901 utitur,
1269 846 1374 903 qu1³
1403 850 1471 889 est

139 912 427 970 inquietatus,
470 908 534 950 ita
570 919 653 951 nec
690 903 967 968 impedienda
1004 906 1092 955 est,
1135 902 1253 960 quod
1283 902 1322 968 ei
1350 906 1470 967 mota

147 974 160 1011 1
222 963 516 1010 controversia
544 962 616 1007 sit.
666 960 795 1017 Quod
823 960 861 1005 si
888 972 1012 1016 prior
1037 971 1270 1015 possessor
1298 970 1468 1012 inquie-

138 1027 256 1067 tatus
295 1026 380 1069 est,
421 1018 502 1063 etsi
540 1022 698 1074 postea
732 1029 813 1073 per
848 1016 1028 1071 longum
1059 1020 1234 1071 tempus
1264 1014 1359 1057 sine
1389 1013 1468 1056 ali-

140 1091 226 1135 qua
262 1074 616 1131 interpellatione
656 1073 703 1117 in
739 1072 1020 1128 possessione
1058 1071 1281 1119 remansit,
1322 1073 1470 1113 tamen

140 1138 163 1178 2
207 1146 296 1178 non
316 1136 462 1188 potest
483 1130 549 1174 uti
571 1128 915 1185 longitemporis
932 1126 1295 1227 praescrisstione.
1342 1125 1470 1180 Quod

139 1190 270 1235 etiam
305 1188 351 1232 in
386 1199 435 1231 re
469 1185 648 1242 publica
682 1185 848 1230 servari
878 1188 1066 1240 oportet.
1173 1218 1180 1227 .
1213 1194 1282 1228 111
1309 1187 1352 1226 et
1379 1182 1470 1225 An-

142 1246 293 1290 tonino
323 1244 413 1288 AA.
446 1242 611 1286 conss.⁴

196 1298 227 1346 2
258 1299 401 1357 Impp.
433 1297 744 1342 Diocletianus
773 1301 818 1340 et
839 1294 1152 1339 Maximianus
1177 1295 1269 1338 AA.
1327 1292 1473 1347 Longi

139 1355 344 1421 temporis
388 1353 677 1419 praescriptio
719 1351 812 1406 his,
858 1351 933 1407 qui
961 1350 1094 1417 'bona
1136 1348 1227 1393 fide
1270 1352 1471 1415 coeptam

138 1408 1470 1519 ἒὲἔῧῗὲἛξῗθέἒέτῖἓῖῗῑὲἓίθὲῗαιξῖῖέῗᾶἳῗᾞιῗξωῖ.

137 1523 242 1568 Dec.
272 1521 478 1567 Maximo
509 1532 557 1565 11
582 1527 627 1566 et
652 1519 866 1578 Aquilino
898 1531 1041 1583 conss.
1283 1521 1340 1570 [a.
1373 1518 1471 1569 286]

194 1573 223 1626 3
255 1576 380 1622 Idem
403 1578 496 1622 AA.
527 1581 572 1621 et
594 1574 673 1621 00.
691 1575 903 1620 Antonio.
964 1573 1011 1617 Si
1039 1574 1206 1626 vineae,
1238 1585 1348 1629 quas
1377 1584 1471 1616 ma-

136 1637 206 1679 ter
232 1638 311 1678 tua
339 1633 492 1678 vitrico
521 1636 598 1676 tuo
627 1632 675 1676 in
703 1631 850 1676 dotem
881 1629 1013 1684 dedit,
1052 1633 1156 1674 tuae
1185 1628 1472 1686 proprietatis

137 1695 240 1734 sunt
268 1702 350 1734 nec
378 1690 470 1733 ulla
498 1687 786 1744 praescriptio
814 1699 867 1730 ex
893 1687 1110 1731 transacti
1132 1686 1472 1750 temporis-pro·

136 1746 306 1845 liintate
335 1745 544 1798 adolevit,
582 1756 759 1800 praeses
798 1743 1052 1800 provinciae
1087 1742 1260 1787 restitui
1285 1742 1472 1850 [ῐίὺιὶξῖῗ

139 1814 162 1846 e
182 1802 313 1846 ficiet.
1301 1811 1341 1841 a.
1374 1805 1384 1816 ·

195 1855 227 1903 4
267 1853 391 1901 Idem
429 1856 520 1900 AA.
565 1860 609 1899 et
650 1853 726 1900 00.
767 1854 948 1899 Hermo.
1021 1853 1207 1898 Diutina
1250 1853 1472 1910 possessio

139 1913 236 1958 iure
277 1917 449 1956 tantum
491 1911 784 1955 successionis
829 1911 924 1954 sine
965 1910 1083 1954 iusto
1122 1909 1250 1953 titulo
1292 1909 1474 1953 obtenta

140 1966 349 2025 prodesse
391 1967 449 2011 ad
491 1966 881 2023 praescriptionem
919 1966 1004 2009 hac
1044 1965 1139 2010 sola
1177 1965 1349 2009 ratione
1384 1977 1474 2008 non

140 2026 299 2080 potest.
357 2021 475 2067 PP.⁸
504 2034 595 2066 1111
619 2022 678 2065 id.
709 2021 853 2081 April.
885 2023 976 2067 AA.
1009 2035 1151 2065 conss.
1285 2025 1342 2073 [a.
1374 2023 1472 2073 293]

195 2078 226 2125 5
260 2077 384 2123 Idem
407 2078 498 2122 AA.
529 2083 574 2122 et
601 2077 677 2122 CC.
710 2077 959 2122 Sotericlzo.
1017 2077 1112 2121 Nec
1139 2080 1362 2133 petentem
1393 2075 1470 2120 do-

140 2134 319 2183 minium
349 2134 405 2178 ab
437 2146 502 2187 eo,
535 2133 605 2177 cui
634 2134 826 2189 petentis
856 2134 976 2177 solus
1007 2146 1131 2177 error
1161 2145 1340 2176 causam
1369 2144 1472 2187 pos-

140 2189 347 2236 sessionis
391 2189 486 2234 sine
530 2201 629 2232 vero
673 2188 803 2232 titulo
847 2189 1090 2244 praestitit,
1145 2188 1308 2233 silentii
1355 2189 1428 2232 lon
1461 2188 1472 2198 ‘

137 2245 486 2345 ⁴praescriptione
534 2244 693 2300 depelli
755 2244 864 2288 iuris
916 2244 1226 2288 evidentissimi
1268 2246 1349 2288 est.
1425 2202 1474 2287 ξι

175 2300 303 2343 irmi⁶
334 2312 393 2343 XI
417 2299 459 2343 lc.
490 2298 600 2343 Mai.
629 2301 722 2344 AA.
753 2313 896 2343 conss.
1285 2303 1342 2352 [a.
1374 2301 1471 2351 293]

193 2352 224 2401 6
254 2354 373 2398 Pars
400 2354 618 2418 epistulae
647 2353 904 2398 Diocletani
931 2358 976 2398 et
1002 2353 1279 2399 Maximiani
1306 2355 1399 2398 AA.
1429 2358 1474 2398 et

138 2407 215 2454 00.
247 2410 309 2452 ad
337 2408 593 2452 Primosum
622 2409 879 2465 praesidem
910 2408 1085 2466 Syriae.
1155 2409 1203 2453 Si
1239 2409 1398 2453 fraude
1428 2411 1474 2453 et

134 2464 259 2519 dolo,
300 2464 403 2508 licet
440 2465 556 2507 inter
593 2465 780 2508 maiores
819 2465 968 2517 annis,
1009 2463 1131 2509 facta
1159 2465 1349 2509 venditio
1389 2470 1470 2518 est,

133 2520 249 2565 hanc
279 2520 540 2564 confirmare
568 2532 656 2563 non
681 2519 827 2575 potuit
851 2532 984 2564 conse
1016 2532 1125 2564 uens
1150 2525 1338 2577 tempus,
1370 2534 1471 2565 cum

132 2576 252 2632 longi
290 2575 497 2631 temporis
536 2576 825 2631 praescriptio
853 2576 900 2619 in
929 2588 1000 2619 ma
1019 2589 1070 2620 ae
1099 2576 1202 2620 fidei
1232 2577 1469 2621 contracti-

131 2632 216 2677 bus
246 2632 392 2676 locum
421 2644 510 2676 non
540 2631 716 2675 habeat.
775 2632 892 2676 Acce
929 2639 985 2676 ta.
1282 2638 1338 2686 [a.
1372 2637 1468 2686 293]

190 2685 218 2734 7
268 2686 391 2731 Idem
433 2690 524 2731 AA.
568 2694 613 2731 et
645 2686 731 2751 00.
779 2688 868 2731 Ant
901 2702 991 2732 eae.
1074 2688 1216 2745 Longi
1259 2690 1469 2745 temporis

133 2743 328 2809 praescri
362 2743 508 2787 tione⁷
535 2746 715 2786 munitis
738 2742 1133 2787 instrumentorum
1159 2745 1336 2789 amissio
1360 2745 1470 2788 nihil

134 2799 243 2843 iuris
269 2811 326 2842 au
348 2803 415 2842 ert
438 2810 519 2842 nec
544 2798 833 2842 diuturnitate
854 2800 1145 2854 possessionis
1168 2804 1371 2856 partam⁸
1401 2813 1468 2844 se-

136 2855 370 2898 curitatem
419 2853 679 2898 maleficium
730 2854 912 2899 alterius
955 2855 1138 2899 turbare
1180 2861 1340 2911 potest.
1414 2855 1467 2900 D.

131 2910 253 2969 prid.
283 2909 326 2953 lc.
360 2908 458 2953 Ian.
490 2911 583 2954 AA.
613 2922 757 2954 conss.
1283 2917 1338 2964 [a.
1372 2915 1469 2964 293]

192 2962 222 3013 8
267 2963 389 3009 Idem
434 2966 525 3009 AA.
572 2971 617 3009 et
659 2964 737 3011 00.
783 2964 922 3011 Celso.
988 2965 1037 3010 Si
1074 2966 1112 3010 is
1153 2972 1310 3011 contra
1371 2980 1470 3011 uem

134 3020 358 3079 supplicas
387 3021 537 3064 matris
566 3026 670 3065 tuae
699 3021 920 3087 quondam
949 3023 1170 3079 mancipia
1199 3023 1326 3079 quasi
1406 3024 1469 3068 ’us

134 3089 188 3121 ex
219 3089 354 3121 causa
383 3081 553 3121 tantum
581 3077 831 3133 adoptionis
862 3078 1081 3130 defendit,
1111 3078 1303 3123 adfectio
1335 3079 1468 3124 desti-

133 3138 263 3177 natae
313 3133 494 3176 illicitae
543 3133 793 3189 adoptionis
844 3134 902 3178 ad
944 3134 1103 3178 horum
1147 3135 1386 3180 dominium
1431 3136 1470 3180 ei

139 3192 154 3232 1
216 3188 511 3244 quaerendum
547 3190 642 3233 sola
678 3202 767 3234 non
796 3190 976 3234 sufficit.
1037 3190 1317 3248 Quapropter
1345 3205 1468 3235 man-

135 3244 250 3299 cipia
277 3250 425 3300 petere
454 3258 541 3289 non
569 3245 817 3300 prohiberis
857 3246 1023 3290 nullam
1062 3247 1220 3291 timens
1257 3248 1468 3305 temporis

135 3300 546 3355 praescriptionem,
587 3301 624 3344 si
662 3301 749 3344 hoc
777 3306 950 3345 tantum
978 3302 1104 3347 initio
1135 3304 1403 3359 procedente
1431 3304 1468 3348 is

136 3360 305 3453 gontrat
335 3368 461 3410 quem
501 3357 725 3413 supplicas
767 3357 925 3402 horum
968 3359 1291 3415 possessionem
1333 3360 1468 3416 adep-

156 3423 209 3454 us
238 3422 284 3454 es
308 3444 317 3453 .
1326 3450 1336 3461 .
1369 3420 1449 3459 294

153 3521 161 3531 Ι
192 3462 223 3513 9
264 3464 387 3509 Idem
421 3466 513 3510 AA.
552 3471 596 3511 et
634 3466 711 3513 00.
748 3468 1048 3515 Demostheni.
1116 3420 1324 3538 Empto[ra
1348 3419 1469 3516 bonel.

135 3520 221 3586 fide
251 3525 404 3565 contra
426 3526 700 3577 praesentem
726 3525 925 3569 decennii
946 3528 1310 3584 praescriptione,
1343 3528 1467 3573 cuius

134 3577 259 3621 initio
277 3578 638 3621 contestationem
655 3579 807 3623 haberi
826 3581 1003 3635 sufficit,
1028 3589 1317 3640 posteaquam
1340 3596 1468 3628 suam

133 3632 379 3688 impleverit
413 3634 699 3678 intentionem
737 3636 921 3690 petitor,
965 3639 1164 3683 adhibita
1206 3641 1467 3696 probatione

132 3687 276 3787 {gtsme
318 3689 613 3744 possessionis
658 3690 893 3736 defensus⁹
935 3694 1105 3740 absolvi
1147 3700 1269 3740 recte
1313 3703 1466 3753 postu-

201 3778 210 3787 ·
1296 3766 1336 3796 a.
1369 3756 1449 3797 294

192 3797 255 3847 10
291 3798 451 3845 ¹⁰Idem
488 3801 580 3844 AA.
620 3806 665 3846 et
704 3801 781 3847 00.
821 3803 1010 3861 Reqino.
1081 3806 1178 3851 Nec
1218 3756 1338 3852 boiis
1379 3756 1468 3853 fid}

132 3856 457 3920 possessionem
480 3857 651 3911 adeptis
676 3857 794 3913 longi
819 3862 1025 3917 temporis
1047 3864 1339 3920 praescriptio
1365 3869 1468 3920 post

132 3923 296 3955 moram
326 3912 414 3955 litis
446 3918 719 3957 contestatae
750 3916 968 3970 completa
996 3919 1194 3973 proficit,
1235 3932 1334 3964 cum
1364 3926 1469 3977 post

131 3973 293 4011 motam
318 3968 658 4013 controversiam
683 3970 728 4013 in
748 3972 1033 4026 praeteritum
1056 3975 1325 4020 aestimetur.
1370 3975 1464 4021 ΡΡ.

141 4024 214 4065 ν“
243 4022 302 4066 id.
334 4023 436 4068 Dec.
471 4023 548 4068 00.
581 4038 725 4069 conss.
1277 4036 1334 4085 [a.
1368 4035 1464 4085 294]

191 4076 248 4124 11
287 4077 398 4143 Imp.
431 4077 712 4144 Iustinianus
739 4082 792 4126 A.
822 4080 983 4127 Menae
1012 4100 1049 4143 p
1086 4120 1096 4130 .
1166 4087 1308 4143 Super
1346 4088 1467 4144 longi

132 4137 340 4199 temporis
380 4136 747 4191 praescriptione,
787 4150 903 4193 quae
941 4152 995 4183 ex
1030 4099 1180 4185 dsscem
1218 4143 1285 4187 vel
1315 4144 1464 4200 viginti

132 4200 259 4233 annis
288 4190 596 4243 introducitur,
626 4204 728 4247 pers
762 4193 861 4237 icuo
892 4193 986 4238 iure
1016 4198 1250 4251 sancimus,
1280 4204 1345 4251 ut,
1375 4200 1466 4243 sive

131 4255 186 4288 ex
217 4245 452 4290 donatione
488 4246 580 4291 sive
618 4259 674 4291 ex
705 4206 766 4292 ab

755 4248 795 4292 ‘a
822 4249 1037 4294 lucrativa
1068 4265 1203 4297 causa
1231 4254 1351 4299 bona
1378 4255 1466 4300 fide

136 4381 260 4445 (ii-B
284 4386 351 4434 50,
380 4395 414 4427 ιι
500 4390 555 4439 (2)
583 4400 653 4442 pp.
677 4390 755 4431 del.
841 4391 909 4443 (2⁸)
938 4394 991 4446 cst
1018 4409 1060 4446 p.
1087 4405 1116 4435 ν
1195 4397 1251 4447 (3)
1277 4398 1351 4449 qui
1386 4397 1472 4447 CR,

136 4447 234 4488 quia
264 4440 301 4479 A
387 4443 440 4492 (4)
471 4441 497 4482 d
500 4472 619 4484 .....
651 4445 830 4497 [Severo]
860 4460 913 4487 m
940 4450 981 4488 et
1001 4451 1211 4493 Antonino
1240 4455 1326 4493 AA.
1343 4465 1471 4495 conss.

137 4492 206 4540 (ε-
237 4509 274 4533 α.
306 4498 392 4546 202)
419 4513 494 4539 εον.
590 4501 644 4551 (5)
673 4513 741 4553 pp.
773 4504 933 4556 scripsi,
962 4516 1030 4556 pp.
1061 4505 1192 4547 sirmii
1220 4507 1472 4560 Rus-sardus,

140 4561 212 4609 om.
242 4549 281 4587 P
390 4554 443 4599 (6)
488 4553 612 4595 Sirmi
644 4558 719 4598 del.
763 4558 834 4609 (effi
869 4560 926 4598 ad
953 4562 992 4610 7,
1019 4570 1077 4610 56,
1108 4564 1144 4613 4)
1257 4566 1311 4615 (1)
1358 4577 1471 4617 prae-

138 4606 357 4653 scriptione
384 4606 481 4646 PR⁶
511 4625 595 4650 cum
627 4612 684 4662 B,
713 4613 963 4663 possessione
999 4615 1094 4656 CR⁰
1185 4618 1242 4670 (8)
1271 4622 1328 4660 sic
1366 4617 1471 4671 013⁶,

140 4662 318 4703 paratam
354 4662 399 4711 P,
428 4667 583 4713 partem
608 4665 672 4705 R‘*
786 4672 840 4718 (9)
871 4669 1059 4711 defensus
1089 4680 1180 4713 ante
1208 4679 1469 4726 posteaquam

1461 190 1566 250 308

1541 4631 1598 4659 cc.
1625 4631 1676 4660 ss.
1703 4620 1741 4659 A

1542 4671 1644 4713 Mai.
1675 4676 1753 4714 ΔΑ,
1789 4679 1933 4723 conss.)

2103 211 2178 248 DE
2214 205 2473 247 PRAESCR.
2511 208 2685 249 LONGI
2722 210 2883 247 TEMP.

1553 343 1651 400 quis
1694 354 1775 399 per
1817 343 1969 389 decem
2011 346 2079 391 vel
2123 344 2274 400 viginti
2317 355 2460 387 annos
2513 356 2606 388 rem
2650 344 2890 390 detinuisse

1551 399 1790 455 probetur,
1835 399 2009 445 adiecto
2053 402 2223 446 scilicet
2265 399 2399 443 etiam
2442 403 2640 456 tempore
2680 401 2841 457 prioris
2855 402 2890 428 ¹²

1551 455 1842 511 possessoris,
1880 461 2123 502 memorata
2162 455 2282 511 longi
2319 454 2531 510 temporis
2566 457 2764 513 exceptio
2795 457 2890 500 sine

1552 510 1686 554 dubio
1727 510 1768 553 ei
1807 523 1903 556 com
1938 517 2030 556 etat
2064 525 2147 557 nec
2184 509 2419 556 occasione
2455 510 2699 556 lucrativae
2727 524 2890 557 causae

1550 566 1805 622 repellatur.
1925 602 1934 611 .
1978 567 2022 612 lc.
2065 567 2164 612 Iun.
2219 567 2291 611 dn.
2334 564 2590 610 Iustiniano
2631 581 2709 626 pp.
2754 569 2806 612 A.
2847 579 2891 612 11

1552 635 1673 666 cons,
2702 626 2760 674 [a.
2792 626 2889 677 528]

1609 673 1675 723 12
1707 675 1832 721 Idem
1861 683 1913 722 A.
1945 677 2143 723 Iohanni
2163 693 2246 737 pp.
2317 677 2428 721 Cum
2457 676 2502 719 in
2531 676 2651 732 longi
2679 678 2890 734 temporis

1550 732 1902 790 praescriptione
1939 739 2030 779 tres
2068 735 2352 790 emergebant
2380 732 2600 777 veteribus
2630 732 2891 788 ambiguita-

1552 793 1639 841 tes,
1680 788 1824 845 prima
1863 791 2045 846 propter
2085 804 2180 843 res,
2220 789 2297 834 ubi
2325 788 2499 845 positae
2529 792 2657 842 sunt,
2697 789 2893 834 secunda

1551 850 1735 902 propter
1786 857 2024 900 personas,
2078 846 2167 891 sive
2217 845 2448 900 utriusque
2502 843 2592 888 sive
2635 844 2892 889 alterutrius

1551 900 1849 957 praesentiam
1880 901 2102 956 exigimus,
2133 905 2179 946 et
2207 902 2360 952 tertia,
2392 900 2430 944 si
2458 900 2506 944 in
2537 899 2688 944 eadem
2716 900 2892 956 provin-

1553 958 1622 1001 cia
1660 956 1729 1000 vel
1771 956 1810 1000 si
1852 957 1897 999 in
1934 957 2085 1001 eadem
2126 957 2300 1002 civitate
2340 957 2502 1000 debent
2539 967 2638 1000 esse
2677 968 2895 1012 personae

1550 1018 1643 1056 tam
1681 1012 1871 1068 petentis
1910 1026 2042 1067 quam
2078 1013 2346 1070 possidentis
2386 1016 2430 1055 et
2469 1025 2562 1066 res,
2607 1025 2688 1067 pro
2762 1011 2894 1056 uibus

1553 1071 1772 1113 certatur:
1807 1081 1958 1112 omnes
1989 1069 2234 1124 praesentis
2265 1069 2371 1125 legis
2402 1067 2710 1124 amplectimur
2736 1071 2739 1074 '
2770 1066 2894 1112 etini-

1559 1131 1572 1167 1
1622 1124 1755 1178 tione,
1786 1129 1837 1167 ut
1866 1124 1976 1167 nihil
2006 1125 2118 1168 citra
2134 1126 2167 1152 ¹³
2197 1137 2294 1169 eam
2322 1125 2609 1180 relinquatur.
2663 1123 2896 1168 Sancimus

1551 1182 1702 1236 itaque
1739 1180 1901 1224 debere
1941 1180 1988 1223 in
2025 1180 2275 1225 huiusmodi
2304 1180 2451 1236 specie
2480 1179 2712 1236 utriusque
2739 1191 2894 1235 perso·

1553 1250 1639 1280 nae
1677 1241 1768 1279 tam
1807 1236 2001 1292 petentis
2036 1249 2168 1291 quam
2197 1236 2464 1292 possidentis
2495 1236 2687 1291 spectari
2717 1235 2895 1280 domici-

1551 1294 1671 1345 lium,
1702 1298 1753 1336 ut
1781 1297 1872 1335 tam
1900 1291 1938 1336 is
1971 1292 2046 1348 qui
2076 1291 2259 1336 dominii
2282 1292 2351 1336 vel
2375 1292 2651 1349 hypothecae
2674 1290 2897 1347 quaestio-

1553 1362 1652 1393 nem
1681 1348 1853 1392 inducit
1882 1361 2012 1404 quam
2042 1347 2080 1391 is
2141 1348 2186 1391 ui
2214 1360 2286 1391 res
2325 1348 2523 1404 possidet
2552 1346 2823 1392 domicilium
2850 1347 2898 1392 in

1553 1419 1640 1450 uno
1685 1405 1880 1450 habeant
1920 1405 2045 1457 loco,
2091 1404 2105 1447 i
2177 1408 2246 1447 est
2279 1403 2327 1447 in
2364 1417 2455 1447 una
2495 1403 2739 1459 provincia.
2807 1402 2896 1448 hoc

1555 1462 1714 1506 etenim
1743 1460 1870 1505 nobis
1901 1459 2039 1515 magis
2070 1459 2317 1515 eligendum
2345 1459 2538 1514 videtur,
2576 1463 2627 1504 ut
2665 1471 2755 1503 non
2792 1457 2899 1519 civi-

1553 1522 1646 1561 tate
1676 1516 1968 1562 concludatur
1997 1515 2278 1568 domicilium,
2310 1515 2389 1559 sed
2416 1516 2554 1570 magis
2584 1514 2823 1571 provincia,
2854 1517 2898 1560 et

1554 1574 1592 1619 si
1636 1578 1821 1629 uterque
1864 1572 2133 1616 domicilium
2185 1572 2233 1615 in
2280 1571 2434 1616 eadem
2478 1571 2616 1615 habet
2657 1570 2898 1628 provincia,

1555 1642 1736 1674 causam
1760 1630 1876 1673 inter
1932 1633 2153 1672 raesentes
2179 1640 2278 1672 esse
2300 1626 2438 1671 videri
2462 1632 2507 1672 et
2530 1627 2740 1671 decennio
2765 1638 2898 1682 agen-

1557 1690 1582 1730 2
1640 1690 1729 1729 tem
1759 1685 1888 1730 exclu
1919 1685 1949 1728 i.
2009 1685 2078 1728 De
2107 1685 2242 1728 rebus
2274 1687 2442 1736 autem,
2483 1683 2538 1728 de
2574 1683 2734 1739 quibus
2771 1683 2899 1727 dubi·

1553 1743 1664 1786 tatio
1705 1746 1791 1794 est,
1830 1741 1953 1785 nulla
1993 1740 2076 1784 erit
2115 1740 2384 1794 differentia,
2422 1740 2512 1784 sive
2540 1739 2587 1783 in
2614 1738 2766 1783 eadem
2795 1751 2899 1795 pro-

1555 1798 1701 1842 vincia
1739 1798 1828 1842 sint
1867 1797 1958 1841 sive
1993 1798 2038 1840 in
2068 1797 2211 1840 vicina
2239 1796 2309 1840 vel
2344 1800 2471 1839 trans
2504 1808 2625 1840 mare
2653 1795 2827 1852 positae
2854 1797 2900 1839 et

1560 1858 1584 1898 3
1642 1854 1772 1909 longo
1803 1853 1947 1909 spatio
1979 1856 2227 1908 separatae.
2276 1851 2353 1896 Sin
2379 1857 2528 1895 autem
2552 1865 2642 1896 non
2670 1852 2718 1896 in
2745 1850 2899 1896 eadem

1555 1909 1784 1967 provincia
1821 1914 2007 1965 uterque
2047 1908 2315 1953 domicilium
2350 1909 2538 1962 habeat,
2584 1907 2662 1951 sed
2703 1907 2817 1951 alter
2853 1907 2900 1952 in

1556 1966 1659 2018 alia,
1700 1966 1814 2009 alius
1854 1965 1900 2008 in
1936 1965 2099 2019 altera,
2136 1969 2245 2008 tunc
2273 1965 2374 2008 ut¹⁴
2411 1964 2528 2007 inter
2556 1964 2763 2008 absentes
2793 1975 2899 2007 cau-

1557 2035 1652 2066 sam
1694 2021 1935 2078 disceptari
1978 2025 2023 2064 et
2059 2021 2208 2064 locum
2246 2032 2343 2064 esse
2380 2019 2531 2074 viginti
2571 2032 2789 2063 annorum
2824 2032 2899 2063 ex-

1557 2078 1764 2133 ceptioni.
1832 2076 1942 2120 nihil
1978 2077 2094 2120 enim
2133 2076 2364 2132 prohibet,
2404 2076 2494 2120 sive
2532 2076 2579 2119 in
2615 2075 2768 2120 eadem
2797 2088 2898 2131 pro-

1555 2134 1700 2179 vincia
1742 2146 1814 2178 res
1855 2133 2122 2177 constitutae
2161 2133 2249 2175 sint
2290 2132 2380 2176 sive
2417 2131 2465 2174 in
2503 2131 2612 2184 alia,
2659 2144 2794 2187 super
2831 2131 2900 2175 his

1558 2189 1902 2234 controversiam
1929 2189 1974 2231 in
2004 2188 2167 2232 iudicio
2196 2187 2458 2243 provinciali
2494 2186 2659 2231 moveri
2688 2193 2732 2230 et
2760 2187 2900 2232 multo

1463 2278 1470 2286 .
1557 2250 1613 2290 3a
1670 2245 1806 2301 magis
1843 2245 1889 2288 in
1924 2244 2012 2288 hac
2047 2243 2357 2288 florentissima
2387 2242 2581 2286 civitate.
2641 2241 2758 2297 Quid
2787 2242 2902 2286 enim

1553 2301 1738 2357 prodest
1773 2301 1821 2344 in
1858 2300 1958 2356 ipsa
1996 2299 2224 2355 provincia
2262 2311 2360 2342 esse
2397 2297 2725 2353 possessionem
2765 2311 2824 2342 an
2855 2299 2901 2343 in

1554 2357 1667 2409 alia,
1709 2369 1810 2400 cum
1839 2356 1908 2399 ius
1938 2355 2245 2398 vindicationis
2273 2355 2556 2411 incorporale
2592 2359 2660 2398 est
2694 2356 2762 2410 et,
2802 2354 2900 2399 ubi-

1555 2424 1743 2467 cumque
1786 2424 1857 2455 res
1936 2411 2075 2455 ositae
2114 2413 2241 2464 sunt,
2286 2416 2332 2454 et
2375 2409 2615 2454 dominium
2660 2422 2813 2455 earum
2856 2414 2902 2455 et

1552 2467 1778 2511 vinculum
1807 2467 1864 2511 ad
1926 2467 2120 2510 ominum
2146 2467 2214 2510 vel
2245 2466 2510 2510 creditorem
2538 2466 2682 2523 possit
2708 2466 2900 2511 reverti?

1552 2523 1653 2568 ideo
1692 2523 1807 2567 enim
1847 2523 1989 2568 nostri
2027 2522 2217 2566 maiores
2257 2522 2542 2567 subtilissimo
2582 2522 2729 2568 animo
2759 2527 2806 2567 et
2833 2521 2898 2567 di-

1552 2580 1653 2624 vino
1690 2579 1882 2636 quodam
1917 2584 2040 2623 motu
2078 2578 2135 2622 ad
2172 2578 2371 2623 actiones
2411 2584 2457 2623 et
2493 2591 2644 2623 earum
2671 2579 2770 2623 iura
2798 2591 2898 2636 per-

1552 2638 1789 2689 venerunt,
1834 2638 1886 2679 ut
1927 2634 2231 2691 incorporales
2276 2635 2543 2679 constitutae
2585 2635 2761 2691 possint
2802 2635 2899 2680 ubi-

1554 2704 1742 2749 cumque
1769 2691 1839 2736 ius
1870 2705 1998 2736 suum
2028 2697 2074 2735 et
2103 2690 2306 2735 effectum
2337 2691 2612 2747 corporalem
2647 2690 2898 2736 extendere.

1554 2748 1606 2791 3b
1680 2748 1749 2791 Sit
1790 2747 1924 2802 igitur
1969 2747 2213 2791 secundum
2256 2747 2374 2790 hanc
2423 2746 2719 2792 definitionem
2763 2759 2901 2792 causa

1554 2803 1874 2859 perfectissime
1932 2802 2176 2858 composita
2220 2806 2267 2847 et
2309 2815 2435 2847 nemo
2479 2803 2668 2858 posthac
2713 2803 2898 2856 dubitet,

1553 2871 1695 2914 neque
1738 2859 1854 2902 inter
1894 2863 2154 2924 praesentes
2199 2870 2344 2914 neque
2386 2859 2503 2902 inter
2544 2859 2750 2903 absentes
2793 2859 2900 2915 quid

1553 2914 1838 2960 statuendum
1868 2920 1939 2967 sit,
1980 2916 2031 2957 ut
2059 2914 2176 2958 bono
2205 2913 2332 2958 initio
2362 2919 2409 2958 et
2436 2915 2717 2969 possessione
2744 2918 2899 2959 tenen-

1553 2971 1610 3015 tis
1651 2976 1695 3015 et
1732 2970 1964 3026 utriusque
2002 2970 2142 3026 partis
2182 2969 2402 3014 domicilio
2433 2970 2644 3026 requisito
2677 2970 2736 3014 sit
2764 2982 2899 3027 expe-

1555 3027 1648 3071 dita
1691 3027 1892 3082 quaestio
1937 3039 2018 3082 pro
2062 3026 2195 3069 rebus
2237 3026 2504 3082 ubicumque
2547 3026 2729 3082 positis,
2774 3026 2899 3071 nulla

1555 3083 1740 3127 scientia
1769 3083 1837 3126 vel
1865 3082 2113 3138 ignorantia
2141 3082 2429 3137 expectanda,
2466 3093 2523 3125 ne
2550 3082 2692 3126 altera
2721 3082 2896 3126 dubita·

1554 3143 1581 3183 4
1638 3139 1771 3183 tionis
1811 3138 2133 3183 inextricabilis
2169 3139 2338 3182 oriatur
2368 3138 2560 3183 occasio.
2618 3137 2789 3182 Eodem
2817 3139 2896 3183 ob-

1554 3195 1770 3240 servando
1810 3201 1856 3239 et
1894 3194 1932 3239 si
1967 3206 2038 3238 res
2068 3207 2159 3238 non
2188 3194 2270 3238 soli
2309 3193 2420 3246 sint,
2461 3193 2540 3238 sed
2578 3193 2896 3250 incorporales,

1553 3263 1667 3308 quae
1696 3251 1742 3295 in
1771 3251 1867 3294 iure
1898 3250 2168 3304 consistunt,
2208 3250 2344 3294 veluti
2381 3263 2491 3295 usus
2528 3250 2702 3294 fructus
2742 3252 2789 3295 et
2825 3262 2898 3296 ce-

1551 3312 1675 3351 terae
1705 3307 1952 3351 servitutes.
2010 3304 2066 3351 D.
2107 3318 2133 3349 V
2159 3304 2201 3350 lc.
2234 3305 2339 3350 Dec.
2374 3305 2767 3365 Constantinopoli
2789 3312 2899 3364 post

1553 3363 1838 3408 consulatum
1867 3361 2111 3421 Lampadii
2139 3367 2185 3407 et
2216 3361 2388 3407 Orestis
2415 3376 2479 3408 vv.
2512 3363 2617 3406 cc.¹⁸
2709 3365 2764 3415 [a.
2797 3365 2895 3416 531]

2071 3588 2364 3638 ΧΧΧΙΙΙΙ.ιο

1552 3672 1614 3713 ΙΝ
1659 3671 1863 3720 QUIBUS
1908 3670 2101 3712 CAUSIS
2146 3670 2354 3710 CESSAT
2396 3669 2574 3710 LONGI
2612 3670 2895 3713 TEMPORIS

2011 3725 2432 3767 PRAESCRIPTIO.

1610 3809 1634 3856 1
1671 3807 1818 3867 Impp.
1856 3807 2169 3853 Diocletianus
2207 3813 2252 3852 et
2288 3805 2602 3852 Maximianus
2638 3808 2731 3852 AA.
2768 3806 2888 3852 Mar·

1551 3865 1752 3910 cellinae.
1810 3863 1860 3908 Si
1886 3863 1950 3917 is,
1990 3863 2063 3908 cui
2102 3863 2335 3908 colendum
2363 3862 2549 3907 fundum
2579 3862 2754 3917 dedisti,
2790 3867 2896 3920 post

1549 3921 1866 3973 instrumenta,
1905 3918 2068 3975 quibus
2105 3919 2348 3964 dominium
2381 3919 2439 3962 ad
2468 3923 2513 3963 te
2541 3919 2762 3975 pertinere
2788 3931 2892 3975 pro-

1551 3977 1649 4022 bari
1676 3979 1842 4032 posset,
1872 3989 1954 4032 per
1982 3987 2217 4019 novercam
2244 3980 2368 4019 tuam
2398 3975 2641 4029 subtraxit,
2680 3975 2767 4019 hoc
2795 3974 2891 4019 solo

1550 4031 1750 4090 praescri
1782 4032 1902 4075 tione
1931 4031 2143 4087 temporis
2174 4030 2350 4075 defendi
2378 4044 2467 4075 non
2495 4034 2658 4086 potest.

1608 4086 1640 4133 2
1676 4086 1743 4130 ¹⁷I
1770 4101 1838 4132 em
1866 4088 1957 4131 AA.
1989 4094 2034 4131 et
2065 4086 2142 4131 00.
2161 4086 2397 4144 Dionysio.
2454 4086 2507 4130 In
2536 4098 2759 4130 servorum
2787 4098 2891 4142 pro-

1550 4142 1751 4201 prietatis
1794 4143 1970 4198 negotio
2014 4155 2114 4187 cum
2157 4142 2372 4199 usucapio
2416 4142 2561 4186 locum
2604 4140 2791 4193 habeat,
2833 4139 2892 4185 ad

1549 4199 1854 4298 quaesti-‹gnem
1889 4197 2009 4254 longi
2037 4199 2247 4255 temporis
2276 4197 2636 4254 praescriptionis
2665 4194 2889 4252 superfluo

1549 4267 1728 4311 pervem
1750 4267 1819 4298 ur.

1543 4398 1714 4438 collocat
1740 4397 1961 4438 Mommsen
2048 4397 2121 4451 (ιο)
2152 4400 2203 4451 cf.
2223 4399 2331 4447 3‚s2‚
2352 4406 2396 4440 26
2481 4396 2550 4450 (11)
2582 4409 2648 4449 pp.
2667 4409 2696 4435 v
2721 4399 2880 4454 scripsi,

1540 4465 1580 4505 p.
1598 4464 1656 4492 uu
1672 4449 1745 4504 D,
1763 4452 1802 4492 d.
1826 4454 1987 4495 Contine
2058 4454 2130 4504 (12)
2159 4453 2310 4507 prioris
2329 4451 2443 4501 0⁰13,
2458 4464 2535 4505 pro
2544 4453 2645 4506 pC⁰

1541 4506 1618 4559 13⁰,
1648 4509 1793 4549 contra
1821 4508 1964 4550 ACR⁰
2035 4511 2107 4560 (14)
2137 4513 2185 4549 ut
2204 4511 2247 4560 C,
2278 4523 2326 4546 u
2347 4507 2424 4558 R⁰‚
2455 4523 2528 4549 om.
2544 4506 2647 4549 AR⁰
2718 4509 2792 4562 (15)
2821 4511 2880 4552 cic

1542 4564 1708 4617 scripsi.
1746 4563 1785 4603 d.
1816 4575 1844 4602 v
1884 4565 1922 4604 k.
1956 4564 2037 4605 dec.
2073 4577 2159 4618 cap.
2190 4576 2275 4616 cap.
2311 4562 2434 4616 lamp.
2471 4564 2515 4603 et
2551 4563 2698 4605 orestis
2724 4576 2783 4605 vv.
2818 4576 2877 4606 oo.

2721 4454 2792 4505 (is)
2822 4454 2884 4497 εἰσ

1854 4621 1930 4671 (ie)
1960 4619 2005 4661 Β
2035 4623 2101 4671 50,
2135 4629 2173 4662 η
2278 4619 2352 4671 (17)
2382 4621 2435 4674 qs.
2466 4619 2506 4671 7,
2535 4628 2588 4670 14,
2619 4628 2639 4661 e
2670 4622 2718 4673 (ι.
2748 4632 2814 4661 vn
2839 4621 2874 4660 k.
