3152 4784
253 176 350 226 ΙΙῘΙ
397 169 591 219 16—19

256 318 470 365 fundatur.
549 324 650 354 nam
706 307 916 350 adversus
969 306 1163 350 adultam
1218 308 1336 346 tuam
1389 297 1577 362 rescind1

253 372 445 429 postulas
497 368 829 413 testamentum,
883 361 922 404 si
977 362 1149 416 quidem
1203 354 1454 418 coheredes·
1484 366 1576 396 eius

252 429 457 471 adeuntes
497 418 779 463 hereditatem
817 428 865 459 se
907 417 1039 461 etiam
1078 415 1273 468 obligant
1311 415 1378 460 et,
1418 420 1457 451 31
1489 421 1579 472 non

251 480 450 526 solvendo
487 472 712 519 constituti
739 472 983 525 probentur
999 473 1024 523 ¹,
1066 470 1292 525 postulata
1327 464 1580 524 separat102

250 537 414 581 nullum
458 532 494 574 ei
538 529 742 572 damnum
781 525 877 567 fieri
910 525 1121 579 patietur.
1189 522 1244 566 D.
1284 520 1327 563 lc.
1359 520 1464 563 Dee.
1500 517 1577 562 CC.

250 604 389 636 conss.
1278 631 1288 641 ·
1390 575 1447 631 [a.
1478 573 1577 629 294]

304 644 331 691 7
364 643 486 687 Idem
514 639 603 684 AA.
643 641 688 680 et
724 633 800 677 CC.
831 633 1100 690 Apolausto.
1161 630 1411 675 Cred1tores
1451 629 1579 673 here-

249 701 428 745 ditarios
468 696 676 739 adversus
717 689 952 743 legatarios
991 701 1081 732 non
1110 689 1274 730 habere
1303 686 1581 743 personalem

247 755 446 801 convenit
466 744 694 799 actionem,
720 745 824 799 quip
859 756 883 786 e
907 757 1007 787 cum
1030 742 1352 787 evidentissime
1373 743 1447 786 lex
1470 742 1579 786 duo-

246 811 383 856 decim
420 805 666 850 tabularum
705 801 810 844 here
843 812 888 843 es
925 799 1030 843 huic
1068 799 1135 842 rei
1173 799 1314 842 faciat
1346 798 1578 843 obnoxios.

244 867 299 912 1).
336 877 385 909 Vl
408 863 464 906 id.
495 860 599 904 Dee.
631 855 921 900 Nicomediae
953 853 1030 899 CC.
1063 868 1208 900 conss.
1392 856 1448 911 [a.
1482 854 1579 910 294]

829 971 985 1020 XVII.

242 1058 320 1101 EX
349 1054 607 1098 DELICTIS
632 1052 1059 1095 DEFUNCTORUM
1083 1053 1148 1092 IN
1173 1051 1450 1099 QUANTUM
1478 1051 1581 1091 HE-

568 1108 752 1149 REDES
784 1107 1244 1150 CONVENIANTUR.

296 1193 326 1242 3
358 1192 520 1251 ³Impp.
551 1189 867 1235 Diocletianus
895 1195 941 1235 et
966 1189 1281 1235 Maximianus
1305 1190 1398 1232 AA.
1431 1194 1475 1233 et
1502 1187 1579 1233 CC.

240 1249 524 1297 Macedonae.
592 1247 704 1291 Post
740 1246 833 1290 litis
872 1246 1241 1290 contestationem
1282 1258 1333 1290 eo
1384 1246 1459 1299 qui
1495 1245 1582 1288 vim

239 1307 342 1352 fecit
383 1304 450 1348 vel
495 1302 830 1347 concussionem
869 1302 1022 1345 intulit
1061 1303 1131 1345 vel
1173 1301 1340 1357 aliquid
1384 1302 1580 1357 deliquit,

239 1362 443 1406 defuncto
489 1371 770 1403 successores
815 1358 911 1403 eius
950 1358 998 1401 in
1037 1357 1250 1410 solidum,
1295 1357 1495 1413 alioquin
1534 1358 1581 1400 in

238 1421 447 1474 quantum
486 1415 543 1459 ad
580 1428 656 1459 eos
691 1415 892 1470 pervenit
928 1414 1154 1458 conveniri
1190 1413 1301 1458 iuris
1342 1413 1582 1459 absolutis-

237 1473 333 1519 simi
362 1477 440 1526 est,
471 1483 528 1515 ne
557 1470 700 1519 alieno
730 1470 898 1515 scelere
927 1470 1138 1514 ditentur.
1204 1469 1258 1513 D.
1300 1470 1351 1512 1⁷⁴
1392 1468 1435 1512 lc.
1469 1467 1579 1513 Mai.

236 1528 374 1574 Sirmi
404 1526 482 1572 CC.
509 1540 653 1572 conss.
1395 1527 1450 1580 [a.
1482 1528 1579 1580 294]

808 1641 1012 1691 XV111.⁵

528 1726 605 1766 DE
636 1724 987 1767 CONSTITUTA
1016 1724 1281 1764 PEGUNIA.

293 1807 316 1854 1
352 1806 466 1866 Imp.
498 1805 758 1852 Gordianus
777 1808 854 1851 A.⁶
882 1806 1034 1852 Felici.
1087 1805 1135 1849 Si
1153 1819 1235 1861 pro
1260 1806 1406 1851 alieno
1434 1806 1582 1850 debito

233 1869 277 1909 te
306 1864 554 1908 soluturum
585 1863 879 1916 constituisti,
917 1862 1136 1919 pecuniae
1166 1863 1434 1907 constitutae
1463 1862 1583 1906 actio

233 1935 322 1964 non
357 1920 501 1965 solum
539 1919 751 1964 adversus
789 1924 857 1973 te,
909 1919 987 1963 sed
1032 1919 1166 1963 etiam
1202 1919 1417 1963 adversus
1456 1919 1581 1962 here-

233 1978 310 2021 des
347 1980 450 2021 tuos
487 1979 703 2032 perpetuo
744 1975 968 2032 competit.
1042 1973 1097 2018 D.
1147 1987 1219 2019 VJJ
1245 1974 1287 2018 lc.
1320 1974 1407 2019 Iul.
1445 1973 1584 2020 Sirmi

236 2031 313 2077 CC.
345 2045 490 2077 conss.
1392 2031 1450 2087 [a.
1483 2030 1582 2086 294]

290 2086 321 2134 2
366 2087 483 2147 Imp.
528 2086 815 2132 lastinianus
857 2088 908 2131 A.
949 2085 1132 2131 Iuliano
1168 2101 1250 2144 pp.
1324 2086 1585 2143 Recepticia

231 2144 409 2189 actione
439 2147 662 2196 cessante,
700 2155 815 2199 quae
845 2143 1130 2187 sollemnibus
1160 2142 1305 2186 verbis
1338 2143 1584 2199 composita

231 2201 444 2245 inusitato
485 2199 670 2244 recessit
707 2199 912 2254 vestigio,
954 2199 1255 2242 necessarium
1283 2199 1412 2243 nobis
1441 2200 1583 2242 visum

234 2261 301 2302 est
339 2256 476 2312 magis
524 2255 739 2312 pecuniae
783 2255 1052 2299 constitutae
1097 2259 1306 2298 naturam
1354 2255 1581 2310 ampliare.
1622 2269 1627 2290 ι

237 2319 256 2357 1
318 2312 429 2357 Cum
466 2313 601 2367 igitur
639 2310 844 2368 praefata
873 2311 1012 2363 actio,
1051 2310 1097 2354 id
1135 2315 1203 2354 est
1230 2310 1447 2365 pecuniae
1477 2323 1582 2354 6011-

234 2370 435 2422 311111136,
479 2370 527 2412 111
571 2368 640 2412 1113
682 2367 989 2411 tantummodo
1035 2380 1063 2410 3
1104 2366 1327 2410 veteribus
1372 2366 1584 2410 conclusa

233 2430 322 2476 est,
362 2429 414 2469 ut
450 2425 644 2479 exigeret
682 2436 755 2467 res
795 2435 911 2477 quae
945 2422 994 2466 in
1022 2423 1217 2479 pondere
1246 2435 1430 2467 numero
1458 2434 1582 2466 men-

235 2494 340 2526 sura
369 2485 486 2534 sunt,
515 2481 563 2524 in
592 2479 689 2523 aliis
719 2482 868 2523 autem
897 2479 1030 2523 rebus
1055 2479 1220 2522 nullam
1246 2478 1433 2522 haberet
1463 2491 1582 2522 com-

234 2538 484 2581 munionem
514 2541 558 2581 et
587 2548 730 2592 neque
758 2535 806 2578 in
836 2536 1040 2579 omnibus
1077 2535 1254 2578 casibus
1284 2535 1498 2590 longaeva
1528 2535 1586 2578 sit

235 2593 489 2646 constituta,
521 2593 599 2637 sed
621 2592 669 2635 in
698 2591 930 2647 speciebus
961 2591 1091 2635 certis
1122 2591 1272 2634 annali
1301 2591 1447 2647 spatio
1478 2603 1583 2634 con-

237 2650 510 2702 cluderetur,
542 2652 589 2692 61
617 2648 920 2700 dubitaretur,
958 2647 997 2691 si
1025 2660 1107 2703 pro
1139 2647 1288 2691 debito
1319 2648 1403 2690 sub
1434 2647 1584 2691 condi-

237 2706 363 2749 cione
402 2706 472 2748 vel
508 2704 556 2747 in
594 2704 709 2747 diem
749 2703 993 2747 constituto
1025 2716 1123 2746 eam
1151 2703 1363 2758 possibile
1392 2707 1461 2747 est
1489 2703 1587 2746 fieri

237 2767 282 2804 et
310 2761 349 2804 si
375 2773 487 2815 pure
518 2759 760 2803 constituta
788 2760 981 2813 pecunia
1012 2762 1243 2802 contracta
1271 2759 1459 2810 valeret,
1499 2759 1585 2802 hac

238 2816 516 2871 apertissima
543 2816 639 2869 lege
669 2814 914 2867 definimus,
944 2819 996 2856 ut
1024 2814 1156 2858 liceat
1186 2815 1390 2858 omnibus
1418 2814 1585 2858 consti-

238 2877 363 2915 tuere
397 2884 488 2914 non
527 2872 667 2914 solum
696 2882 767 2912 res
798 2882 912 2924 quae
939 2870 1135 2924 pondere
1164 2882 1348 2913 numero
1378 2882 1587 2913 mensura

239 2932 366 2980 sunt,
406 2926 485 2970 sed
522 2926 655 2970 etiam
696 2925 804 2968 alias
845 2938 996 2968 omnes
1035 2925 1125 2968 sive
1161 2925 1344 2969 mobiles
1385 2925 1475 2969 sive
1503 2925 1585 2968 im-

239 2983 421 3027 mobiles
460 2982 552 3027 sive
588 2994 636 3025 se
671 2986 897 3025 moventes
935 2982 1025 3024 sive
1052 2981 1349 3025 instrumenta
1376 2981 1446 3025 vel
1475 2981 1586 3024 alias

239 3050 539 3095 quascumque
567 3050 661 3091 res,
703 3050 813 3093 quas
851 3037 899 3080 in
929 3037 1258 3092 stipulationem
1286 3042 1478 3093 possunt
1505 3038 1586 3080 ho-

238 3096 377 3138 mines
421 3093 661 3138 deducere:
708 3095 754 3136 et
797 3105 941 3148 neque
981 3094 1039 3136 sit
1073 3093 1122 3135 in
1160 3106 1437 3148 quocumque
1480 3106 1587 3137 casu

239 3151 430 3202 annalis,
475 3150 552 3194 sed
591 3150 701 3203 (sive
738 3162 821 3204 pro
871 3161 920 3192 se
959 3149 1057 3204 quis
1097 3150 1341 3193 constituat
1377 3149 1469 3194 sive
1505 3163 1586 3204 pro

240 3208 342 3260 alio)
373 3207 430 3249 sit
460 3211 503 3249 et
531 3206 631 3261 ipsa
660 3206 706 3248 in
734 3205 816 3248 tali
843 3204 960 3248 vitae
988 3217 1210 3258 mensura,
1239 3205 1287 3248 in
1317 3218 1406 3260 qua
1434 3218 1585 3249 omnes

239 3261 494 3319 personales
534 3267 636 3306 sunt
674 3262 899 3314 actiones,
937 3261 984 3304 id
1022 3265 1090 3304 est
1124 3261 1172 3303 in
1211 3274 1430 3304 annorum
1457 3262 1586 3305 metis

241 3318 444 3373 triginta:
485 3322 529 3360 et
564 3318 697 3360 liceat
732 3330 814 3374 pro
856 3317 1002 3361 debito
1041 3331 1155 3372 puro
1186 3318 1255 3361 vel
1291 3317 1340 3360 in
1376 3317 1492 3362 diem
1519 3318 1587 3361 vel

243 3373 536 3418 condicionali
566 3373 798 3416 constitui:
836 3378 880 3416 et
908 3386 998 3416 non
1025 3373 1273 3417 absimilem
1299 3374 1477 3429 penitus
1508 3374 1586 3417 sti-

242 3429 459 3485 pulationi
496 3429 660 3472 habeat
699 3429 974 3482 dignitatem,
1005 3429 1097 3473 suis
1126 3434 1276 3473 tamen
1305 3429 1585 3474 naturalibus

242 3484 478 3542 privilegiis
516 3484 690 3527 minime
729 3484 1009 3527 defraudata:
1058 3485 1135 3529 sed
1174 3491 1219 3529 et
1261 3486 1498 3531 heredibus
1543 3490 1587 3531 et

245 3545 400 3585 contra
428 3540 611 3583 heredes
644 3545 876 3605 competat,
907 3545 956 3583 ut
984 3553 1126 3595 neque
1154 3542 1422 3597 recepticiae
1445 3542 1583 3586 actio-

244 3597 313 3641 nis
357 3608 500 3651 neque
543 3596 629 3638 alio
672 3596 866 3651 indlgeat
907 3608 977 3638 res
1022 3597 1200 3651 publica
1243 3598 1290 3640 in
1332 3597 1587 3643 huiusmodi

230 3652 424 3716 'casibus
475 3651 762 3703 adminiculo,
816 3651 894 3694 sed
945 3652 1003 3695 sit
1056 3653 1271 3707 pecuniae
1321 3654 1588 3698 constitutae

246 3709 362 3752 actio
392 3721 474 3763 per
503 3712 701 3751 nostram
731 3707 1086 3751 constitutionem
1122 3709 1208 3752 sibi
1238 3710 1283 3752 in
1315 3710 1462 3754 omnia
1491 3710 1585 3754 suf-

246 3765 411 3816 ficiens,
441 3764 504 3806 ita
533 3768 693 3815 tamen,
724 3767 775 3807 ut
803 3763 889 3806 hoc
919 3763 959 3806 ei
983 3764 1224 3818 inhaereat,
1254 3770 1305 3809 ut
1327 3779 1410 3821 pro
1436 3766 1585 3811 debito

247 3822 323 3863 fiat
361 3819 648 3863 constitutum
688 3822 807 3871 (cum
856 3819 1095 3863 secundum
1134 3821 1360 3877 antiquam
1395 3823 1585 3878 recepti-

249 3877 359 3919 ciam
390 3875 606 3919 actionem
635 3875 893 3930 exigebatur
931 3877 975 3918 et
1015 3875 1052 3918 si
1086 3877 1189 3931 quid
1218 3891 1305 3920 non
1336 3877 1483 3922 fuerat
1512 3879 1585 3922 de-

248 3933 417 3983 bitum),
450 3944 549 3974 cum
578 3931 687 3974 satis
717 3930 959 3974 absurdum
989 3934 1034 3973 et
1062 3936 1152 3974 tam
1181 3934 1343 3977 nostris
1378 3935 1585 3989 tempori-

252 3989 332 4030 bus
371 4000 502 4042 quam
538 3987 664 4030 iustis
703 3987 872 4041 legibus
912 3988 1183 4031 contrarium
1227 3995 1294 4032 est
1332 3990 1587 4045 permittere

250 4056 329 4098 per
367 4042 584 4086 actionem
623 4043 904 4097 recepticiam
939 4055 1011 4086 res
1048 4043 1265 4088 indebitas
1305 4047 1514 4102 consequi
1543 4051 1589 4091 et

250 4101 407 4142 iterum
444 4099 604 4141 multas
642 4110 887 4153 proponere
928 4098 1249 4154 condictiones,
1288 4115 1399 4156 quae
1439 4107 1484 4146 et
1510 4115 1587 4158 pe-

253 4154 405 4198 cunias
434 4153 651 4197 indebitas
681 4157 725 4197 et
752 4154 1063 4209 promissiones
1093 4158 1314 4211 corrumpi
1342 4167 1387 4201 et
1415 4159 1590 4202 restitui

256 4214 310 4253 la
366 4208 594 4253 definiunt.
652 4209 712 4253 Ut
747 4222 837 4253 non
875 4210 1109 4253 erubescat
1146 4211 1277 4265 igitur
1315 4213 1404 4257 tale
1442 4214 1588 4270 legum

256 4352 306 4403 (1)
337 4365 430 4393 nam
457 4383 494 4393 ..

257 4407 339 4446 sint
369 4409 392 4448 l.
422 4425 520 4459 yem.

546 4351 787 4405 probentur]
810 4353 873 4392 sin
900 4353 1037 4392 autem
1059 4353 1274 4392 coheredes
1293 4355 1486 4396 solvendo
1501 4368 1587 4395 non

261 4462 313 4513 (3)
346 4464 387 4502 Β
417 4467 481 4515 24,
514 4473 546 4515 7,
579 4473 614 4514 8,
650 4465 701 4516 cf
727 4464 915 4517 Hermoy.
947 4464 985 4511 2,
1017 4472 1034 4504 1

261 4516 314 4565 (5)
347 4517 389 4556 Β
418 4521 484 4565 26,
513 4527 545 4559 3.
574 4541 630 4548 -
663 4517 723 4571 Cf.
747 4519 845 4571 Dz'y.
882 4521 944 4567 13,
977 4527 997 4559 5

263 4582 340 4608 nus
368 4574 408 4609 et
426 4573 697 4613 Maximianus
714 4576 799 4614 AA.
830 4578 871 4613 et
893 4573 976 4616 OC.
996 4588 1075 4614 scr.

267 4646 318 4653 -
351 4623 410 4673 cf.
435 4628 530 4679 [259.
563 4630 628 4677 22,
658 4638 677 4668 a

1117 4518 1172 4570 (6)
1203 4519 1333 4572 Impp.
1365 4522 1587 4563 Diocletia-

1160 4575 1214 4626 (7)
1233 4576 1273 4615 B
1290 4578 1355 4626 22,
1370 4587 1401 4627 1,
1417 4588 1460 4619 35
1477 4593 1587 4632 seqq.

791 4633 847 4678 (8)
879 4630 1055 4671 ordinem
1085 4644 1117 4670 c.
1145 4638 1164 4670 3
1196 4640 1232 4671 et
1261 4640 1292 4680 4,
1325 4647 1426 4684 quae
1456 4643 1586 4674 tranc-

1563 143 1658 201 156

2188 163 2265 202 EX
2299 159 2553 200 DELICTIS
2587 158 3001 199 DEFUNGTORUM

1662 295 1877 350 iurgium,
1915 294 2002 341 hoc
2038 297 2341 342 tantummodo
2373 295 2692 348 constituatur,
2738 295 2855 352 quod
2883 294 3001 338 debi-

1662 354 1770 400 tum,
1795 355 1886 403 est,
1929 354 1976 402 61
2012 353 2176 405 omnia,
2252 366 2334 398 uae
2375 353 2430 395 de
2464 349 2714 406 recepticia¹
2736 351 2783 395 in
2821 349 3004 406 diversis

1661 406 1785 450 libris
1814 405 2113 461 legislatorum
2142 414 2289 465 posita
2319 412 2444 461 sunt,
2475 406 2742 461 aboleantur
2767 410 2813 461 61
2841 406 2901 461 sit
2927 419 3004 470 pe-

1664 462 1796 506 cunia
1836 461 2077 511 constituta
2115 478 2266 510 omnes
2305 477 2434 508 casus
2480 462 2799 517 complectens,
2848 462 2926 519 qui
2962 469 3007 510 et

1668 517 1717 562 lb
1774 530 1856 574 per
1895 517 2222 573 stipulationem
2260 520 2436 576 possint
2474 517 2699 574 explicari.
2764 518 2827 565 Et
2867 516 3007 577 nemi-‚-

1664 586 1763 616 nem
1792 577 1985 626 moveat,
2023 576 2141 630 quod
2177 577 2260 620 sub
2299 576 2474 620 nomine
2510 574 2725 630 pecuniae
2753 575 2886 619 6113111
2914 585 3006 627 0111-

1664 643 1741 673 1163
1784 641 1855 673 res
1899 629 2014 684 exigi
2050 630 2306 685 definimus,
2352 645 2452 675 cum
2491 634 2538 674 et
2574 630 2622 673 in
2659 629 2854 686 antiquis
2885 626 3009 681 libris

1664 684 1968 742 prudentium,
2015 685 2117 730 licet
2159 688 2351 744 pecunia
2399 687 2640 731 constituta
2682 684 3007 742 nominabatur,

1664 748 1812 785 tamen
1855 753 1947 784 non
1981 743 2196 797 pecuniae
2230 748 2406 788 tantum
2444 756 2524 799 per
2566 755 2663 786 eam
2707 741 3008 799 exigebantur,

1665 798 1743 842 sed
1781 809 1933 841 omnes
1971 809 2044 841 res
2082 811 2193 854 quae
2221 799 2418 855 pondere
2450 811 2632 843 numero
2664 809 2882 851 mensura,
2902 809 3008 855 6011,-

1668 859 1718 897 1e
1783 852 1966 898 stitutae
2004 858 2121 898 sunt.
2192 854 2280 899 Sed
2317 859 2363 899 et
2403 855 2612 912 possibile
2650 857 2720 897 est
2758 864 3022 908 0611163163,

1664 910 1710 953 111
1739 908 1974 965 pecuniam
2005 911 2211 954 converti.
2271 910 2310 955 si
2339 911 2453 954 enim
2484 915 2607 954 certa
2635 909 2791 953 domus
2815 907 2886 953 vel
2913 919 3010 953 cer-

1665 970 1736 1009 tus
1767 977 1872 1021 ager
1899 965 1969 1008 vel
1998 969 2146 1010 certus
2174 966 2306 1011 homo
2336 967 2406 1010 vel
2440 967 2527 1010 alia
2555 979 2627 1010 res
2659 977 2772 1020 quae
2801 975 3012 1021 expressa
3091 996 3093 998 ψ

1667 1026 1734 1065 631
1774 1020 1822 1064 111
1867 1021 2185 1066 constituendis
2227 1023 2360 1066 rebus
2402 1027 2619 1078 ponatur,
2665 1021 2772 1077 quid
2810 1020 2957 1077 11131111-
2984 1032 3021 1071 3ι
3086 1055 3091 1059 .

1670 1077 1726 1121 1d
1780 1076 1958 1121 nomine
1996 1077 2137 1132 ipsius
2175 1078 2423 1133 pecuniae?
2490 1078 2578 1122 Sed
2613 1083 2665 1121 ut
2704 1080 2750 1121 et
2777 1072 3012 1123 subtilitati

1666 1146 1818 1177 eorum
1849 1131 2050 1185 satisfiat,
2082 1133 2157 1188 qui
2186 1146 2276 1177 non
2305 1147 2495 1188 sensum,
2538 1133 2618 1178 3611
2644 1146 2760 1178 vana
2787 1131 3013 1179 nominum

1666 1189 1883 1233 vocabula
1912 1188 2121 1244 amplecti
2149 1189 2415 1242 desiderant,
2455 1191 2519 1233 ita
2553 1202 2704 1233 omnes
2733 1201 2806 1234 res
2835 1186 3015 1232 veniant

1666 1247 1712 1289 in
1743 1245 2055 1298 constitutam,
2094 1249 2319 1301 tamquam
2355 1245 2515 1290 fuisset
2550 1246 2650 1301 ipsa
2687 1245 2878 1302 pecunia
2907 1256 3012 1295 con-

1666 1302 1822 1346 stituta
1835 1335 1846 1355 ,
1905 1314 2006 1344 cum
2059 1300 2193 1344 etiam
2235 1305 2408 1345 veteres
2455 1301 2670 1357 pecuniae
2717 1313 2745 1344 a
2776 1300 3015 1366 pellatione

1667 1371 1817 1402 omnes
1845 1370 1916 1400 res
1948 1356 2187 1411 significari
2216 1356 2433 1400 definiunt
2460 1359 2507 1400 et
2539 1357 2744 1405 huiusmo
2818 1355 3014 1401 vocabu-

1665 1415 1756 1458 lum
1800 1418 1844 1457 et
1884 1413 1932 1456 in
1969 1413 2094 1456 libris
2133 1412 2244 1456 iuris
2283 1416 2519 1457 auctorum
2555 1416 2601 1456 et
2638 1412 2686 1456 in
2716 1412 2806 1456 alia
2832 1411 3018 1469 antiqua

1668 1475 1691 1513 2
1750 1469 1986 1526 prudentia
2022 1468 2379 1512 manifestissime
2412 1468 2638 1512 inventum
2676 1472 2756 1512 est.
2827 1464 2919 1521 His,
2953 1467 3017 1511 vi-
3048 1479 3051 1480 ’

1668 1526 1839 1578 delicet,
1880 1538 1995 1582 quae
2023 1525 2196 1580 argenti
2225 1524 2513 1568 distractores
2544 1529 2589 1568 et
2614 1524 2692 1570 alii
2719 1523 3017 1580 negotiatores

1666 1582 1894 1627 indefense
1934 1581 2268 1635 constituerint,
2317 1582 2363 1624 111
2407 1593 2491 1624 3113
2528 1579 2736 1624 firmitate
2774 1577 3018 1624 secundum

1667 1651 1832 1683 morem
1871 1650 2012 1693 usque
2050 1637 2197 1681 adhuc
2234 1637 2505 1682 obtinentem
2544 1636 2824 1680 durantibus.
2895 1634 2952 1689 D,
2983 1647 3020 1680 x

1667 1695 1710 1738 lc.
1736 1693 1875 1739 Mart.
1901 1693 2299 1752 Constantinopoli
2318 1699 2435 1752 post
2463 1693 2748 1737 consulatum
2775 1691 3020 1751 Lampadii

1667 1756 1712 1796 et
1744 1750 1929 1795 Orestae
1958 1764 2023 1794 vv.
2056 1763 2117 1793 ee.
2825 1748 2882 1813 [a.
2916 1747 3016 1804 531]

1726 1804 1755 1854 3
1789 1806 1915 1850 Idem
1943 1807 1995 1849 A.
2028 1804 2227 1849 Iohanni
2246 1819 2284 1863 p
2323 1840 2331 1848 .
2391 1804 2495 1848 Divi
2522 1804 2739 1848 Hadriani
2767 1804 3016 1860 epistulam,

1668 1875 1781 1919 quae
1834 1863 1888 1906 de
1941 1862 2141 1918 periculo
2197 1819 2430 1905 111νέ611ᾱο
2484 1862 2600 1905 inter
2645 1859 2929 1904 mandatores
2975 1865 3020 1904 61

1666 1919 1949 1963 fideiussores
1993 1918 2210 1974 loquitur,
2254 1918 2401 1962 locum
2445 1918 2611 1962 habere
2655 1921 2700 1960 et
2741 1917 2789 1960 in
2827 1916 2899 1960 1113
2942 1915 3020 1972 qui

1666 1975 1881 2031 pecunias
1912 1988 1994 2031 pro
2024 1974 2122 2017 aliis
2146 1974 2275 2018 simul
2299 1973 2579 2018 constituunt
2602 1971 2907 2026 necessarium·
2925 1975 3019 2029 est:

1668 2031 1903 2088 aequitatis
1935 2031 2051 2074 enim
2078 2029 2192 2074 ratio
2223 2030 2420 2074 diversas
2451 2030 2620 2085 species
2651 2025 2840 2072 actionis
2867 2026 3017 2082 exclu-

1669 2088 1773 2132 dere
1801 2088 1923 2131 nullo
1953 2085 2082 2131 modo
2114 2086 2258 2130 debet.
2317 2085 2373 2130 D.
2404 2084 2447 2129 lc.
2477 2085 2590 2129 Noe.
2625 2079 3020 2143 Constantinopoli

1660 2148 1775 2202 post
1799 2143 2083 2188 consulatum
2108 2141 2352 2201 Lampadii
2377 2148 2422 2186 et
2443 2140 2630 2187 Orestae
2650 2153 2716 2186 vv.
2732 2152 2794 2185 ee.
2840 2139 2900 2198 [a.
2918 2138 3021 2198 531]

2233 2312 2459 2363 XVIIII.⁷

2063 2397 2141 2436 DE
2170 2395 2635 2437 PnonAriomnus.

1731 2476 1756 2524 1
1794 2476 1940 2536 Impp.
1973 2476 2166 2523 Severus
2194 2482 2240 2522 et
2266 2478 2525 2522 Antoninus
2553 2478 2645 2522 AA.
2677 2475 2911 2525 Faustino.
2958 2474 3022 2521 Ut

1671 2534 1876 2586 creditor,
1908 2534 1986 2591 qui
2013 2534 2249 2589 pecuniam
2278 2535 2402 2590 petit,
2434 2538 2708 2588 numeratam
2733 2531 2919 2590 implere
2941 2544 3020 2579 co-

1668 2592 1800 2646 gitur,
1829 2591 1894 2634 ita
1921 2604 2097 2634 rursum
2128 2591 2315 2643 debitor,
2348 2591 2424 2646 qui
2455 2591 2647 2635 solutam
2677 2589 2894 2643 adfirmat,
2923 2584 3021 2643 eius

1669 2647 1734 2690 rei
1762 2647 2069 2702 probationem
2098 2652 2328 2703 praestare
2359 2647 2503 2690 debet.
2573 2645 2668 2691 ΡΡ.
2690 2645 2818 2706 prid.
2855 2643 2900 2699 lc.
2930 2643 3019 2690 Iul.

1669 2703 1849 2747 Dextro
1882 2714 1929 2745 ΙΙ
1954 2707 2000 2747 et
2026 2701 2188 2746 Prisco
2219 2716 2364 2746 conss.
2832 2702 2890 2759 [a.
2923 2696 3020 2758 196]

1728 2757 1759 2803 2
1806 2757 1875 2800 Im
1912 2793 1920 2801 .
1966 2758 2223 2801 Antoninus
2265 2759 2317 2802 A.
2361 2759 2615 2802 Auluzano.
2692 2757 3020 2814 Possessiones‚

1671 2826 1780 2868 quas
1820 2826 1847 2856 a
1915 2818 1960 2857 te
1999 2813 2221 2868 pertinere
2258 2814 2387 2866 dicis,
2427 2826 2550 2857 more
2578 2813 2845 2869 iudiciorum,
2869 2825 3019 2870 perse-

1671 2882 1819 2925 quere.
1879 2882 1964 2913 nec
1994 2870 2108 2912 enim
2129 2871 2379 2925 possessori
2407 2870 2625 2914 incumbit
2647 2869 2890 2920 necessitas
2914 2880 3018 2936 pro·-

1670 2924 1807 2969 bandi
1850 2937 1925 2969 eas
1966 2925 2023 2968 ad
2067 2937 2114 2968 se
2156 2926 2403 2981 pertinere,
2450 2939 2550 2969 cum
2591 2930 2638 2970 te
2675 2925 2723 2969 in
2755 2926 3021 2982 probatione

1673 2985 1876 3025 cessante
1920 2980 2160 3024 dominium
2201 2982 2319 3037 apud
2364 2994 2465 3026 eum
2505 2985 2744 3026 remaneat.
2826 2979 2921 3035 Pp,
2953 2981 3023 3034 zv

1669 3037 1712 3081 lc.
1744 3036 1849 3081 Dee.
1882 3036 2024 3080 Laeto
2054 3042 2100 3080 et
2130 3036 2310 3081 Cereale
2339 3051 2484 3082 conss.
2842 3051 2884 3090 a.
2916 3037 3016 3094 215]

1729 3090 1759 3140 3
1793 3091 1881 3136 ⁸Im
1917 3127 1926 3136 .
1950 3093 2214 3137 Alexander
2239 3095 2292 3138 A.
2321 3093 2528 3138 Leaenae
2555 3099 2601 3139 et
2627 3092 2776 3152 Lupo.
2917 3105 3020 3150 per-

1671 3161 1783 3193 sona
1827 3161 1878 3192 co
1897 3148 2021 3204 legae
2063 3149 2134 3192 avi
2175 3150 2310 3194 vestri
2348 3150 2572 3194 conveniri
2614 3163 2706 3194 non
2748 3148 2938 3204 debetis,
2982 3148 3022 3197 si
3087 3194 3090 3196 .

1671 3204 1859 3249 eundem
1897 3205 2111 3259 collegam
2156 3209 2244 3248 tem
2278 3218 2355 3250 ore
2399 3205 2589 3262 depositi
2630 3205 2770 3258 officii
2812 3204 3019 3260 solvendo
3052 3218 3054 3220 ·

1670 3261 1809 3325 fuisse
1852 3260 2148 3306 ostenderitis.
2220 3219 2316 3306 IPP.
2359 3274 2388 3305 V
2425 3260 2469 3306 lc.
2508 3261 2628 3312 Iam.
2649 3260 2932 3322 Pompeiano
2975 3267 3021 3306 et

1671 3316 1863 3375 Pelzqno
1895 3330 2040 3361 conss.
2830 3321 2888 3372 [a.
2920 3316 3018 3371 231]

1728 3372 1760 3419 4
1805 3372 1949 3417 ⁸Idem
1987 3375 2040 3417 A.
2084 3374 2231 3419 Avito.
2310 3374 2604 3430 Proprietatis
2648 3373 2887 3427 dominium
2929 3386 3021 3430 11011

1670 3433 1843 3473 1311111111
1872 3430 2165 3474 instrumento
2197 3431 2444 3486 emptionis,
2477 3431 2556 3475 sed
2586 3443 2640 3474 ex
2669 3430 2933 3486 quibuscum
2963 3442 3020 3475 ue

1671 3485 1771 3530 aliis
1800 3485 2004 3542 legitimis
2033 3486 2375 3542 probationibus
2406 3487 2664 3531 ostenditur.
2721 3485 2816 3531 ΡΡ.
2841 3484 2886 3530 lc.
2946 3499 3016 3586 ἕξ.

2844 3555 2886 3586 a.
2918 3545 2947 3584 2·

1727 3597 1757 3644 5
1803 3596 1919 3656 Imp.
1959 3596 2204 3656 Philippus
2241 3598 2293 3641 A.
2343 3602 2388 3642 et
2422 3595 2666 3656 Philippus
2712 3596 2756 3642 C.
2796 3545 3016 3657 Sartoriol

1669 3654 1970 3698 Instrumenta
2009 3653 2254 3698 domestica
2291 3666 2371 3698 seu
2399 3656 2574 3710 privata
2612 3653 2793 3698 testatio
2829 3665 2911 3698 3611
2937 3652 3018 3709 ad-

1671 3711 1839 3754 notatio
1852 3743 1864 3764 ,
1905 3709 1944 3753 si
1980 3723 2071 3754 non
2099 3709 2198 3753 aliis
2228 3722 2404 3765 quoque
2431 3709 2710 3755 adminiculis
2738 3709 3016 3766 adiuventur,

1671 3767 1729 3810 ad
1771 3765 2079 3831 probationem
2122 3766 2219 3810 sola
2261 3779 2351 3810 non
2395 3765 2636 3810 sufficiunt.
2708 3763 2805 3810 ΡΡ.
2843 3777 2918 3810 νιι
2953 3764 3014 3811 id.

1671 3822 1816 3881 April.
1847 3820 1972 3865 Phili
1997 3835 2066 3880 po
2095 3822 2147 3865 A.
2180 3827 2225 3866 et
2255 3821 2435 3866 Titiano
2466 3835 2610 3866 conss.
2826 3825 2884 3875 [a.
2916 3825 3014 3874 245]

1730 3876 1762 3925 6
1792 3836 2002 3942 qumss
2013 3882 2060 3921 et
2090 3876 2133 3921 C.
2159 3876 2368 3921 Romulo.
2418 3877 2640 3923 >Rationes
2663 3876 2874 3930 defuncti,
2901 3888 3016 3933 quae

1670 3935 1717 3978 in
1755 3934 1885 3978 boms
1921 3945 2018 3977 eius
2052 3933 2357 3987 inveniuntur,
2397 3934 2456 3978 ad
2490 3934 2796 3990 probationem
2823 3932 2910 3978 sibi
2937 3932 3014 3976 116-

1671 3991 1792 4034 bitae
1821 3989 2081 4055 quantitatis
2120 3989 2238 4033 solas
2270 3989 2477 4034 sufficere
2506 4004 2594 4034 non
2623 4001 2755 4046 posse
2783 4000 2916 4045 saepe
2943 4001 3013 4033 re-

1675 4050 1695 4089 1
1756 4049 1972 4102 scriptum
2002 4049 2082 4088 est.
2149 4045 2359 4089 Eiusdem
2396 4046 2504 4090 iuris
2545 4051 2613 4089 est
2648 4049 2692 4089 et
2721 4044 2758 4089 si
2785 4043 2833 4088 in
2860 4043 3016 4088 ultima

1671 4102 1898 4146 voluntate
1927 4100 2162 4145 defunctus
2189 4106 2355 4146 certam
2377 4102 2592 4158 pecuniae
2618 4099 2907 4157 quantitatem
2935 4105 3015 4144 aut

1671 4157 1805 4201 etiam
1834 4169 1905 4201 res
1939 4161 2085 4201 certas
2115 4157 2265 4201 deberi
2293 4158 2376 4201 sibi
2407 4156 2718 4213 significaverit
2733 4157 2781 4199 ¹⁰.
2825 4154 2920 4200 ΡΡ.
2950 4155 3010 4200 id.

1672 4213 1781 4257 Mai.
1813 4212 2029 4270 Philippo
2060 4214 2112 4257 A.
2143 4218 2187 4258 et
2217 4213 2395 4258 Titiano
2427 4226 2571 4258 conss,
2825 4217 2882 4266 [a.
2913 4215 3010 4264 245]

1669 3542 1936 3586 Alexandro
1966 3542 2018 3585 A.
2051 3543 2198 3586 eons.⁹

1662 4355 1880 4408 ponendae
1893 4355 2086 4409 fuissent,
2111 4354 2400 4407 confirmantS
2415 4354 2511 4396 etB
2567 4353 2625 4405 (9)
2644 4355 2703 4395 sic
2719 4355 2764 4407 P,
2790 4352 3012 4396 alexandro

622 4409 676 4459 (2)
706 4410 763 4449 sic
794 4411 883 4449 dett.
916 4423 999 4449 cum
1029 4407 1056 4448 l.
1084 4422 1197 4461 qem„
1227 4411 1482 4461 separatione
1514 4409 1587 4452 CR
1670 4423 1705 4451 a.
1736 4423 1790 4450 111
1819 4413 1861 4451 et
1889 4410 2012 4452 dione
2040 4423 2168 4451 conss.
2200 4413 2272 4464 (=
2301 4427 2340 4452 a.
2363 4410 2449 4462 229)
2477 4409 2581 4450 Hal.

2696 4409 2772 4462 (10)
2803 4423 2908 4464 quac
2935 4411 3010 4452 ad·

1174 4465 1229 4514 (4)
1258 4477 1287 4502 v
1318 4466 1439 4518 Hal,
1475 4480 1523 4506 vr
1554 4467 1595 4506 P
1671 4467 1819 4507 duntur
1848 4468 1889 4507 in
1914 4466 1958 4507 B
1988 4476 2128 4508 contra
2158 4468 2383 4521 defunctum
2399 4466 2531 4518 fidem
2561 4466 2706 4507 haben·
2731 4467 2858 4519 ipsius
2885 4467 3010 4507 ratio·

1671 4524 1788 4563 nibus
1818 4530 1854 4562 et
1881 4530 2121 4572 testamento,
2153 4524 2194 4564 in
2224 4524 2367 4577 quibus
2393 4536 2436 4563 sc
2466 4522 2606 4563 debere
2629 4523 2837 4575 professus
2865 4521 2931 4571 cie,
2961 4535 3010 4562 ea

1677 4576 1715 4619 Τ
1713 4578 1916 4619 halciacus
1943 4579 2100 4619 videtur
2129 4579 2340 4620 addidisse
