3034 4776
102 154 323 206 V11.2

99 310 282 352 genuum
312 308 358 338 se
388 306 482 336 esse
511 290 718 333 mentitus
746 290 829 333 sub
860 287 1070 348 mercede·
1082 282 1200 338 apud
1230 281 1288 346 ali
1319 293 1418 323 uem

98 358 121 394 4
165 352 307 401 fuerit,
324 349 430 391 nihil
446 348 484 389 is
500 346 573 400 qui
589 357 687 387 eum
703 344 860 386 habuit
876 342 1036 398 poterit
1058 346 1263 381 incusari.
1335 347 1419 378 ane

97 405 358 458 mancipium
388 399 580 455 torqueri
610 403 796 452 oportet,
827 403 876 441 ut
904 394 1249 454 manifestetur,.
1270 395 1418 433 utrum

96 465 273 515 propter
324 459 492 500 lucrum
548 453 808 508 capiendum
864 451 1019 512 callide
1061 461 1088 490 a
1136 447 1311 511 dommo
1362 444 1420 488 ad

96 516 267 558 domum
305 513 369 555 vel
409 523 558 564 agrum
598 509 690 551 eius
731 508 804 572 qui
847 508 1041 559 suscepit
1076 503 1297 545 immlssus
1336 503 1417 565 est,

96 576 118 612 5
178 583 234 612 an
262 581 360 610 non.
421 565 545 619 Quod
582 563 619 605 si
657 563 845 616 maligne
881 563 1046 603 factum
1085 570 1183 601 esse
1219 569 1274 600 ex
1305 568 1420 620 servi

94 623 430 678 interrogatione
474 618 684 674 patuerit,
735 629 857 660 servo
902 615 1031 657 etiam
1077 626 1156 657 suo
1200 625 1310 677 eum·
1345 625 1419 668 qui

96 682 177 723 hoc
213 678 365 722 fecerit
404 674 564 731 privari
606 676 781 730 oportet
824 676 867 714 et
911 670 967 712 ad
1004 669 1159 713 fiscum
1229 673 1419 712 ertmere

93 734 364 788 mancipium.
424 730 478 774 D.
517 742 542 772 V
569 728 611 773 lc.
632 727 717 772 Iul.
753 725 1092 771 Thessalonicae
1112 724 1198 769 Gal
1214 725 1346 769 icano
1377 729 1422 768 et

93 790 238 834 Basso
269 799 410 831 consa
1229 785 1286 834 [a.
1319 783 1417 845 317]

147 844 174 889 5
227 843 366 886 ¹Idem
410 842 460 885 A.
507 841 567 884 ad
610 838 887 883 Ianuarium.
968 837 1194 894 Mancipia
1237 836 1418 880 diversis

91 901 256 943 artibus
294 898 512 953 praedita,
554 908 666 952 quae
695 895 752 939 ad
780 907 871 938 rem
900 894 1150 949 publicam²
1187 893 1418 948 pertinent,

91 956 135 998 in
178 955 313 997 isdem
357 953 604 997 civitatibus
648 952 795 1007 placet
838 962 1113 1005 permanere,
1158 949 1222 992 ita
1264 954 1335 1001 ut,
1382 948 1420 991 si

92 1012 185 1066 quis
238 1010 325 1052 tale
375 1008 641 1064 mancipium
693 1006 996 1050 sollicitaverit
1036 1005 1103 1049 vel
1147 1004 1419 1048 avocandum

90 1065 341 1117 crediderit,
388 1078 487 1108 cum
532 1076 655 1107 servo
700 1063 838 1106 altero
879 1061 1163 1104 sollicitatum
1202 1061 1418 1114 restituat,

91 1122 317 1166 duodecim
355 1119 594 1164 solidorum
632 1130 800 1161 summa
837 1117 1065 1160 inferenda
1108 1116 1172 1159 rei
1215 1117 1420 1172 publicae

91 1179 205 1221 illius
250 1176 462 1226 civitatis,
520 1175 645 1218 cuius
690 1173 957 1228 mancipium
1000 1172 1204 1215 abduxit:
1250 1172 1420 1215 libertis

90 1245 260 1288 quoque
290 1232 545 1281 artificibus,
585 1231 621 1273 si
651 1230 874 1273 sollicitati
903 1229 1086 1282 fuerint,
1133 1241 1230 1271 cum
1270 1228 1421 1271 eadem

89 1291 229 1332 forma
269 1287 434 1330 civitati
472 1286 723 1330 reddendis:
764 1286 827 1328 ita
865 1291 915 1327 ut
952 1297 1032 1339 pro
1069 1284 1249 1339 fugitivo
1281 1296 1419 1335 servo,

90 1346 128 1389 si
170 1343 462 1387 sollicitudine
507 1341 752 1386 defensoris
797 1354 885 1384 non
923 1340 1059 1384 fuerit
1095 1340 1333 1395 requisitus
1377 1345 1422 1383 et

90 1405 341 1454 revocatus,
380 1399 496 1442 idem
536 1398 742 1441 defensor
770 1396 857 1440 duo
887 1396 1051 1439 vicaria
1079 1396 1300 1451 mancipia
1330 1396 1419 1438 exi-

89 1460 230 1511 gatur,
260 1466 342 1498 nee
371 1453 583 1498 beneficio
614 1452 845 1508 principali
875 1465 955 1496 nec
979 1451 1226 1496 venditione
1255 1452 1302 1495 in
1327 1453 1421 1495 eius

88 1524 278 1567 persona
314 1511 400 1554 iam
438 1511 492 1553 de
523 1514 667 1554 cetero
695 1508 909 1552 valituris.
969 1507 1023 1552 D.
1057 1509 1173 1551 XV1³
1208 1507 1251 1552 lc.
1283 1507 1420 1552 Mart.

92 1567 382 1612 Constantino
413 1569 464 1610 A.
504 1578 533 1609 V
556 1570 602 1609 et
628 1564 803 1608 Licinio
837 1563 879 1608 C.
911 1577 1053 1608 conss.
1235 1569 1291 1617 [a.
1324 1567 1420 1616 319]

146 1621 176 1670 6
208 1622 332 1666 Idem
360 1623 412 1666 A.
444 1621 504 1666 ad
536 1621 816 1665 Tiberianum
848 1621 1048 1664 comitem
1081 1619 1421 1677 Hispaniarum.

89 1679 198 1723 Cum
250 1691 419 1721 servum
474 1677 691 1733 quispiam
744 1677 903 1731 repetit
949 1676 1178 1730 fugitivum
1222 1681 1265 1719 et
1309 1676 1422 1720 alius

93 1734 291 1779 vitandae
330 1734 437 1789 legis
475 1734 639 1789 gratia,
681 1744 794 1786 quae
823 1732 867 1774 in
899 1733 1173 1775 occultantes
1202 1732 1424 1788 mancipia

92 1796 255 1834 certam
285 1803 471 1844 poenam
501 1789 668 1840 statuit,
699 1787 1012 1843 proprietatem
1043 1794 1250 1843 opponet,
1282 1789 1349 1832 vel
1377 1789 1424 1832 in

91 1859 240 1890 vocem
279 1845 495 1889 libertatis
535 1858 634 1888 eum
674 1844 950 1895 animaverit,
990 1843 1091 1886 ilico
1132 1844 1423 1900 nequissimus

91 1903 271 1945 verbero
309 1914 440 1956 super
479 1914 564 1955 quo
603 1899 837 1953 ambigitur
884 1900 1112 1943 tormentis
1162 1900 1423 1952 subiciatur,

96 1963 112 2000 1
161 1963 212 2001 ut
235 1960 388 2012 aperta
411 1957 594 1999 veritate
617 1956 902 2009 diceptationi
926 1956 1136 1998 terminus
1160 1955 1251 1999 fiat.
1299 1956 1425 2011 Quod

93 2027 181 2056 non
211 2014 353 2056 solum
381 2013 578 2067 utrisque
607 2011 882 2066 iurgantibus
922 2011 1139 2066 proderit,
1178 2012 1254 2055 sed
1294 2013 1425 2055 etiam

93 2082 314 2112 servorum
353 2070 522 2111 animos
563 2081 589 2110 a
627 2067 732 2121 fuga
767 2067 930 2122 poterit
968 2067 1203 2112 deterrere.
1271 2067 1325 2111 D.
1358 2080 1429 2111 XV

92 2124 132 2167 lc.
166 2123 310 2181 θερί*
356 2123 749 2180 Constantinopoli
793 2121 1043 2167 Pacatiano
1092 2129 1137 2167 et
1181 2123 1423 2168 Hilariano

93 2193 234 2223 conss.
1252 2194 1292 2223 a.
1326 2183 1405 2224 332

150 2234 178 2280 7
211 2234 388 2299 Imppp.
419 2234 759 2278 Valentinianus
781 2232 945 2276 Valens
969 2239 1013 2277 et
1030 2184 1276 2278 Gratiamis
1290 2184 1423 2278 AAAi

91 2291 153 2334 ad
180 2291 368 2334 Felicem
405 2291 685 2333 consularem
700 2292 726 2331 ⁵.
795 2288 842 2331 Si
881 2289 978 2342 quis
1018 2301 1190 2332 servum
1229 2289 1424 2335 fiscalem

90 2346 308 2401 putaverit
351 2345 683 2397 occultandum,
729 2357 818 2388 non
858 2343 999 2387 solum
1038 2357 1138 2388 eum
1176 2346 1423 2400 restituere,

92 2402 168 2444 sed
211 2402 342 2444 etiam
385 2401 614 2443 duodecim
652 2400 789 2443 libras
830 2400 1002 2454 argenti
1036 2413 1207 2456 poenae
1248 2403 1425 2446 nomine

92 2457 188 2500 fisci
215 2457 380 2500 viribus
411 2456 658 2511 dependere
688 2455 990 2510 compellatur.
1050 2455 1103 2499 D.
1125 2469 1170 2500 II
1191 2456 1250 2501 id.
1276 2458 1423 2516 April.

94 2512 311 2556 Gratiano
342 2513 393 2555 A.
426 2524 470 2555 11
497 2518 542 2556 et
568 2510 721 2555 Probo
753 2524 897 2555 conss,
1236 2518 1293 2566 [a.
1326 2517 1423 2568 371]

148 2566 178 2615 8
210 2567 309 2626 Imp
338 2581 388 2625 p.
432 2567 775 2612 Valentinianus
815 2566 1091 2612 Theodosius
1131 2574 1176 2612 et
1202 2570 1427 2614 Arcadius

92 2626 221 2668 AAA.
265 2582 425 2668 Algino
458 2638 537 2681 pu.
579 2622 761 2667 Romae.
827 2622 874 2666 Si
913 2622 988 2679 qui
1024 2625 1300 2679 publicorum
1332 2640 1424 2671 ser-

92 2694 241 2724 vorum
281 2679 461 2723 fabricis
499 2693 575 2723 seu
613 2678 708 2722 aliis
740 2679 945 2734 operibus
975 2679 1174 2735 deputati
1202 2687 1426 2738 tamquam

93 2737 296 2791 propriae
338 2735 605 2780 condicionis
645 2735 916 2778 immemores
959 2735 1158 2780 domibus
1194 2750 1241 2781 se
1271 2738 1424 2782 alienis

94 2795 139 2835 et
162 2792 431 2856 privatarum
455 2791 714 2834 ancillarum
742 2791 975 2834 consortiis
1011 2792 1305 2846 adiunxerint,
1336 2799 1426 2838 tam

93 2847 179 2902 ipS1
217 2851 544 2902 quamuxores
582 2859 732 2890 eorum
771 2850 816 2889 et
853 2846 979 2890 liberi
1016 2847 1245 2892 confestim
1276 2851 1426 2894 condi-

96 2903 210 2946 cioni
244 2902 458 2971 pristinae
497 2902 728 2957 laborique
775 2903 1079 2947 restituantur.
1154 2903 1207 2947 D.
1248 2917 1342 2948 νη]
1383 2905 1425 2950 lc.

95 2961 206 3016 Auq.
243 2959 434 3002 [imasio
466 2964 510 3003 et
540 2958 755 3002 Promoto
787 2971 928 3001 conss.
1241 2965 1298 3013 [a.
1331 2965 1426 3015 389]

713 3156 799 3204 11.⁶

235 3253 309 3292 DE
339 3252 537 3293 FURTIS
568 3252 640 3292 ET
671 3253 746 3292 DE
777 3252 955 3295 SERVO
988 3253 1290 3297 CORRUPTO.

155 3345 177 3391 1
221 3345 361 3404 Impp.
394 3346 583 3391 Severus
613 3352 657 3391 et
685 3348 938 3392 Antoninus
966 3350 1058 3393 AA.
1095 3348 1329 3408 Theoqeni.
1384 3351 1430 3395 Si

98 3402 286 3457 pecunia
337 3407 415 3445 tua
466 3404 778 3447 mandantibus
831 3405 969 3449 servis
1019 3405 1197 3461 quidam
1246 3407 1430 3462 praedia

100 3463 482 3513 comparaverunt,
513 3460 670 3512 eligere
698 3459 855 3513 debes,
895 3464 1043 3504 utrum
1072 3461 1181 3506 furti
1211 3463 1430 3508 actionem

99 3517 144 3556 et
180 3513 495 3557 condictionem
535 3528 592 3557 an
630 3516 824 3558 mandati
861 3517 1007 3571 potius
1046 3518 1209 3562 inferre
1251 3518 1426 3564 debeas

100 3581 240 3624 neque
283 3569 396 3612 enim
440 3571 636 3624 aequitas
680 3572 869 3625 patitur,
914 3576 963 3615 ut
997 3579 1040 3616 et
1085 3575 1276 3619 criminis
1323 3589 1428 3620 cau-

100 3638 192 3668 sam
254 3627 497 3681 ersequaris
533 3631 576 3670 et
608 3626 751 3670 bonae
786 3627 890 3670 fidei
923 3633 1198 3673 contractum
1227 3631 1429 3687 impleri⁷

100 3686 229 3736 postu
249 3693 308 3724 es.
367 3680 421 3724 D.
455 3693 511 3725 Χ]
547 3681 588 3724 lc.
620 3681 728 3724 Mai.
761 3682 922 3726 Severo
952 3688 1003 3727 A.
1038 3698 1080 3728 11
1114 3694 1158 3730 et
1197 3687 1428 3732 Victorino

100 3750 241 3780 conss.
1241 3748 1296 3795 [a.
1331 3747 1428 3795 200]

156 3791 185 3837 2
218 3791 342 3836 Idem
370 3795 462 3836 AA.
501 3793 867 3851 neqotiatoribus
926 3796 1146 3841 Incivilem
1186 3811 1277 3842 rem
1314 3798 1429 3843 desi-

102 3848 285 3903 deratis,
326 3852 376 3891 ut
412 3850 583 3903 agnitas
620 3862 691 3893 res
728 3849 909 3894 furtivas
945 3867 1034 3896 non
1068 3854 1190 3907 prius
1221 3854 1429 3907 reddatis,

101 3917 229 3958 quam
271 3904 460 3960 pretium
503 3905 639 3948 fuerit
681 3906 876 3949 solutum
918 3920 945 3950 a
996 3909 1193 3954 dominis.
1277 3917 1430 3955 curate

100 3960 230 4014 igitur
266 3960 440 4003 cautius
479 3961 715 4016 negotiari,
755 3974 810 4004 ne
848 3976 935 4006 non
973 3970 1144 4008 tantum
1182 3966 1228 4009 in
1270 3967 1431 4010 damna

101 4015 371 4069 huiusmodi,
411 4016 489 4060 sed
526 4018 657 4061 etiam
695 4017 741 4060 in
777 4018 966 4062 criminis
998 4021 1292 4076 suspicionem
1321 4023 1429 4067 inci-

101 4071 230 4116 datis.
275 4072 366 4115 PP.
385 4083 451 4115 111
473 4072 515 4116 lc.
535 4073 639 4116 Dec.
659 4072 812 4117 Cilone
827 4080 869 4116 et
886 4073 1051 4119 Libone
1067 4090 1209 4121 conss.
1257 4083 1312 4131 [a.
1332 4083 1429 4131 204]

158 4125 186 4173 3
220 4126 332 4184 Imp.
364 4128 618 4172 Antoninus
655 4129 706 4172 A.
739 4128 958 4173 Secundo.
1025 4131 1070 4174 Si
1109 4134 1301 4177 nondum
1339 4147 1431 4177 rem

103 4183 264 4238 templo
296 4183 440 4227 divino
470 4185 714 4228 dedicatam
744 4184 925 4228 vitricus
955 4191 1057 4230 tuus
1087 4188 1205 4233 furto
1232 4191 1429 4243 abstulit,

112 4325 160 4374 (1)
193 4325 250 4365 ad
263 4324 502 4364 Ianuarium
521 4325 662 4364 similis
690 4324 912 4377 aryumenli
935 4324 1032 4363 data
1056 4334 1110 4365 est
1137 4329 1198 4378 ¹1,
1216 4336 1276 4378 68,
1293 4337 1314 4369 2
1345 4330 1445 4369 anni

114 4381 253 4420 incerti
334 4382 388 4431 (2)
418 4381 476 4420 sic
498 4379 593 4425 LR,
626 4379 677 4419 ad
707 4379 767 4419 rei
796 4376 985 4430 publicae
1021 4380 1055 4420 C
1135 4384 1188 4432 (3)
1218 4396 1292 4423 xvi
1328 4385 1440 4433 Hal„

114 4448 174 4473 xv
191 4435 229 4475 L
314 4437 365 4484 (4)
396 4437 455 4475 sic
472 4435 588 4485 Hah,
605 4435 642 4474 d.
661 4447 707 4474 v1
723 4435 763 4473 k.
780 4446 874 4474 nov,
892 4434 927 4474 L
1015 4436 1067 4485 (5)
1098 4438 1285 4478 comitem
1309 4452 1442 4480 sacra-

117 4503 206 4529 rum
237 4490 470 4540 largionum
493 4490 778 4542 Gofflufwdus,
809 4490 862 4542 cll
884 4491 946 4540 10,
972 4497 1004 4539 3,
1031 4499 1074 4531 6:
1107 4493 1272 4535 Felicem
1302 4510 1441 4536 coneu-

110 4547 228 4587 larem
254 4548 519 4589 Macedoniae
548 4551 611 4590 vel
641 4550 886 4602 Campaniae
908 4565 946 4589 a.
963 4558 1031 4591 365
1057 4554 1232 4594 nominat
1258 4555 1430 4597 Consule.

111 4602 146 4641 ᾗ,
166 4609 197 4646 7,
229 4603 356 4639 eodem
377 4619 477 4640 (nmo
505 4605 667 4643 Felicem
695 4606 884 4644 vicarium
904 4605 1168 4647 Macedoniae
1199 4609 1339 4650 laudat
1358 4611 1430 4651 Th.

1400 124 1509 182 '238

2532 145 2606 184 DE
2641 142 2831 184 FURTis

1502 277 1641 321 habes
1685 276 1894 324 adversus
1939 292 2038 325 eum
2081 279 2188 324 furti
2231 278 2462 324 actionem.
2527 280 2621 327 ΡΡ.
2659 286 2738 327 71⁸
2773 282 2830 327 ia.

1505 332 1626 390 Sept.
1658 331 1799 377 Laeto
1830 345 1879 378 ΙΙ
1902 341 1948 381 et
1978 335 2158 382 Cereale
2186 347 2329 379 conss.
2645 342 2704 393 [a.
2735 341 2832 389 215]

1558 386 1592 433 4
1621 386 1758 445 ⁹Imp.
1787 389 2049 436 Alexander
2075 393 2127 436 A.
2158 390 2343 435 Aurelio
2374 387 2560 436 Herodi.
2610 393 2834 438 Adversus

1502 455 1603 487 eum
1627 442 1878 498 dumtaxat,
1917 459 2047 502 quem
2077 459 2248 492 servum
2271 449 2398 489 tuum
2422 447 2686 494 sollicitasse
2710 449 2834 502 dicis,

1503 499 1540 543 si
1576 511 1678 542 eum
1716 499 1946 546 deterioris
1987 503 2121 546 animi
2159 502 2288 555 fecit,
2330 501 2443 545 servi
2482 505 2678 560 corrupti
2707 518 2735 548 a
2763 517 2836 549 ere

1503 559 1643 610 potes.
1709 556 1828 610 quod
1865 557 1904 601 si
1939 558 2223 602 sollicitatum
2262 557 2522 610 occultavit,
2555 559 2691 604 etiam
2780 560 2836 604 rti

1504 624 1602 654 cum
1647 611 1749 655 eo³⁰
1790 624 1920 668 agere
1962 619 2103 670 potes.
2177 626 2288 669 quas
2333 613 2532 657 actiones
2576 614 2707 658 etiam
2754 626 2836 673 per

1503 670 1835 723 procuratorem
1871 681 2075 714 exercere
2113 669 2289 713 minime
2326 668 2589 724 prohiberis.
2656 669 2748 714 ΡΡ.
2777 670 2838 715 id.

1505 721 1563 766 Se
1600 727 1626 766 t.
1659 721 1925 769 Alexandro
1954 727 2006 769 A.
2038 738 2157 770 cons.

1632 776 1758 822 Idem
1797 779 1849 823 A.
1892 778 2110 826 Cornelio.
2181 780 2314 825 Civile
2352 783 2443 834 est,
2486 779 2605 835 quod
2633 792 2661 824 a
2688 785 2734 824 te
2760 780 2840 825 ad-

1503 834 1719 878 versarius
1756 837 1862 878 tuus
1899 836 2053 892 exigit,
2090 840 2142 881 ut
2185 837 2269 892 rei,
2309 849 2439 892 quam
2476 837 2596 892 apud
2633 842 2678 880 te
2705 837 2841 882 fuisse

1504 890 1709 942 fatearis,
1759 891 1968 935 exhibeas
2011 893 2294 937 venditorem.
2369 905 2472 936 nam
2509 904 2542 935 a
2586 894 2841 937 transeunte

1505 946 1634 989 etiam
1662 945 1812 1000 ignoto
1843 946 1999 992 emisse
2029 948 2176 992 dicere
2211 961 2299 992 non
2330 947 2534 993 convenit
2561 948 2726 993 volenti
2754 948 2842 993 evi·

1504 1005 1600 1046 tare
1630 1002 1819 1046 alienam
1846 1003 1949 1047 boni
1978 1004 2060 1047 viri
2089 1005 2398 1061 suspicionem.
2459 1003 2552 1048 ΡΡ.
2577 1016 2648 1048 111
2671 1003 2714 1048 lc.
2731 1002 2841 1049 Mai.

1504 1057 1711 1102 Maximo
1744 1070 1786 1101 11
1814 1065 1858 1103 et
1885 1059 2076 1104 Aeliano
2106 1074 2249 1104 conss.
2655 1064 2713 1113 [a.
2745 1063 2843 1114 223]

1562 1112 1592 1160 6
1625 1112 1751 1158 Idem
1779 1116 1830 1158 A.
1862 1114 2142 1172 Pythodoro.
2203 1117 2406 1160 Alienum
2440 1129 2614 1159 servum
2642 1115 2740 1161 sine
2767 1129 2844 1161 vo>-

1506 1171 1676 1213 luntate
1715 1170 1879 1214 domini
1916 1171 1990 1226 qui
2029 1171 2173 1215 sciens
2212 1172 2408 1215 vendidit
2446 1185 2525 1216 seu
2565 1171 2742 1216 donavit
2776 1173 2846 1216 vel

1505 1227 1591 1270 alio
1630 1226 1760 1270 modo
1798 1226 2026 1279 alienavit,
2063 1227 2172 1270 nihil
2201 1227 2375 1272 domino
2407 1228 2648 1272 diminuere
2676 1231 2844 1285 potest:

1505 1288 1549 1327 et
1579 1283 1616 1326 si
1645 1287 1891 1326 contractet
1919 1283 1988 1326 vel
2015 1283 2136 1338 apud
2164 1296 2212 1326 se
2241 1283 2491 1336 detinuerit,
2521 1284 2692 1328 furtum
2719 1283 2842 1328 facit.

1506 1337 1597 1382 ΡΡ.
1625 1350 1675 1381 VJ
1697 1337 1739 1381 lc.
1759 1338 1857 1382 Ian.
1876 1337 2083 1383 Maximo
2100 1350 2147 1381 Π
2167 1343 2211 1383 et
2228 1339 2418 1383 Aeliano
2445 1342 2632 1383 conss.²²
2671 1344 2728 1392 [a.
2745 1342 2845 1392 223]

1563 1392 1591 1440 7
1626 1393 1750 1438 Idem
1780 1396 1831 1438 A.
1863 1394 1997 1439 Dato.
2057 1394 2104 1438 Si
2132 1394 2193 1448 is,
2231 1395 2305 1439 cui
2333 1399 2378 1438 te
2407 1395 2639 1450 pecuniam
2667 1394 2725 1439 ad
2752 1405 2846 1439 ma·

1505 1456 1616 1493 trem
1667 1455 1791 1493 tuam
1842 1450 2150 1506 perferendam
2208 1449 2382 1494 dedisse
2425 1451 2659 1507 proponis,
2711 1463 2849 1510 parva

1507 1506 1754 1561 quantitate
1784 1512 2014 1550 numerata
2042 1506 2256 1562 reliquam
2284 1507 2330 1550 in
2355 1520 2463 1559 usus
2490 1520 2594 1552 suos
2619 1507 2846 1560 convertit,

1507 1564 1676 1607 furtum
1704 1563 1822 1606 fecit.
1883 1562 1975 1607 ΡΡ.
1993 1562 2160 1620 prid.¹²
2188 1562 2248 1607 id.
2268 1561 2368 1607 Iun.
2394 1562 2600 1608 Modesto
2628 1569 2675 1608 et
2693 1562 2847 1672 13302ῠᾶ

1508 1632 1652 1663 conss.
2657 1624 2716 1673 [a.
2871 1643 2873 1645 ·

1566 1673 1595 1723 8
1628 1673 1753 1718 Idem
1782 1676 1833 1718 A.
1877 1673 2065 1718 Valenti.
2125 1675 2276 1719 Etiam
2311 1674 2421 1719 furti
2455 1675 2631 1720 actione
2658 1675 2848 1720 tributo·

1507 1745 1605 1776 rum
1645 1735 1828 1774 exactor
1866 1735 2062 1782 tenetur,
2099 1732 2137 1775 si
2175 1744 2265 1785 non
2303 1737 2506 1775 cessante
2543 1737 2589 1775 te
2625 1731 2672 1776 in
2705 1731 2848 1776 tribu-

1508 1787 1623 1831 toria
1653 1787 1884 1831 exactione
1914 1786 2079 1840 sciens,
2121 1787 2238 1842 quod
2274 1787 2383 1830 nihil
2412 1787 2669 1842 deberetur,
2709 1787 2848 1832 ancil-

1507 1843 1596 1886 lam
1635 1843 1701 1886 tui
1736 1843 1844 1886 iuris
1881 1842 2065 1886 abduxit
2103 1848 2182 1887 aut
2210 1843 2419 1886 vendidit.
2480 1857 2594 1899 quae
2626 1857 2697 1888 res
2727 1843 2848 1897 facit,

1508 1904 1558 1943 ut
1593 1911 1676 1943 nec
1715 1903 1887 1954 emptor
1924 1903 2191 1954 usucaperet
2225 1899 2552 1955 vindicatioque
2589 1900 2670 1944 tibi
2707 1899 2848 1956 ipsius

1509 1958 1743 2010 competat.
1813 1953 1906 1998 ΡΡ.
1938 1967 1974 1999 Χ
2006 1954 2048 1998 lc.
2080 1953 2221 2001 Mart.
2258 1954 2537 2013 Pompeiano
2576 1962 2623 2000 et
2658 1955 2849 2063 Peli2quo]

1509 2024 1652 2055 conss.
2678 2025 2719 2056 a.
2814 2016 2825 2053 1

1565 2064 1597 2113 9
1628 2065 1774 2125 Impp.
1806 2065 2119 2111 Diocletianus
2157 2071 2202 2111 et
2228 2065 2542 2112 Maximianus
2570 2015 2677 2111 AA.[
2694 2072 2741 2112 et
2770 2065 2848 2112 CC.

1509 2121 1711 2167 Aedesio.
1782 2121 2019 2166 Subtracto
2056 2122 2176 2166 furto
2219 2123 2289 2167 vel
2318 2123 2360 2166 vi
2398 2123 2584 2179 abrepto
2614 2122 2849 2179 mancipio,

1509 2178 1708 2234 quamvis
1747 2178 1833 2222 hoc
1868 2180 2000 2223 rebus
2030 2178 2235 2222 humanis
2264 2191 2355 2222 non
2384 2179 2583 2223 oblatum
2608 2177 2748 2222 fuerit
2774 2189 2850 2222 ex·

1509 2237 1726 2289 emptum,
1766 2238 1859 2276 tam
1898 2233 1955 2277 ad
1991 2239 2213 2289 raptorem
2250 2234 2382 2290 quam
2417 2234 2476 2278 ad
2504 2233 2647 2278 furem
2676 2233 2849 2290 pericu·

1510 2291 1603 2333 lum
1644 2289 1915 2333 redundabit
1957 2295 2001 2333 et
2043 2295 2144 2332 uter
2175 2302 2231 2334 ue
2276 2301 2430 2334 eorum
2472 2302 2616 2347 poena
2656 2289 2850 2346 legitima

1512 2345 1799 2389 coercebitur.
1846 2343 1891 2388 S.
1920 2356 1993 2388 VII
2013 2344 2064 2388 id
2077 2345 2141 2389 Fe
2170 2358 2206 2388 r.
2226 2344 2365 2390 Sirmi
2380 2347 2472 2389 AA.
2498 2358 2642 2390 conss.
2676 2349 2734 2399 [a.
2753 2346 2850 2399 293]

1568 2400 1632 2448 10
1671 2399 1834 2445 ¹³Idem
1862 2400 1954 2444 AA.
1985 2406 2031 2445 et
2060 2399 2137 2447 CC.
2174 2399 2367 2446 Valerio.
2428 2401 2474 2446 Si
2504 2401 2699 2447 abducta
2727 2414 2850 2447 man·

1512 2457 1628 2512 cipia
1657 2455 1776 2501 furto
1806 2456 1874 2500 vel
1903 2457 2050 2511 plagio
2080 2458 2345 2502 venumdata
2377 2470 2558 2514 praeses
2599 2457 2864 2515 provincias,

1511 2513 1843 2569 perspexerit¹⁴‚
1886 2525 1987 2556 cum
2022 2525 2105 2557 nec
2144 2514 2200 2558 ab
2240 2519 2438 2579 emptore
2475 2519 2659 2573 propter
2692 2513 2850 2569 cohae-

1511 2582 1611 2613 rens
1642 2569 1807 2622 vitium‚
1847 2572 2084 2625 antequam
2113 2569 2172 2614 ad
2202 2569 2425 2614 dommum
2454 2569 2677 2627 possessio
2705 2579 2850 2615 rever-

1510 2630 1653 2679 tatur,
1692 2625 1880 2681 usucapi
1916 2630 2126 2681 possunt,
2167 2630 2210 2669 et
2240 2630 2285 2670 te
2315 2627 2356 2670 ei
2385 2626 2511 2671 cuius
2540 2627 2723 2671 fuerunt
2750 2637 2850 2670 suc·

1512 2681 1699 2726 cessisse
1726 2682 1985 2737 reppererit,
2015 2681 2190 2726 restitui
2216 2682 2298 2726 tibi
2326 2682 2588 2738 providebit.
2644 2681 2754 2727 Sine
2780 2681 2850 2726 die

1511 2742 1557 2781 et
1584 2738 1772 2781 conss-‚¹⁵
2665 2742 2722 2792 [a.
2753 2741 2850 2791 293]

1570 2791 1629 2839 11
1667 2791 1792 2836 Idem
1822 2795 1912 2837 AA.
1954 2799 1998 2837 et
2028 2793 2105 2838 CC.
2137 2792 2439 2838 Demostheni.
2507 2794 2576 2838 De
2606 2795 2698 2847 his,
2740 2806 2851 2850 quae

1512 2848 1786 2893 subtraxisse
1821 2862 2053 2893 novercam
2091 2849 2248 2906 pupilli
2278 2850 2345 2893 tui
2378 2850 2586 2905 precibus
2616 2849 2850 2906 significas,

1512 2910 1728 2950 rectorem
1772 2905 1844 2948 adi
1881 2905 2157 2960 provinciae,
2203 2905 2277 2961 qui
2316 2906 2354 2950 si
2399 2919 2521 2959 eam,
2563 2909 2850 2962 posteaquam

1514 2961 1715 3004 dominus
1744 2973 1891 3004 rerum
1919 2961 1958 3004 is
1988 2974 2070 3016 pro
2086 2974 2187 3027 'quo
2219 2962 2443 3027 supplicas
2474 2962 2621 3006 factus
2652 2966 2733 3017 est,
2772 2961 2848 3005 ali-

1491 3016 1617 3072 ·quid
1647 3016 1837 3060 furatam
1866 3023 2132 3072 cognoverit,
2163 3031 2251 3062 non
2273 3021 2450 3073 ignorat
2476 3018 2523 3062 in
2557 3017 2849 3074 quadruplum

1513 3072 1744 3126 manifesti,
1775 3085 1857 3117 nec
1886 3073 2110 3117 manifesti
2134 3086 2235 3117 vero
2268 3073 2391 3129 dupli
2417 3075 2591 3118 actione
2615 3073 2724 3118 furti
2747 3087 2848 3118 con-

1513 3130 1670 3172 stituta
1708 3128 2116 3174 condemnationem
2161 3129 2366 3174 formare.
2443 3129 2497 3174 D.
2538 3142 2608 3174 νη
2646 3129 2688 3174 lc.
2729 3128 2856 3188 Sept.

1525 3184 1771 3229 Viminacio
1801 3185 1893 3229 AA.
1926 3198 2068 3230 conss.
2666 3189 2722 3238 [a.
2755 3185 2852 3234 293]

1571 3239 1636 3286 12
1681 3239 1806 3285 Idem
1844 3242 1936 3285 AA.
1960 3246 2020 3286 -et
2058 3240 2135 3285 CC.
2179 3239 2433 3295 Quintillae.
2503 3241 2704 3286 Ancillae
2749 3242 2848 3286 sub-

1512 3300 1683 3340 tractae
1712 3298 1868 3352 partus
1892 3297 2012 3352 apud
2035 3297 2177 3341 furem
2203 3298 2321 3351 editi,
2346 3297 2602 3353 priusquam
2627 3310 2655 3341 a
2675 3297 2850 3343 domino

1513 3352 1832 3408 possideantur,
1865 3354 2051 3408 usucapi
2081 3359 2328 3409 nequeunt:
2369 3354 2521 3398 matris
2551 3353 2693 3398 furem
2721 3354 2849 3399 etiam

1521 3414 1534 3452 l
1598 3421 1747 3453 eorum
1778 3421 1913 3453 causa
1942 3409 2050 3452 furti
2078 3410 2219 3453 teneri
2250 3409 2452 3454 convenit
2486 3409 2674 3454 actione.
2734 3409 2846 3465 Qua-

1512 3468 1697 3521 propter
1745 3465 1855 3508 furti
1903 3466 2078 3510 actione
2123 3469 2168 3510 et
2211 3466 2489 3510 condictione
2530 3466 2600 3509 vel
2643 3465 2858 3511 adversus

1514 3521 1811 3576 possidentem
1841 3520 2135 3566 vindicatione
2175 3521 2230 3566 de
2267 3521 2499 3577 mancipiis
2534 3521 2601 3565 uti
2629 3535 2720 3567 non
2747 3534 2852 3577 pro-

1515 3577 1700 3629 hiberis,
1739 3589 1839 3620 cum
1879 3577 2018 3621 altera
2078 3590 2233 3620 oenam
2265 3577 2495 3621 continens
2525 3578 2708 3622 alterius
2735 3577 2854 3622 elec-

1516 3638 1539 3675 2
1598 3634 1717 3676 tione
1760 3631 1937 3676 minime
1979 3633 2075 3677 toli
2118 3634 2272 3689 possit.
2341 3633 2457 3676 Nam
2498 3638 2625 3677 extra
2664 3646 2856 3690 poenam

1515 3689 1579 3732 rei
1610 3688 1960 3745 persecutionem
1991 3701 2087 3732 esse
2117 3689 2238 3733 nulla
2267 3689 2377 3734 iuris
2409 3689 2608 3745 quaestio
2639 3694 2718 3742 est,
2754 3700 2855 3734 cum

1514 3746 1645 3789 etiam
1673 3744 1718 3787 hi
1749 3745 1823 3799 qui
1849 3744 1992 3787 aliena
2018 3745 2236 3800 mancipia
2260 3750 2640 3801 comparaverunt,
2670 3746 2708 3791 si
2736 3745 2855 3790 hanc

1516 3813 1694 3846 causam
1724 3813 1813 3843 non
1841 3800 2057 3856 ignorant,
2088 3801 2196 3844 furti
2225 3802 2402 3845 actione
2431 3806 2646 3846 tenentur.
2705 3800 2760 3847 D.
2790 3800 2853 3845 id.

1519 3858 1611 3901 Oct.
1644 3855 1782 3900 simi
1810 3856 1902 3899 AA.
1935 3869 2078 3900 conss.
2386 3862 2388 3865 ’
2669 3862 2725 3911 [a.
2753 3856 2850 3905 293]

1572 3910 1636 3959 13
1681 3909 1805 3955 Idem
1848 3912 1939 3955 AA.
1985 3918 2029 3955 ec
2069 3911 2147 3956 CC.
2189 3912 2381 3957 Domno.
2451 3913 2559 3957 Post
2588 3912 2852 3957 decisionem

1514 3968 1620 4012 furti
1658 3967 1774 4022 leges
1812 3966 1884 4023 agi
1921 3967 2168 4023 prohibent.
2239 3968 2357 4024 quod
2396 3970 2434 4013 si
2468 3982 2556 4013 non
2585 3967 2860 4023 transegisti,

1515 4024 1592 4068 sed
1631 4024 1684 4066 de
1725 4023 1908 4067 sublatis
1948 4027 2119 4079 partem
2157 4030 2328 4068 tantum
2357 4025 2589 4080 accepisti,
2628 4023 2855 4068 residuam

1515 4079 1737 4123 vindicare
1766 4078 1832 4122 vel
1872 4079 2104 4125 condicere
2144 4085 2188 4124 et
2223 4081 2397 4125 actione
2435 4081 2544 4124 furti
2573 4078 2693 4136 apud
2720 4090 2854 4136 prae-

1515 4134 1652 4179 sidem
1668 4146 1795 4188 agere
1810 4138 1950 4190 potes.
1982 4135 2037 4180 D.
2053 4135 2096 4179 lc.
2115 4135 2220 4181 Dec.
2238 4135 2377 4180 Sirmi
2390 4137 2482 4180 AA.
2500 4148 2642 4180 conss.
2675 4138 2732 4187 [a.
2752 4137 2852 4184 293]

1575 4189 1637 4236 14
1670 4188 1792 4234 Idem
1823 4192 1912 4234 AA.
1945 4196 1990 4235 et
2020 4191 2096 4236 CC.
2128 4190 2363 4250 Dionysio.
2423 4191 2528 4243 Eos,
2563 4190 2637 4243 qui
2667 4203 2694 4234 a
2725 4203 2857 4240 servo

1762 4332 1818 4385 (6)
1850 4334 1893 4374 Β
1923 4337 1988 4387 60,
2021 4344 2056 4387 6,
2086 4345 2126 4378 18
2156 4351 2264 4390 seqq.
2288 4357 2342 4366 -
2370 4335 2431 4388 Cf:
2447 4335 2547 4389 Diq.
2578 4338 2641 4385 11,
2666 4343 2702 4378 ³.
2732 4337 2799 4387 47,
2839 4342 2861 4376 2

1828 4388 1882 4440 (7)
1912 4392 1971 4431 sic
1994 4392 2047 4442 R,
2078 4390 2247 4445 implere
2279 4391 2356 4432 PC
2449 4391 2505 4442 (8)
2537 4402 2583 4430 v1
2614 4391 2728 4443 Hal„
2760 4404 2789 4431 v
2822 4389 2861 4431 L

1517 4445 1573 4495 (9)
1597 4445 1713 4496 iunye
1730 4445 1864 4495 4,14‚3
1939 4447 2011 4497 (10)
2031 4460 2078 4487 eo
2101 4448 2148 4499 P,
2171 4446 2310 4488 eodum
2333 4445 2405 4488 ΟΒ
2475 4447 2545 4498 (11)
2559 4448 2618 4489 sic
2638 4447 2683 4497 P,
2714 4459 2781 4502 pp.
2809 4448 2848 4490 k.

1515 4498 1610 4539 mai.
1622 4498 1782 4539 iuliano
1794 4513 1828 4539 11
1844 4504 1881 4540 et
1900 4503 2079 4555 crispino
2096 4516 2195 4543 coss.
2209 4505 2278 4552 (ει
2293 4517 2330 4542 α.
2341 4507 2425 4551 224)
2439 4502 2537 4542 Hal.
2588 4506 2662 4555 (12)
2679 4503 2784 4556 prid.
2798 4505 2852 4546 P,

1518 4569 1588 4595 om.
1617 4553 1718 4595 Hal.
1805 4556 1877 4606 (13)
1890 4559 2073 4610 sortasse
2096 4559 2297 4611 iunyenda
2324 4565 2381 4598 est
2405 4558 2443 4608 7,
2468 4567 2523 4606 32,
2549 4567 2568 4599 e
2656 4562 2728 4611 (1⁴)
2752 4574 2849 4614 pzo-

1515 4607 1695 4660 spexerit
1712 4609 1808 4651 libri
1861 4615 1935 4663 (15)
1952 4613 1989 4652 d.
2007 4613 2060 4653 id.
2080 4611 2209 4663 April.
2228 4611 2416 4661 Byzantii
2436 4614 2519 4652 AA.
2547 4627 2677 4656 conse.
2697 4618 2733 4659 7,
2751 4627 2808 4662 32.
2831 4627 2851 4659 (ι

1518 4334 1556 4382 2,
1588 4342 1618 4380 1,
1649 4342 1668 4373 5

1519 4388 1616 4427 Inst.
1645 4389 1684 4438 4,
1711 4397 1726 4429 1

2652 729 2708 778 [a.
2740 728 2839 778 222]
2917 738 2922 743 ·
