3152 4784
177 117 250 157 DE
287 114 491 155 SUFFRA
498 114 593 153 GIO

171 271 199 302 a
234 255 381 300 multis
420 254 588 311 proprii
632 253 770 299 debiti
808 249 1078 316 singulorum
1109 250 1388 307 obligationis
1418 267 1508 298 uno

172 315 341 357 tantum
369 311 663 355 instrumento
689 307 892 366 probatio
920 310 1184 362 continetur,
1217 310 1388 354 exactio
1418 322 1508 354 non

170 367 488 424 interpelletur.
547 381 647 411 nam
685 367 720 411 si
757 378 836 422 pro
872 363 1062 420 pecunia
1093 376 1222 418 quam
1252 369 1403 411 mutuo
1434 367 1508 411 de-

171 424 274 468 disti
312 424 394 468 tibi
429 423 578 467 vinum
618 420 846 479 stipulanti
882 419 956 475 qui
988 420 1230 463 debuerant
1260 423 1508 479 spoponde-

169 485 293 533 runt,
331 480 494 535 negotii
532 480 643 535 gesti
679 476 948 534 paenitentia
993 480 1269 520 contractum
1308 479 1510 523 habitum

168 543 289 580 recte
331 549 423 580 non
467 535 695 580 constituit
734 532 919 577 irritum.
993 530 1038 575 S.
1070 533 1196 590 prid.
1235 547 1337 578 non.
1380 535 1507 579 Febr.

170 591 310 636 Sirmi
342 591 419 636 00.
452 605 594 636 conss.
895 642 904 652 ³
956 643 966 653 .
1323 595 1378 643 [a.
1411 592 1508 642 294]

226 646 285 694 11
322 646 448 693 Idem
469 647 561 691 AA.
593 651 636 691 et
665 643 740 690 00.
768 642 1067 691 Maximiano.
1127 645 1383 690 Incendium
1410 658 1510 690 aere

169 703 312 749 alieno
347 717 440 748 non
477 702 598 748 exuit
634 700 886 746 debitorem.
955 699 1000 744 S.
1034 712 1080 744 η
1115 701 1174 745 id.
1207 703 1333 747 Febr.
1374 701 1510 746 Sirmi

172 759 271 805 00.ι
301 773 446 804 conss.
1323 763 1379 811 [a.
1412 759 1508 809 294]

227 814 293 863 12
323 814 448 860 Idem
461 814 553 860 AA.
585 817 630 858 et
653 811 730 857 00.
756 810 1059 871 Tlleopbanio.
1120 814 1167 857 Si
1195 814 1240 858 in
1269 827 1361 858 rem
1393 826 1508 858 com-

169 885 343 918 munem
382 885 481 916 cum
518 870 626 915 Ione
664 871 860 912 mutuam
900 869 1126 924 sumpsisti
1165 871 1397 925 pecuniam
1428 881 1510 913 nec

170 941 216 973 re
245 941 327 973 nec
356 926 648 972 sollemnitate
676 925 909 968 verborum
939 938 1016 969 vos
1055 926 1285 981 obligastis
1324 927 1370 970 in
1406 923 1508 970 soli-

171 985 274 1028 dum
301 987 347 1028 et
373 985 476 1039 post
501 981 750 1037 integrum2
790 981 979 1035 solvisti,
1022 981 1076 1025 de
1114 982 1390 1026 restituenda
1427 979 1512 1025 tibi

168 1045 294 1107 parte
331 1043 486 1084 contra
522 1038 672 1081 Ionem
711 1037 921 1093 experiri,
956 1041 1004 1080 ut
1035 1038 1230 1082 debitum

167 1096 311 1140 iudice
359 1097 648 1150 cognoscente
702 1097 843 1149 potes.
926 1092 972 1138 S.
1019 1096 1113 1138 XV⁴
1169 1094 1212 1139 lc.
1295 1097 1382 1153 ept.
1412 1089 1507 1138 100.

167 1164 310 1196 conss.
1321 1155 1377 1203 [a.
1410 1150 1508 1199 294]

223 1203 286 1254 13
318 1204 444 1250 Idem
469 1206 561 1250 AA.
594 1209 639 1250 et
664 1204 741 1250 00.
766 1205 1001 1250 Frontoni.
1047 1207 1176 1260 Eum,
1209 1206 1284 1263 qui
1311 1208 1511 1249 mutuam

166 1261 352 1319 sumpsit
411 1262 624 1316 ecuniam,
655 1261 759 1305 licet
787 1262 834 1305 in
862 1275 935 1306 res
967 1262 1148 1317 alienas,
1181 1262 1396 1306 creditore
1420 1272 1511 1303 non

167 1323 367 1374 contemp
386 1319 532 1362 atione
587 1318 750 1362 domini
804 1331 950 1362 rerum
999 1332 1096 1363 eam
1138 1318 1281 1362 fenori
1335 1317 1467 1363 dante
1479 1317 1509 1368 ⁵,

193 1374 464 1430 rincipaliter
503 1374 743 1430 obligatum
781 1375 1019 1419 obnoxium
1054 1387 1283 1419 remanere
1319 1375 1506 1429 oportet.

201 1466 211 1475 .
243 1442 358 1474 XVII
384 1429 427 1474 lc.
458 1430 595 1475 Nov.⁶
624 1430 912 1475 Nicomediae
945 1429 1022 1475 00.
1062 1443 1206 1474 consa
1323 1434 1378 1482 [a.
1411 1430 1508 1480 294]

222 1485 288 1533 14
328 1485 454 1530 Idem
488 1487 580 1530 AA.
623 1492 668 1530 et
708 1485 784 1530 CC.
825 1486 1079 1530 Hadriano.
1147 1485 1336 1529 Mutuae
1373 1496 1508 1540 pecu-

164 1542 288 1598 niae,
326 1554 456 1598 quam
492 1542 591 1585 aliis
622 1542 765 1595 dedit,
805 1542 996 1586 creditor
1031 1541 1144 1584 citra
1173 1541 1510 1584 sollemnitatem

165 1599 398 1643 verborum
428 1598 779 1642 subscribentem
800 1597 1094 1641 instrumento
1117 1610 1208 1640 non
1235 1596 1372 1640 habet
1398 1595 1507 1640 obli-

163 1659 325 1711 gatum.
386 1652 496 1696 Sine
523 1652 595 1696 die
622 1654 739 1696 AA.⁷
767 1666 910 1696 conss.
1319 1657 1374 1704 [a.
1410 1654 1507 1703 293]

222 1708 284 1755 15
324 1706 448 1752 Idem
484 1708 576 1751 AA.
618 1713 664 1752 et
694 1706 771 1752 00.
807 1707 1084 1752 Charidemo.
1153 1708 1255 1752 Non
1296 1707 1508 1751 adversus

162 1769 205 1808 te
244 1762 505 1816 creditores,
547 1763 622 1819 qui
658 1767 856 1806 mutuam
884 1763 1121 1820 pecuniam
1151 1763 1393 1819 sumpsisti,
1431 1762 1509 1807 sed

159 1820 274 1872 eius,
314 1818 388 1863 cui
422 1819 540 1862 hanc
580 1819 852 1874 credideras,
891 1819 1074 1864 heredes
1120 1819 1310 1876 experiri
1352 1823 1508 1864 contra

157 1875 267 1919 iuris
304 1875 526 1919 evidenter
563 1875 765 1930 postulas
795 1876 995 1920 formam.
1055 1875 1102 1920 S.
1142 1888 1172 1919 V
1214 1875 1255 1920 lc.
1289 1874 1394 1920 Dee.
1426 1874 1507 1919 Ni-

159 1930 385 1975 comediae
416 1929 494 1975 00.
526 1944 669 1975 conss.
1319 1935 1376 1986 [a.
1409 1934 1506 1983 294]

216 1984 281 2034 16
333 1985 479 2046 Impp.
530 1986 766 2031 Honorius
811 1991 856 2031 et
906 1987 1184 2032 Theodosius
1226 1987 1319 2031 AA.
1368 1987 1508 2032 17160-

158 2043 270 2088 doro
301 2057 385 2109 pp.
454 2041 664 2098 Quisquis
702 2043 838 2087 iudici
876 2043 1100 2088 fenebrem
1139 2044 1374 2100 pecuniam
1411 2058 1506 2087 mu-

158 2105 369 2153 tuaverit,
409 2099 447 2144 si
485 2099 532 2143 111
560 2100 787 2155 provincia
817 2100 951 2143 fuerit
979 2106 1178 2144 versatus
1228 2101 1358 2156 quasi
1389 2113 1508 2156 emp-

158 2161 230 2200 tor
264 2156 409 2212 legum
449 2159 581 2210 atque
1441 2157 1451 2165 ’

162 2212 338 2256 honoris
375 2211 564 2268 pretium

1293 1049 1466 1083 osceres
1478 1037 1508 1089 ³,

602 2157 894 2255 dprovinciae,
931 2157 999 2200 vel
1030 2157 1068 2200 si
1098 2157 1197 2213 quis
1230 2157 1507 2201 collectarius

631 2212 772 2255 ederit
809 2213 1039 2266 ambienti,
1079 2213 1195 2257 exilii
1266 2225 1379 2257 oena
1418 2225 1509 2256 una

161 2281 260 2311 cum
288 2268 387 2324 ipso
415 2267 560 2311 iudice
598 2268 830 2324 plectetur.
901 2268 956 2312 D.
989 2281 1102 2312 XVII
1136 2269 1179 2312 lc.
1259 2282 1324 2314 ov.
1356 2268 1508 2312 Basso

160 2329 206 2368 et
231 2322 449 2382 Philippo
479 2337 622 2368 consa
1316 2329 1371 2377 [a.
1406 2328 1503 2375 408]

218 2377 280 2426 17
317 2381 449 2438 ⁸Imp.
482 2378 767 2425 Iustinianus
791 2381 843 2423 A.
874 2378 1037 2424 Menae
1060 2394 1142 2439 pp.
1189 2379 1334 2436 Super
1364 2381 1507 2423 chiro-

159 2436 408 2492 graphariis
443 2435 746 2480 instrumentis
782 2435 894 2479 haec
933 2450 1015 2492 pro
1059 2437 1279 2481 communi
1317 2435 1508 2480 utilitate

160 2492 400 2537 sancienda
441 2491 667 2544 duximus,
720 2496 790 2546 ut,
845 2491 883 2539 si
927 2492 1024 2547 quis
1068 2492 1282 2547 pecunias
1330 2492 1509 2536 credere

160 2561 298 2604 supra
339 2548 656 2604 quinquaginta
708 2548 845 2591 libras
898 2548 995 2591 auri
1039 2549 1226 2592 voluerit
1267 2549 1335 2593 vel
1378 2561 1510 2604 super

159 2604 332 2649 reddito
377 2604 525 2648 debito
571 2604 854 2648 securitatem
898 2604 1122 2660 accipere,
1177 2618 1276 2648 cum
1321 2605 1508 2662 amplius

160 2661 218 2704 sit
258 2664 500 2704 memorata
545 2659 815 2716 quantitate,-
867 2660 980 2704 sciat
1029 2674 1119 2704 non
1171 2661 1301 2705 aliter
1349 2661 1510 2705 debere

161 2717 501 2772 chirographum
556 2728 583 2758 a
637 2715 836 2763 debitore
879 2716 946 2760 vel
1001 2717 1218 2760 creditore
1266 2718 1507 2773 percipere,

160 2785 291 2828 quam
320 2772 358 2816 si
386 2772 684 2816 testimonium
714 2771 846 2815 trium
875 2771 1055 2815 testium
1083 2773 1299 2828 probatae
1338 2773 1507 2829 opinio-

159 2831 228 2873 nis
277 2841 358 2884 per
409 2840 562 2872 eorum
612 2827 962 2884 subscriptiones
1006 2828 1122 2872 idem
1166 2829 1508 2885 chirographum

160 2885 320 2942 capiat.
365 2897 468 2928 nam
497 2885 534 2928 si
565 2884 677 2927 citra
705 2884 956 2928 huiusmodi
980 2885 1335 2930 observationem
1362 2885 1507 2930 chiro-

157 2941 376 2998 graphum
410 2953 492 2997 pro
523 2940 732 2997 pecuniis
769 2945 1055 2984 memoratam
1086 2942 1185 2986 auri
1216 2942 1508 2997 quantitatem

161 2997 476 3041 excedentibus
526 2996 803 3052 proferatur,
858 2996 1034 3040 minime
1085 2997 1171 3042 hoc
1225 2997 1397 3042 admitti
1450 2999 1506 3041 ab

158 3052 459 3097 iudicantibus
505 3055 691 3108 oportet.
767 3053 885 3108 quod
929 3053 977 3096 in
1015 3053 1180 3098 futuris
1221 3054 1399 3099 creditis
1439 3054 1510 3098 vel

162 3109 407 3154 debitorum
451 3107 746 3152 solutionibus
790 3109 936 3152 locum
981 3110 1147 3154 habere
1191 3114 1380 3166 oportet.
1450 3110 1506 3155 D.

162 3163 204 3207 k.
244 3162 343 3207 Iun.
388 3162 781 3222 Constantinopoli
825 3164 899 3208 dn.
946 3163 1201 3210 Iustiniano
1236 3180 1321 3224 pp.
1366 3167 1418 3210 A.
1465 3178 1512 3209 Π

163 3233 284 3264 cons.
1319 3226 1375 3274 [a.
1408 3225 1506 3274 528]

792 3390 878 3441 ΙΙΙ.

621 3471 697 3511 DE
728 3470 1056 3513 SUFFRAGIO.

222 3555 247 3602 1
285 3553 482 3614 “Imppp.
508 3552 784 3597 Theodosius
807 3553 1031 3598 Arcadius
1054 3557 1099 3598 et
1123 3551 1360 3597 Honorius
1374 3554 1505 3597 AAA.

166 3611 332 3668 Rufino
356 3626 448 3678 pp.
515 3609 561 3653 Si
601 3609 677 3665 qui
713 3609 930 3654 desideria
961 3622 1042 3654 sua
1071 3609 1292 3665 explicare
1329 3609 1507 3664 cupien-

166 3671 233 3710 tes
262 3666 370 3710 ferri
407 3667 490 3710 sibi
526 3679 553 3709 a
583 3678 803 3721 quoquam
833 3665 1089 3721 suffragium
1118 3665 1437 3722 postulaverint
1467 3669 1511 3708 et

167 3724 223 3767 ob
267 3722 539 3766 referendam
581 3721 720 3764 vicem
766 3734 813 3765 se
864 3721 1103 3778 sponsione
1152 3721 1508 3775 constrinxerint,

166 3779 385 3836 promissa
422 3777 680 3831 restituant,
731 3790 829 3820 cum
870 3791 923 3822 ea
963 3790 1075 3833 quae
1115 3777 1366 3834 optaverint
1405 3790 1508 3821 con-

167 3838 432 3890 sequantur:
472 3834 509 3877 si
548 3833 716 3876 artibus
756 3846 902 3878 moras
932 3838 1120 3888 nectent,
1162 3833 1220 3877 ad
1249 3833 1510 3878 solutionem

170 3897 188 3935 1
252 3890 388 3936 debiti
428 3887 658 3933 coartandi
695 3894 798 3932 sunt
811 3891 857 3932 ¹⁰.
927 3890 1013 3934 Sed
1050 3890 1087 3934 si
1119 3890 1224 3945 quid
1253 3902 1305 3934 eo
1334 3890 1510 3934 nomine

166 3948 211 3991 in
248 3960 354 3991 auro
392 3946 459 3990 vel
499 3948 679 4000 argento
717 3944 786 3988 vel
823 3946 979 3990 ceteris
995 3948 1028 3973 ²¹
1075 3945 1308 3990 mobilibus
1357 3946 1508 3990 datum

169 4089 220 4141 (1)
252 4102 309 4129 cc.
340 4089 499 4142 scripsi,
530 4099 591 4126 aa.
624 4086 727 4127 Hal.
871 4086 925 4138 (2)
965 4087 1005 4126 et
1039 4088 1132 4138 post
1159 4085 1384 4139 integrum]
1417 4088 1509 4128 dett.

171 4161 253 4186 cum
284 4147 371 4185 ΒΣ
395 4145 450 4197 (κ.
467 4144 545 4194 π.),
586 4142 707 4183 etiam
746 4143 840 4195 post
876 4141 1087 4194 integrum
1118 4142 1197 4195 Ra,
1234 4144 1277 4184 et
1304 4155 1393 4184 eam
1420 4144 1512 4196 post

169 4201 215 4240 in
236 4213 378 4252 egrum
404 4198 478 4250 R⁶‚
510 4204 550 4240 et
566 4213 654 4239 eam
669 4200 761 4251 post
775 4198 979 4249 integram
1011 4198 1046 4239 0
1127 4197 1184 4247 (3)
1215 4200 1318 4241 idem
1337 4198 1492 4242 Graeci
1497 4213 1510 4237 .·

171 4257 244 4295 aut
257 4255 488 4295 indebitum
503 4267 668 4306 poscere
684 4253 902 4293 Mommsen
970 4253 1023 4301 (4)
1047 4263 1078 4290 s.
1094 4263 1151 4290 xv
1169 4251 1285 4303 Hal,
1300 4262 1340 4303 p.
1355 4262 1455 4289 xvn
1474 4249 1510 4288 P

171 4310 225 4361 (5)
241 4313 299 4352 sic
312 4308 453 4362 PaR⁶‚
471 4309 666 4350 creditori
684 4340 693 4348 .
707 4339 716 4349 .
729 4338 738 4348 .
752 4307 869 4347 danti
881 4303 1049 4348 P⁶OR⁶
1106 4307 1162 4358 (6)
1177 4306 1274 4346 Dec.
1285 4306 1505 4347 Mommsen

172 4366 226 4418 (7)
243 4365 308 4406 die
325 4370 366 4406 et
382 4369 456 4419 (sic
468 4366 703 4416 lWommsen)
719 4365 784 4405 vel
798 4362 863 4403 die
879 4361 1048 4403 CC.scr.
1109 4362 1165 4412 (8)
1185 4363 1302 4416 iunye
1317 4364 1356 4413 4,
1374 4370 1434 4413 20,
1451 4369 1504 4403 18.

172 4422 213 4472 4,
230 4430 283 4472 21,
300 4432 352 4464 17.
370 4425 409 4472 4,
428 4431 486 4474 30,
502 4431 555 4463 14.
575 4425 644 4463 15?
660 4424 698 4472 5,
715 4430 768 4471 15,
785 4428 804 4461 3
862 4420 919 4470 (9)
937 4438 990 4452 =
1008 4418 1083 4458 ΤΙι.
1101 4419 1141 4469 2,
1159 4427 1218 4469 29,
1234 4427 1255 4459 2
1315 4419 1389 4466 (ιο)
1410 4419 1507 4457 sunt

166 4483 261 4522 dete.
278 4497 361 4523 cum
382 4482 470 4533 Tb,
497 4498 568 4522 om.
587 4480 704 4523 PCR
790 4481 856 4529 (11)
883 4479 942 4519 εἰσ
956 4478 1044 4529 M‘⁸,
1064 4475 1187 4518 rebus
1202 4479 1277 4520 ins.
1325 4475 1514 4519 PCRM*

167 4546 308 4578 contra
325 4538 397 4578 Th.
459 4539 531 4589 (12)
554 4541 614 4578 εἰσ
630 4538 722 4577 dett.
741 4551 826 4577 cum
847 4535 937 4585 Th„
953 4532 1134 4574 sufficiet
1148 4533 1265 4575 PCR
1321 4536 1514 4629 (13)Hpelr-

1205 4591 1275 4642 (15)
1307 4602 1360 4630 111
1439 4605 1464 4629 a
1485 4617 1512 4639 .,

167 4595 298 4647 petem
322 4593 392 4634 Th.
481 4595 553 4643 (14)
582 4606 723 4633 comm.
751 4591 801 4632 de
824 4590 1022 4643 suffragio
1042 4589 1116 4632 Th.

1508 93 1597 155 151

2651 97 2756 149 1111
2793 100 2928 148 2--5

1590 253 1747 307 fuerit,
1786 251 1965 298 traditio
2004 250 2101 296 sola
2139 249 2336 296 sufficiat
2354 253 2387 278 ¹2
2426 254 2471 297 et
2507 257 2760 298 contractus
2793 252 2932 297 habe·

1591 309 1658 354 bit
1743 311 1968 366 erpetuam
1985 308 2019 335 ¹³
2069 306 2346 360 firmitatem,
2401 309 2606 364 quoniam
2651 309 2826 354 collatio
2869 308 2934 352 rei

1591 366 1707 410 mob'
1727 366 1764 410 is
1815 365 1926 410 inita
1974 363 2146 418 integra
2194 362 2281 407 fide
2323 365 2408 408 hac
2451 366 2623 410 ratione
2667 366 2931 410 cumulatur.

1593 425 1618 466 2
1677 421 1806 477 Quod
1835 422 1873 466 si
1901 419 2082 476 praedia
2110 419 2279 463 rustica
2306 421 2374 464 vel
2403 422 2573 465 urbana
2595 422 2805 477 placitum
2827 433 2932 464 con-

1592 478 1761 533 tinebit,
1792 477 2026 534 scriptura,
2067 488 2180 532 quae
2211 488 2262 519 ea
2291 477 2335 519 in
2365 477 2498 520 alium
2527 478 2779 528 transferat,
2810 476 2935 519 emit-

1592 537 1739 587 tatur,
1793 535 2007 588 sequatur
2058 531 2237 576 traditio
2293 534 2534 589 corporalis
2579 538 2623 576 et
2663 545 2757 575 rem
2799 531 2937 574 fuisse

1594 590 1855 654 completam
1896 593 2023 645 gesta
2064 590 2308 632 testentur:
2355 589 2482 632 aliter
2527 588 2641 632 enim
2681 586 2738 630 ad
2776 599 2937 629 novum

1592 643 1832 688 dominium
1860 644 2051 688 transire
2080 658 2169 688 non
2198 649 2385 700 possunt
2412 656 2557 700 neque
2597 643 2650 686 de
2678 641 2815 685 veteri
2842 641 2938 683 iure

1594 702 1618 742 3
1677 698 1914 743 discedere.
1976 700 2101 754 Quod
2132 701 2166 744 si
2198 701 2311 756 quis,
2346 700 2449 743 dum
2479 700 2573 743 solo
2606 696 2938 741 commonitorio

1593 752 1800 808 suffragio
1816 755 1849 780 ¹⁴
1893 755 2061 807 nititur,
2116 757 2237 800 bona
2281 755 2459 798 duxerit
2502 751 2780 808 occupanda,
2836 763 2939 794 reus

1591 808 1851 853 temeritatis
1888 821 1942 852 ac
1972 810 2208 854 violentiae
2244 808 2504 853 retinebitur
2540 811 2672 862 atque
2701 807 2747 850 in
2777 810 2939 850 statum

1591 865 1826 921 pristinum
1850 865 2073 918 possessio
2097 865 2348 917 reducetur,
2378 876 2430 907 eo
2461 876 2489 906 a
2511 860 2725 918 petitione
2747 862 2940 913 excluso,

1620 920 1664 964 ui
1703 932 1791 964 non
1832 919 2048 963 dubitavit
2087 919 2316 972 invadere,
2358 918 2476 974 quod
2547 921 2669 962 etere
2700 917 2938 961 debuisset.

1637 1011 1646 1020 .
1678 977 1794 1020 111¹⁵
1828 988 1934 1019 non.
1964 972 2103 1018 Mart.
2138 972 2531 1031 Constantinopoa
2563 973 2761 1018 Arcadio
2793 985 2863 1017 111
2899 979 2943 1017 et

1594 1030 1804 1076 Honorio
1835 1042 1882 1075 ΙΙ
1907 1029 1999 1082 AA.
2033 1042 2177 1074 conss.
2752 1034 2808 1082 [a.
2841 1033 2939 1081 394]

2205 1203 2317 1251 IIII.

1631 1286 1707 1325 DE
1737 1284 2048 1327 PROHIBITA
2078 1284 2582 1331 SEQUESTRAT-IONE
2611 1284 2913 1326 PECUNIAE.

1651 1367 1674 1414 1
1717 1366 1901 1427 ¹⁶Impp.
1920 1366 2159 1411 Honorius
2184 1371 2229 1412 et
2245 1367 2524 1412 Theodosius
2538 1368 2630 1412 AA.
2650 1366 2849 1412 Iohanni
2862 1382 2941 1426 pp.

1593 1423 1805 1479 Quotiens
1845 1437 1900 1468 ex
1940 1423 2138 1479 quolibet
2178 1427 2411 1468 contractu
2447 1425 2637 1481 pecunia
2675 1424 2943 1481 postulatur,

1593 1480 1956 1536 sequestrationis
1986 1480 2229 1525 necessitas
2266 1481 2563 1536 conquiescat.
2625 1485 2800 1537 oportet
2829 1480 2944 1524 enim

1592 1536 1835 1580 debitorem
1872 1537 2015 1593 primo
2057 1536 2256 1580 convinci
2293 1541 2337 1580 et
2372 1537 2434 1581 sic
2465 1537 2522 1581 ad
2553 1537 2814 1581 solutionem
2844 1536 2943 1592 pul-

1591 1592 1682 1636 sari
1699 1594 1746 1636 ¹⁷.
1807 1606 1940 1649 quam
1969 1606 2061 1637 rem
2090 1606 2180 1636 non
2209 1597 2383 1636 tantum
2411 1593 2520 1637 iuris
2556 1594 2691 1646 ratio,
2734 1593 2812 1637 sed
2852 1595 2945 1637 et¹⁸

1589 1650 1689 1704 ipsa
1727 1649 1927 1705 aequitas
1952 1649 2228 1705 persuadet,
2270 1654 2320 1691 ut
2358 1649 2644 1704 probationes
2685 1662 2835 1694 secum
2869 1648 2943 1692 ad-

1590 1706 1707 1749 ferat
1760 1705 2092 1760 debitoremque
2147 1705 2383 1749 convincat
2433 1706 2667 1762 pecuniam
2708 1705 2941 1761 petiturus.

1590 1760 1646 1806 D.
1676 1761 1750 1804 V¹⁹
1778 1761 1837 1805 id.
1856 1760 1943 1805 Iul.
1970 1760 2215 1806 Ravennae
2232 1760 2442 1806 Honorio
2462 1774 2564 1805 XIII
2585 1766 2630 1806 et
2647 1761 2895 1806 Theodosio
2913 1774 2944 1804 x

1591 1818 1683 1862 AA.
1716 1831 1859 1862 conss:
2755 1821 2812 1870 [a.
2844 1820 2945 1869 422]

2222 1990 2322 2038 V.²⁰

1866 2072 1943 2112 DE
1975 2072 2363 2114 CONDICTIONE
2395 2072 2670 2114 INDEBITI.

1651 2153 1672 2200 1
1722 2153 1869 2213 Impp.
1913 2154 2106 2198 Severus
2152 2159 2197 2199 et
2235 2155 2493 2199 Antoninus
2531 2155 2664 2198 AA.²¹
2716 2152 2943 2199 Muciano.

1591 2211 1814 2254 Pecuniae
1842 2210 2066 2254 indebitae
2094 2223 2175 2265 per
2204 2224 2421 2263 errorem,
2462 2224 2552 2254 non
2583 2224 2638 2254 ex
2667 2223 2803 2254 causa
2832 2210 2946 2254 iudi-

1592 2267 1681 2310 cati
1722 2266 1895 2310 solutae
1935 2279 2033 2310 esse
2071 2267 2380 2322 repetitionem
2410 2267 2505 2310 iure
2534 2266 2827 2311 condictionis
2857 2280 2946 2309 non

1591 2323 1842 2378 ambigitur.
1913 2323 1952 2366 si
1991 2323 2096 2378 quid
2134 2323 2270 2380 igitur
2309 2324 2499 2379 probare
2542 2323 2738 2378 potueris
2776 2327 2947 2378 patrem

1591 2382 1736 2431 tuum,
1780 2379 1851 2422 cui
1896 2378 2025 2422 heres
2067 2379 2272 2431 extitisti,
2317 2379 2506 2434 amplius
2547 2379 2695 2422 debito
2739 2378 2946 2422 creditori

1596 2439 1613 2478 1
1686 2447 1767 2479 suo
1806 2434 2096 2490 persolvisse,
2135 2440 2336 2489 repetere
2374 2439 2514 2490 potes.
2590 2435 2758 2479 Usuras
2798 2439 2943 2477 autem

1593 2491 1688 2535 eius
1716 2502 1912 2535 summae
1935 2491 2155 2546 praestari
2186 2491 2264 2534 tibi
2295 2491 2464 2534 frustra
2494 2491 2739 2535 desideras:
2771 2489 2946 2534 actione

1594 2547 1708 2592 enim
1739 2546 2031 2591 condictionis
2070 2558 2123 2590 ea
2162 2547 2259 2595 sola
2290 2548 2514 2602 quantitas
2554 2547 2791 2602 repetitur,
2833 2558 2946 2601 quae

1591 2603 1789 2647 indebita
1811 2603 1958 2647 soluta
1984 2605 2065 2646 est.
2121 2602 2214 2646 PP.
2245 2612 2314 2646 ιιι
2341 2602 2383 2646 lc.
2408 2604 2521 2661 Auq.
2540 2603 2768 2647 Antonino
2787 2603 2838 2645 A.
2857 2614 2945 2646 Ill]

1593 2665 1637 2704 et
1665 2659 1863 2703 Balbino
1896 2672 2040 2702 conss.
2756 2663 2812 2711 [a.
2846 2662 2944 2710 213]

1650 2713 1681 2761 2
1713 2714 1838 2758 Idem
1868 2715 2005 2758 ΑΛ.22
2035 2713 2331 2759 Secundinae.
2402 2715 2450 2759 Si
2490 2715 2602 2758 citra
2633 2715 2767 2757 ullam
2795 2718 2943 2758 trans-

1592 2771 1812 2815 actionem
1842 2771 2076 2826 pecuniam
2106 2770 2398 2814 indebitam2³
2427 2771 2573 2814 alieno
2606 2770 2813 2814 creditori
2842 2784 2943 2826 pro-

1592 2829 1767 2871 mittere
1797 2826 1998 2882 delegata
2029 2840 2100 2880 es,
2142 2826 2354 2870 adversus
2385 2840 2482 2871 eam
2513 2840 2625 2882 quae
2656 2832 2700 2869 te
2731 2826 2945 2881 delegavit

1593 2883 1918 2928 condictionem
1957 2883 2123 2926 habere
2163 2887 2304 2938 potes.
2364 2881 2458 2926 PP.
2492 2895 2617 2927 XJJJJ
2648 2882 2690 2927 lc.
2725 2882 2823 2926 Ian.
2855 2885 2945 2927 An-

1594 2940 1749 2985 tonino
1780 2940 1831 2982 A.
1864 2951 1955 2982 IIII
1983 2946 2028 2983 et
2057 2938 2255 2983 Balbino
2287 2952 2431 2983 conss.
2758 2943 2813 2991 [a.
2848 2942 2945 2990 213]

1650 2993 1680 3043 3
1712 2994 1858 3060 Impp.
1890 2993 2205 3041 Diocletianus
2243 3002 2288 3039 et
2315 2994 2631 3043 Maoeimianus
2659 2997 2751 3038 AA.
2791 3000 2835 3039 et
2867 2993 2943 3040 CC.

1591 3050 1846 3118 Pamphilo.
1917 3050 2026 3116 Cum
2067 3052 2173 3115 et24·
2202 3051 2349 3094 soluta
2383 3050 2583 3116 indebita
2623 3050 2846 3115 quantitas
2887 3050 2944 3114 ab

1590 3110 1824 3211 1ξὲξὶῗέξὲ
1854 3107 2432 3217 ἰὶἳὲἓέοεέἱὲἰὸιξεῶἶῗὲθ
2458 3106 2943 3218 Ϊὲἕὲὲῖἔωοῳέἒὲἑῖἱέῗ

1590 3220 1659 3263 vel
1683 3219 1771 3262 doli
1795 3217 1996 3273 exceptio
2023 3218 2168 3272 agenti
2194 3217 2444 3273 opponitur.
2491 3217 2536 3261 S.
2566 3230 2632 3261 Ill
2665 3231 2767 3262 non.
2795 3218 2941 3277 April.

1591 3274 1814 3333 Byzantii
1842 3273 1934 3316 AA.
1966 3286 2111 3317 conss.
2747 3278 2803 3327 [a.
2846 3277 2944 3326 293]

1648 3329 1679 3375 4
1711 3328 1836 3373 Idem
1864 3330 1956 3372 AA.
1989 3333 2035 3372 et
2065 3327 2142 3372 00.
2176 3327 2405 3373 Heraclio.
2473 3329 2565 3382 Ea,
2607 3342 2720 3385 quae
2755 3342 2836 3396 per
2873 3330 2939 3374 in-

1590 3385 1849 3430 fitiationem
1886 3385 1934 3427 in
1970 3384 2046 3427 lite
2083 3389 2310 3439 crescunt,
2352 3385 2408 3429 ab
2448 3385 2678 3442 ignorante
2708 3389 2841 3430 etiam
2875 3387 2941 3430 in-

1592 3441 1741 3485 debita
1780 3440 1927 3484 soluta
1965 3440 2108 3495 repeti
2146 3453 2236 3484 non
2275 3453 2410 3497 posse
2449 3441 2680 3486 certissimi
2717 3442 2827 3487 iuris
2862 3449 2940 3486 est.

1592 3497 1670 3541 sed
1708 3499 1755 3540 et
1791 3496 1828 3539 si
1860 3495 2006 3540 cautio
2035 3496 2259 3541 indebitae
2290 3499 2505 3552 pecuniae
2540 3511 2594 3542 ex
2624 3498 2776 3542 eadem
2807 3512 2943 3543 causa

1591 3554 1923 3608 interponatur,
1976 3551 2243 3597 condictioni
2281 3555 2431 3597 locum
2473 3568 2562 3598 non
2610 3567 2706 3599 esse
2752 3558 2939 3599 constat.

1593 3608 1638 3652 S.
1679 3620 1708 3652 V
1730 3607 1790 3652 id.
1821 3607 1966 3667 April.
1999 3607 2220 3666 Byzantii
2249 3610 2341 3653 AA.
2374 3623 2517 3654 conss.
2752 3615 2809 3663 [a.
2841 3614 2940 3662 293]

1648 3662 1678 3710 5
1712 3662 1838 3708 Idem
1873 3665 1963 3708 AA.
2002 3669 2047 3708 et
2076 3663 2154 3710 00.
2192 3664 2360 3710 Attalo.
2431 3666 2479 3709 Si
2517 3679 2544 3710 a
2583 3672 2710 3722 patre
2747 3667 2938 3709 emanci-

1592 3726 1724 3777 patus
1754 3720 1795 3763 ei
1806 3721 1844 3747 ²⁵
1882 3733 1971 3764 non
1999 3720 2117 3764 intra
2145 3725 2346 3777 tempora
2377 3723 2643 3777 praestituta
2672 3723 2767 3765 iure
2798 3723 2938 3765 hono—

1591 3777 1710 3821 rario
1765 3775 2041 3828 successisti,
2097 3776 2310 3833 quidquid
2362 3778 2605 3822 indebitum
2656 3782 2812 3833 postea
2894 3790 2939 3820 er

1592 3845 1784 3876 errorem
1813 3835 1968 3887 utpote
1997 3833 2136 3888 patris
2167 3845 2403 3877 successor
2431 3833 2602 3885 dedisti,
2633 3834 2727 3876 eius
2758 3845 2842 3876 con
2873 3833 2936 3891 icf

1592 3888 1758 3932 tionem
1771 3888 1854 3931 tibi
1870 3892 2119 3944 competere
2148 3902 2237 3933 non
2268 3893 2335 3932 est
2357 3889 2514 3933 incerti
2536 3888 2655 3932 iuris.
2702 3887 2749 3932 S.
2766 3889 2939 3932 1111112ο

1591 3943 1635 3989 Ic.
1666 3942 1776 3988 Mai.
1807 3944 1900 3989 AA.
1931 3957 2074 3989 conss.
2748 3947 2806 3998 [a.
2838 3946 2935 3995 293]

1594 4099 1642 4126 vl
1672 4086 1721 4137 P,
1751 4099 1804 4126 111
1834 4086 1898 4127 vel
1925 4099 1994 4126 1111
2029 4087 2100 4128 Th.
2218 4087 2293 4140 (16)
2324 4107 2380 4122 =
2414 4086 2485 4127 Th.
2504 4087 2543 4135 2,
2561 4095 2653 4138 28,1
2685 4085 2814 4137 1324,
2831 4094 2933 4137 1,1‘1:

1595 4143 1713 4195 iunqe
1752 4143 1791 4192 2,
1821 4150 1875 4192 13,
1909 4151 1943 4183 2.
1981 4144 2021 4194 4,
2052 4151 2112 4194 26,
2141 4151 2192 4185 13.
2235 4145 2274 4191 8,
2308 4153 2359 4193 15,
2392 4151 2426 4184 s.
2463 4144 2523 4190 11,
2555 4150 2614 4193 48,
2644 4150 2696 4183 17.
2731 4142 2795 4192 12,
2826 4149 2886 4192 60,
2913 4149 2934 4182 4

1594 4196 1669 4248 (1·1)
1699 4196 1898 4237 solutioni
1927 4197 2190 4240 succumbere
2225 4199 2298 4239 Th.
2441 4198 2516 4248 (18)
2554 4207 2647 4237 oum
2687 4196 2791 4236 iuris
2829 4196 2936 4236 ratio

1593 4255 1684 4294 tum
1703 4254 1774 4295 Th.
1862 4254 1936 4306 (19)
1951 4265 1982 4294 v
1998 4254 2103 4308 leqes
2119 4255 2344 4309 iunyendae
2362 4269 2446 4294 cum
2467 4251 2539 4293 Th.
2558 4254 2665 4304 dett„
2694 4264 2742 4292 Vl
2764 4252 2865 4292 Hae.
2886 4253 2932 4303 P,

1593 4321 1660 4349 vn
1691 4309 1788 4350 libri
1816 4310 1911 4351 boni
1941 4309 2014 4350 Th.
2129 4312 2209 4361 (20)
2239 4309 2285 4350 Β
2313 4310 2380 4359 24,
2411 4318 2441 4358 1,
2472 4316 2512 4351 18
2543 4324 2650 4361 seqq.
2675 4330 2730 4337 —
2756 4307 2817 4360 Cf.
2833 4307 2933 4360 Diq.

1599 4365 1663 4414 12,
1694 4372 1716 4406 8
1802 4363 1878 4417 (21)
1909 4365 2046 4407 debuit
2060 4381 2143 4406 esse
2157 4365 2254 4418 imp.
2273 4364 2509 4403 Antoninus
2524 4366 2574 4404 A.
2661 4363 2741 4414 (22)
2768 4364 2816 4401 A.
2843 4377 2934 4413 scr„

1594 4423 1648 4473 cf.
1678 4427 1757 4461 not.
1788 4428 1827 4461 21
1941 4420 2021 4474 (23)
2064 4421 2098 4462 si
2138 4421 2244 4461 citra
2281 4419 2599 4460 transactionem
2633 4429 2722 4471 pec.
2752 4416 2935 4460 indebite

1593 4477 1712 4518 vertit
1740 4475 1829 4515 ΒΣ
1851 4475 1988 4527 (emt.)
2104 4477 2182 4530 (24)
2212 4477 2254 4517 et
2291 4490 2364 4516 om.
2395 4477 2483 4515 ΒΣ
2590 4474 2667 4526 (25)
2697 4473 2735 4514 ei
2770 4473 2856 4525 CR,
2898 4486 2937 4513 es

1593 4530 1631 4573 ei
1666 4531 1706 4570 P
1810 4532 1891 4582 (26)
1919 4544 2023 4572 xmx
2055 4532 2170 4583 Hae„
2199 4543 2282 4572 vm
2314 4530 2355 4572 P
