3138 4732
182 155 476 195 'ramum

182 293 337 347 fiustus
381 293 543 337 sederit
585 302 720 347 supra
761 286 921 340 sedem,
966 299 1055 329 non
1097 286 1403 332 adversabitur
1441 287 1525 331 sibi

184 353 210 394 6
255 347 501 404 ‘quicquam
525 344 772 402 malignum’
789 345 816 385 ¹.
861 342 1051 385 Proinde
1073 343 1325 386 serenitatis
1350 347 1525 386 vestrae

181 403 331 471 apices
360 417 442 460 per
469 403 708 460 Hypatium
735 401 870 454 atque
899 397 1171 441 Demetrium
1220 399 1523 443 sanctissimos

181 473 299 504 viros
336 459 495 504 fratres
534 463 579 503 et
619 455 904 511 coepiscopos
943 466 1064 496 meos
1133 455 1379 498 reverentia
1418 467 1523 498 con-

183 518 310 561 sueta
347 515 640 572 suscepimus:
678 522 864 567 quorum
902 510 1032 551 etiam
1061 509 1277 554 relatione
1307 510 1523 565 comperi-

181 585 300 623 mus,
340 572 458 627 quod
493 569 696 614 fidelibus
731 564 909 620 populis
947 566 1288 620 proposuissetis
1334 566 1524 609 edictum

183 640 331 672 amore
359 627 461 670 fidei
489 638 567 682 pro
598 620 893 667 submovenda
926 620 1252 665 haereticorum
1279 621 1526 665 intentione

183 682 426 727 secundum
453 679 738 737 apostolicam
769 675 1026 728 doctrinam,
1063 677 1248 720 fratrum
1278 681 1322 720 et
1353 676 1523 730 coepis-

185 751 399 804 coporum
439 741 691 781 nostrorum
730 732 1047 775 interveniente
1087 746 1322 776 consensu.
1390 731 1523 786 quod,

185 806 288 851 qma
325 792 592 850 apostolicae
627 788 854 832 doctrinae
894 788 1109 842 convenit,
1149 794 1302 832 nostra
1330 787 1524 831 auctori-

184 853 275 895 tate
303 849 624 894 confirmamus.

185 910 208 950 ῖ
322 904 489 949 Textus
517 906 666 945 autem
696 898 911 955 epistulae
940 899 1041 942 talis
1073 902 1160 943 est:

277 959 431 1006 Victor
457 956 740 1002 lastinianus
801 956 873 998 ius
898 955 1022 1012 felix
1056 955 1238 999 inclitus
1278 951 1524 1018 triumpha-

185 1022 258 1063 tor
281 1027 454 1073 semper
480 1014 712 1070 Anqustus
741 970 940 1055 Iighanni
967 1011 1248 1055 sanctissimo
1282 1009 1433 1054 archae
1466 1009 1525 1051 is-

184 1077 209 1117 8
266 1082 380 1129 copo
419 1067 564 1113 almae
599 1067 726 1111 urbis
754 1066 926 1110 Romae
962 1071 1007 1110 et·
1036 1065 1348 1124 patriarchae.
1450 1064 1525 1108 ed-

182 1126 334 1173 1133133
373 1124 587 1172 honorem
626 1123 899 1180 apostolicae
940 1122 1034 1165 sedi
1078 1128 1122 1166 et
1158 1127 1332 1166 vestrae
1360 1119 1524 1165 sancti-

182 1182 276 1237 tati,
309 1180 427 1238 quod
449 1192 621 1236 semper
650 1179 775 1225 nobis
806 1178 853 1221 13
877 1183 978 1222 voto
1008 1178 1094 1221 fuit
1125 1183 1169 1221 et
1197 1181 1277 1230 est,
1310 1179 1362 1220 ut
1385 1176 1523 1226 decet,

180 1242 352 1296 patrem
373 1236 644 1281 honorantes
661 1240 851 1278 vestram
880 1234 1198 1278 beatitudinem
1227 1233 1382 1283 omnia,
1414 1243 1525 1287 quae

179 1293 238 1339 ad
258 1292 552 1338 *ecclesiarum
581 1294 748 1335 statum
777 1290 1009 1346 pertinent,
1042 1290 1301 1334 festinamus
1322 1288 1379 1332 ad
1408 1287 1522 1331 noti-

178 1350 286 1402 tiam
327 1348 500 1394 deferre
541 1351 713 1392 vestrae
767 1347 1039 1399 sanctitatis,
1095 1345 1301 1402 quoniam
1353 1355 1526 1398 semper

179 1418 385 1461 magnum
413 1404 541 1448 nob1s
571 1404 656 1447 fuit
686 1403 881 1447 studium
910 1403 1127 1446 unitatem
1144 1404 1318 1444 vestrae
1346 1406 1523 1456 aposto-

177 1461 291 1506 licae
321 1460 437 1505 sedis
468 1463 513 1504 et
527 1462 692 1504 statum
708 1462 960 1502 sanctarum
982 1458 1054 1501 dei
1075 1457 1361 1501 ecclesiarum
1376 1460 1524 1499 custo-

180 1517 276 1572 diri,
321 1517 396 1572 qui
438 1516 654 1559 hactenus
701 1515 871 1559 obtinet
914 1519 957 1557 et
1000 1513 1266 1556 incommote
1300 1515 1527 1567 permanet

179 1577 205 1618 9
264 1573 385 1618 nulla
421 1571 719 1616 intercedente
758 1569 1085 1614 contrarietate.
1153 1568 1346 1623 Ideoque
1377 1580 1526 1611 omnes

181 1629 434 1674 sacerdotes
463 1627 656 1672 universi
699 1625 925 1670 orientalis
966 1628 1138 1667 tractus
1177 1628 1222 1666 et
1251 1624 1454 1667 subicere
1484 1627 1529 1667 et

185 1690 234 1728 10
291 1684 418 1728 unire
456 1683 551 1728 sedi
588 1685 759 1726 vestrae
789 1680 1036 1724 sanctitatis
1066 1680 1410 1734 properavimus.
1469 1681 1530 1722 Et

180 1742 227 1785 13
254 1739 476 1797 praesenti
515 1751 623 1792 ergo
655 1750 767 1793 quae
809 1736 882 1779 hic
923 1739 1142 1779 commota
1182 1743 1286 1778 sunt
1298 1737 1328 1788 2,
1375 1747 1526 1791 quam-

179 1797 244 1841 vis
281 1794 515 1840 manifesta
545 1797 590 1838 et
617 1793 868 1836 indubitata
895 1792 984 1835 sint
1008 1796 1055 1835 et
1077 1791 1322 1834 secundum
1346 1796 1527 1846 aposto-

178 1853 291 1896 licae
332 1854 503 1895 vestrae
557 1850 673 1894 sedis
720 1849 964 1892 doctrinam
1008 1849 1064 1891 ab
1110 1848 1311 1891 omnibus
1356 1861 1528 1903 semper

179 1907 483 1954 sacerdotibus
521 1905 646 1949 firme
685 1904 906 1948 custodita
946 1908 990 1947 et
1025 1903 1294 1959 praedicata,
1323 1917 1527 1948 necessa-

178 1965 292 2008 rium
319 1963 536 2017 duximus,
566 1964 618 2005 ut
646 1961 704 2005 ad
731 1960 936 2005 notitiam
952 1966 1124 2004 vestrae
1155 1961 1404 2004 sanctitatis
1427 1974 1528 2016 per-

182 2025 229 2065 11
289 2019 479 2064 veniant.
537 2018 633 2062 Nec
663 2017 780 2062 enim
813 2017 1007 2072 patimur
1044 2017 1292 2072 quicquam,
1325 2017 1444 2072 quod
1472 2017 1530 2060 ad

179 2075 466 2123 ecclesiarum
494 2078 658 2119 statum
686 2073 890 2130 pertinet,
928 2073 1123 2128 quamvis
1162 2073 1448 2117 manifestum
1486 2078 1530 2117 et

179 2131 474 2178 indubitatum
503 2131 573 2185 sit,
604 2129 722 2186 quod
750 2134 962 2183 movetur,
994 2132 1045 2173 ut
1072 2142 1162 2173 non
1193 2130 1326 2173 etiam
1354 2134 1528 2174 vestrae

178 2189 430 2233 innotescat
459 2186 701 2239 sanctitati,
734 2185 837 2242 quia
867 2189 1002 2251 caput
1032 2190 1099 2229 est
1129 2186 1323 2232 omnium
1352 2191 1542 2230 sancta--

179 2258 277 2288 rum
311 2243 612 2289 ecclesiarum.
679 2255 759 2298 per
795 2255 942 2286 0111313
980 2242 1114 2297 33113,
1151 2247 1204 2286 ut
1243 2243 1411 2286 dictum
1449 2247 1528 2297 est,

178 2312 466 2358 properamus
490 2299 704 2343 honorem
728 2302 773 2342 et
797 2298 1108 2342 auctoritatem
1134 2311 1335 2343 crescere
1355 2303 1530 2343 vestrae

185 2360 234 2401 12
291 2356 420 2410 331113.
479 2355 768 2399 Manifestum
794 2355 930 2410 igitur
957 2354 1146 2398 facimus
1162 2359 1335 2398 vestrae
1364 2355 1528 2399 sancti-

181 2412 283 2466 tati,
323 2411 440 2469 quod
474 2412 607 2468 pauci
644 2411 848 2467 quidam³
886 2410 1086 2454 infideles
1117 2416 1162 2454 et
1190 2411 1322 2454 alieni
1351 2416 1532 2455 sanctae

181 2469 252 2513 dei
295 2467 540 2512 catholicae
583 2469 715 2523 atque
759 2467 1032 2522 apostolicae
1081 2467 1295 2510 ecclesiae
1354 2470 1530 2510 contra-

183 2525 328 2569 dicere
355 2523 535 2567 Iudaice
562 2523 662 2566 ausi
691 2525 796 2566 sunt
824 2522 1035 2565 adversus
1066 2535 1130 2575 ea,
1162 2535 1274 2576 quae
1304 2522 1359 2565 ab
1391 2523 1530 2566 omni-

184 2581 266 2625 bus
303 2579 606 2625 sacerdotibus
637 2577 879 2622 secundum
914 2582 1106 2621 vestram
1135 2577 1382 2622 doctrinam
1410 2582 1532 2622 recte

184 2640 391 2680 tenentur
428 2639 474 2679 et
509 2633 818 2690 glorificantur
852 2638 984 2689 atque
1021 2634 1355 2689 praedicantur,
1398 2634 1530 2678 dene-

183 2697 338 2748 gantes
366 2690 589 2735 dominum
623 2695 824 2734 nostrum
851 2690 1029 2734 1113311111
1061 2689 1294 2742 Christum,
1335 2691 1530 2746 unigeni-

183 2754 278 2792 tum
319 2746 459 2791 filium
511 2746 581 2790 dei
630 2752 673 2789 et
715 2746 844 2789 deum
886 2751 1109 2799 nostrum,
1153 2747 1435 2790 incarnatum
1477 2759 1532 2790 ex

183 2805 338 2849 sancto
368 2803 528 2859 spiritu
559 2806 604 2845 et
633 2804 790 2846 sancta
817 2804 951 2857 atque
979 2802 1172 2857 gloriosa
1192 2802 1359 2857 virgine
1389 2806 1433 2846 et
1462 2802 1532 2846 dei

182 2859 404 2916 genetrice
431 2857 576 2903 Maria
611 2857 831 2902 hominem
876 2858 1044 2901 factum
1083 2861 1216 2914 atque
1257 2858 1529 2911 crucifixum,

183 2929 319 2960 unum
347 2927 444 2960 esse
459 2918 640 2958 sanctae
670 2919 714 2957 et
729 2914 1121 2958 consubstantialis
1149 2914 1376 2967 trinitatis,
1398 2915 1531 2958 coad-

184 2971 400 3016 orandum
428 2973 474 3015 et
503 2969 921 3026 conglorificandum
942 2971 1060 3025 patri
1090 2973 1134 3013 et
1155 2970 1330 3026 spiritui
1359 2975 1530 3023 sancto,

185 3027 609 3072 consubstantialem
635 3027 754 3092 patri
782 3026 1024 3070 secundum
1053 3026 1324 3070 divinitatem
1354 3030 1400 3070 et
1429 3040 1530 3071 con-

184 3083 518 3128 substantialem
546 3082 674 3126 nobls
705 3082 892 3126 eundem
927 3082 1074 3138 ipsum
1104 3083 1347 3127 secundum
1375 3083 1530 3127 huma-

184 3141 388 3195 nitatem,
426 3139 680 3195 passibilem
709 3151 854 3190 carne,
885 3139 1077 3182 eundum
1109 3139 1256 3194 ipsum
1284 3140 1532 3195 impassibi-

188 3200 238 3240 13
294 3196 380 3239 lem
409 3195 587 3238 deitate.
630 3194 905 3238 Recusantes
937 3195 1051 3238 33113
1080 3195 1304 3239 1101313313
1331 3201 1534 3240 nostrum

185 3252 364 3296 Ihesum
404 3250 626 3295 Christum
666 3250 941 3305 unigenitum
982 3250 1122 3294 filium
1170 3251 1241 3294 dei
1283 3255 1328 3294 et
1372 3252 1503 3295 deum
1516 3254 1531 3278 ⁴

186 3310 388 3351 nostrum
420 3305 554 3350 fateri
589 3319 728 3348 unum
757 3318 854 3349 esse
884 3310 1066 3350 sanctae
1093 3309 1140 3350 et
1177 3308 1532 3351 consubstantia-

186 3363 243 3406 lis
259 3362 467 3406 trinitatis
484 3361 692 3405 videntur
705 3360 902 3404 Nestorii
915 3362 1074 3404 malam
1102 3367 1338 3416 sequentes
1370 3362 1532 3410 doctri-

187 3430 302 3473 nam,
319 3415 562 3462 secundum
576 3416 760 3471 gratiam
774 3415 970 3460 dicentes
987 3429 1087 3459 eum
1099 3417 1239 3460 filium
1255 3418 1327 3461 dei
1341 3421 1386 3461 et
1400 3419 1534 3462 alium

191 3479 242 3518 14
300 3473 496 3518 dicentes
527 3472 658 3516 deum
673 3473 858 3516 verbum
887 3477 932 3514 et
954 3472 1088 3515 alium
1104 3472 1340 3516 Christum.
1371 3473 1532 3518 Omnes

186 3542 290 3574 vero
319 3529 572 3574 sacerdotes
602 3531 784 3572 sanctae
814 3528 1059 3572 catholicae
1098 3533 1233 3584 atque
1261 3531 1534 3584 apostolicae

187 3585 399 3630 ecclesiae
437 3590 484 3629 et
517 3584 859 3628 reverentissimi
893 3584 1265 3628 archimandritae
1308 3598 1534 3629 sacrorum

186 3641 552 3686 monasteriorum
574 3645 807 3696 sequentes
823 3641 1104 3689 sanctitatem
1116 3643 1310 3684 vestram
1325 3643 1370 3684 et
1386 3647 1532 3686 custo-

187 3698 357 3742 dientes
395 3700 558 3741 statum
595 3699 640 3740 et
676 3697 892 3740 unitatem
927 3699 1182 3740 sanctarum
1219 3696 1288 3740 dei
1324 3697 1531 3741 ecclesia-

187 3767 305 3808 rum,
346 3765 477 3807 quam
512 3753 678 3796 habent
712 3752 770 3795 ad
807 3752 1099 3808 apostolicam
1145 3757 1320 3797 vestrae
1367 3753 1531 3796 sancti-

187 3809 295 3853 tatis
325 3808 486 3862 sedem,
517 3807 627 3851 nihil
654 3808 831 3864 penitus
858 3808 1140 3852 immutantes
1159 3809 1213 3852 de
1231 3808 1532 3857 ecclesiastico

189 3867 323 3918 statu,
354 3864 428 3919 qui
455 3864 672 3907 hactenus
703 3863 893 3908 obtinuit
919 3868 1052 3919 atque
1087 3865 1270 3919 obtinet,
1310 3878 1399 3908 1130
1432 3878 1531 3908 303-

188 3933 322 3966 33333
361 3919 628 3963 confitentur
666 3923 711 3965 et
745 3919 1016 3974 glorificant,
1056 3920 1364 3976 praedicantes
1396 3919 1532 3963 domi-

188 3990 294 4020 num
322 3979 523 4020 nostrum
550 3975 727 4018 Ihesum
757 3974 992 4028 Christum,
1022 3977 1294 4031 unigenitum
1322 3976 1460 4019 filium
1491 3980 1534 4020 et

187 4033 369 4076 verbum
408 4031 480 4074 dei
515 4033 561 4074 et
589 4029 717 4073 deum
745 4033 965 4086 nostrum,
1004 4036 1107 4075 ante
1146 4033 1324 4076 saecula
1365 4037 1409 4076 et
1438 4032 1533 4075 sine

188 4093 386 4144 tempore
422 4087 476 4130 de
514 4091 641 4142 patre
678 4088 853 4138 natum,
895 4087 942 4129 in
970 4088 1133 4131 ultimis
1165 4088 1319 4132 diebus
1351 4088 1531 4131 descen-

190 4144 308 4188 disse
345 4142 399 4187 de
437 4141 571 4186 caelis
610 4145 656 4184 et
689 4141 967 4185 incarnatum
1006 4155 1059 4185 ex
1095 4143 1253 4198 spiritu
1291 4149 1445 4188 sancto
1490 4147 1534 4186 et

190 4204 344 4244 sancta
372 4203 504 4254 atque
531 4197 725 4253 gloriosa
752 4197 916 4252 virgine
957 4203 1002 4241 et
1039 4199 1110 4241 dei
1138 4200 1360 4254 genetrice
1389 4200 1533 4243 Maria

190 4260 343 4300 natum
372 4259 417 4298 et
444 4254 662 4298 hominem
692 4253 861 4297 factum
897 4257 941 4298 et
977 4253 1233 4298 crucifixum
1270 4269 1407 4299 unum
1437 4268 1531 4299 esse

192 4397 240 4450 (1)
272 4397 460 4438 Proverb.
492 4397 560 4448 20,
588 4405 608 4438 8
726 4396 782 4449 (2)
813 4407 917 4446 quae
947 4395 1015 4435 hic
1045 4397 1247 4442 commota
1275 4398 1374 4437 sunt
1389 4397 1534 4448 Avell.‚

192 4465 297 4504 quae
327 4454 528 4492 commota
556 4453 655 4491 sunt
678 4452 732 4504 R,
770 4451 838 4491 cui
862 4451 962 4492 haec
997 4454 1198 4491 commota
1227 4455 1324 4492 sunt
1345 4453 1396 4495 C.-
1435 4447 1536 4493 τούς

191 4507 336 4549 ταῦτα
364 4503 721 4561 ἀνακινῆσαντας
750 4538 760 4547 .
778 4537 788 4548 .
807 4536 818 4547 .
849 4502 1094 4564 ἀναγκαῖον
1109 4502 1342 4562 ᾠήθημεν,
1373 4507 1447 4548 ἵνα
1477 4507 1536 4548 εἰς

189 4563 364 4616 γνῶσιν
394 4594 405 4605 .
423 4594 462 4606 ..
491 4560 750 4605 ἀνέλθωσιν
781 4564 823 4604 Β
965 4564 1016 4615 (3)
1048 4564 1216 4615 quidam
1250 4565 1285 4605 C'
1309 4579 1394 4605 cum
1425 4565 1469 4605 B
1500 4573 1536 4605 et

202 4632 235 4658 c·
260 4627 278 4660 7
306 4622 333 4670 §
361 4630 381 4662 4
406 4621 444 4662 11.
463 4629 502 4670 1.,
526 4619 691 4671 quidem
708 4619 836 4660 Avell.
857 4620 895 4659 R
1006 4621 1061 4670 (4)
1087 4619 1295 4660 dominum
1313 4620 1440 4662 Avell.
1464 4621 1534 4661 CR

1533 132 1584 190 11

2850 141 2928 193 11

1610 287 1788 331 sanctae
1811 285 1855 327 et
1885 283 2272 328 consubstantialis
2296 284 2519 336 1113113113,
2553 284 2873 331 coadorandum
2903 292 2945 331 et

1616 347 1662 386 15
1722 335 2137 394 conglorificandum
2175 341 2292 395 patri
2329 346 2374 383 et
2412 343 2566 383 sancto
2607 341 2794 393 spiritui.
2852 343 2945 387 Nec

1609 397 1725 442 enim
1752 394 1887 438 alium
1916 392 2045 435 deum
2073 395 2252 438 verbum
2282 398 2327 439 et
2354 395 2489 438 alium
2516 394 2734 438 Christum
2764 411 2944 453 cognos-

1609 453 1767 504 cimuS,
1804 447 1883 493 sed
1924 461 2061 490 unum
2100 455 2232 503 atque
2271 451 2457 493 eundem
2483 449 2627 504 ipsum
2659 454 2945 497 consubstan-

1607 508 1757 552 tialem
1785 503 1902 561 patri
1929 504 2172 546 secundum
2189 505 2458 548 divinitatem
2474 509 2518 547 et
2532 506 2946 552 consubstantialem

1607 563 1736 607 nobis
1773 559 1958 604 eundem
1996 558 2141 612 ipsum
2178 561 2421 604 secundum
2454 559 2781 614 humanitatem,
2811 566 2947 616 passi-

1607 619 1740 662 bilem
1782 627 1936 666 carne,
1991 615 2179 657 eundem
2229 616 2376 670 ipsum
2424 614 2736 670 impassibilem
2780 617 2946 662 deitate.

1612 677 1663 718 16
1720 671 1781 716 Ut
1822 671 1935 712 enim
1980 674 2048 712 est
2089 670 2136 712 in
2166 670 2392 713 divinitate
2436 670 2684 726 perfectus,
2736 671 2799 714 ita
2839 674 2950 716 idem

1607 730 1703 784 ipse
1733 729 1778 770 et
1804 726 1851 768 in
1873 725 2150 768 humanitate
2174 726 2399 780 perfectus
2425 731 2513 769 est:
2542 726 2589 768 in
2619 738 2708 769 una
2723 727 2837 769 enim
2852 731 2951 772 sub-

1608 781 1839 828 sistentia⁵
1868 781 2082 824 unitatem
2101 781 2362 836 suscipimus
2387 785 2431 826 31
2453 782 2724 833 confitemur,
2751 783 2866 836 quod
2891 784 2952 826 di-

1609 841 1717 883 cunt
1743 837 1904 882 Graeci
1927 835 2011 890 τὴν
2033 834 2147 879 καθ’
2173 833 2427 880 ὑπόστασιν
2452 840 2620 880 ἕνωσιν
2645 832 2953 895 ὁμολογοῦμεν.

1613 898 1660 938 17
1720 893 1782 937 Et
1808 893 2017 948 1111031313
2041 893 2294 948 unigenitus
2309 893 2426 937 filius
2457 898 2502 937 et
2529 894 2711 937 verbum
2739 893 2823 945 dei,
2855 899 2955 937 ante

1609 949 1789 994 saecula
1819 954 1863 992 et
1891 949 1987 993 sine
2016 954 2215 1004 tempore
2245 949 2300 993 de
2324 955 2450 1005 patre
2472 953 2620 1003 natus,
2650 949 2765 992 idem
2791 950 2886 1004 ipse
2913 956 2955 992 et

1607 1007 1655 1049 in
1692 1005 1858 1049 ultimis
1899 1005 2054 1048 diebus
2092 1005 2362 1048 descendens
2401 1006 2455 1048 de
2495 1006 2654 1058 caelis,
2702 1006 2956 1049 incarnatus

1609 1075 1664 1105 ex
1694 1064 1850 1105 sancto
1881 1061 2038 1116 spiritu
2069 1066 2113 1104 et
2142 1064 2299 1105 sancta
2328 1065 2460 1117 atque
2497 1062 2690 1117 gloriosa
2718 1061 2885 1116 virgine
2915 1069 2958 1104 et

1609 1117 1679 1161 dei
1708 1117 1932 1172 genetrice
1961 1117 2107 1160 Maria
2145 1123 2190 1160 et
2218 1119 2348 1162 homo
2378 1119 2537 1170 factus,
2578 1118 2780 1162 dominus
2810 1120 2958 1161 noster

1608 1174 1764 1216 Ihesus
1810 1173 2011 1217 Christus
2055 1174 2233 1228 proprie
2279 1179 2323 1217 et
2363 1187 2464 1217 vere
2510 1174 2618 1218 deus
2656 1178 2743 1226 est,
2786 1173 2885 1217 ideo
2918 1179 2958 1216 et

1610 1234 1810 1273 sanctam
1837 1237 1881 1273 et
1907 1230 2143 1284 gloriosam
2168 1230 2379 1285 virginem
2394 1231 2582 1273 Mariam
2606 1229 2785 1286 proprie
2803 1232 2847 1272 et
2861 1241 2961 1273 vere

1610 1286 1680 1329 dei
1715 1289 1900 1329 matrem
1940 1285 2145 1329 dicimus:
2186 1299 2276 1329 non
2313 1287 2415 1341 quia
2446 1287 2556 1330 deus
2585 1287 2765 1330 verbum
2795 1285 2958 1342 princi-

1610 1342 1732 1398 pium
1761 1355 1817 1384 ex
1843 1342 1944 1398 ipsa
1973 1342 2225 1397 sumpserit,
2266 1343 2344 1386 sed
2380 1343 2497 1397 quod
2533 1342 2579 1386 in
2608 1343 2772 1385 ultimis
2803 1341 2960 1385 diebus

1611 1398 1840 1441 descendit
1878 1398 1932 1442 de
1970 1399 2104 1442 caelis
2145 1402 2191 1442 31
2228 1411 2283 1442 ex
2322 1399 2422 1454 ipsa
2460 1399 2720 1442 incarnatus
2758 1401 2803 1441 et
2830 1398 2959 1441 homo

1616 1458 1665 1497 18
1723 1454 1868 1498 sactus
1901 1458 2032 1498 natus
2064 1457 2142 1498 est.
2204 1455 2342 1510 Quem
2372 1455 2632 1499 confitemur
2663 1460 2706 1498 et
2730 1454 2960 1507 credimus,

1613 1510 1731 1553 sicut
1759 1510 1927 1553 dictum
1958 1517 2038 1563 est,
2071 1512 2493 1555 consubstantialem
2531 1524 2627 1555 esse
2656 1510 2775 1567 patri
2804 1523 2960 1554 secun-

1613 1566 1715 1608 dum
1770 1566 1979 1610 deitatem
2034 1572 2079 1610 et
2133 1568 2554 1611 consubstantialem
2597 1568 2725 1611 nobis
2775 1567 2960 1611 eundem

1611 1623 1758 1677 ipsum
1788 1623 2031 1666 secundum
2060 1624 2404 1678 humanitatem,
2446 1624 2638 1667 eiusdem
2675 1623 2888 1667 miracula
2917 1626 2962 1666 et

1612 1679 1857 1734 passiones,
1889 1693 2000 1734 quas
2032 1686 2190 1735 sponte
2222 1694 2354 1724 carne
2376 1681 2597 1733 sustinuit,
2630 1683 2958 1734 cognoscentes.

1616 1740 1665 1777 19
1726 1735 2000 1790 Suscipimus
2041 1741 2188 1779 autem
2231 1741 2385 1780 sancta
2424 1741 2633 1792 quattuor
2672 1737 2879 1788 concilia,
2918 1735 2962 1778 id

1614 1795 1681 1835 est
1720 1795 2020 1835 trecentorum
2056 1792 2207 1835 decem
2244 1796 2289 1836 et
2325 1797 2425 1837 octo
2471 1797 2726 1836 sanctorum
2772 1797 2961 1848 patrum,

1614 1847 1690 1902 qui
1726 1847 1774 1890 in
1803 1848 1974 1891 Nicaea
2018 1849 2274 1904 congregati
2303 1851 2430 1899 sunt,
2470 1853 2514 1892 et
2544 1851 2721 1892 centum
2750 1849 2961 1904 quinqua-

1612 1904 1735 1959 ginta
1765 1910 2020 1948 sanctorum
2049 1910 2239 1960 patrum,
2281 1905 2354 1960 qui
2382 1906 2429 1948 in
2457 1906 2542 1949 hac
2571 1905 2690 1960 regia
2718 1905 2828 1947 urbe
2859 1917 2963 1947 con-

1615 1965 1840 2015 venerunt,
1873 1966 1917 2004 et
1939 1966 2197 2005 sanctorum
2219 1967 2409 2017 patrum,
2441 1962 2516 2017 qui
2543 1962 2589 2004 in
2615 1962 2796 2016 Epheso
2825 1961 2963 2017 primo

1615 2017 1870 2072 congregati
1899 2020 2025 2070 sunt,
2067 2021 2113 2061 et
2153 2021 2407 2061 sanctorum
2436 2022 2625 2073 patrum,
2658 2018 2731 2072 qui
2759 2018 2805 2060 in
2836 2016 2964 2059 Chal-

1615 2073 1782 2117 cedone
1828 2078 2147 2126 convenerunt,
2194 2074 2310 2118 sicut
2352 2080 2500 2118 vestra
2546 2074 2793 2130 apostolica
2839 2072 2965 2116 sedes

1616 2133 1668 2172 20
1729 2130 1859 2173 docet
1895 2135 2028 2185 atque
2064 2130 2307 2185 praedicat.
2367 2131 2527 2174 Omnes
2570 2144 2671 2185 ergo
2709 2129 2964 2174 sacerdotes

1615 2191 1849 2241 sequentes
1902 2186 2151 2229 doctrinam
2203 2187 2475 2242 apostolicae
2525 2192 2698 2230 vestrae
2745 2186 2860 2230 sedis
2903 2186 2967 2228 ita

1616 2246 1665 2285 21
1729 2243 1915 2285 credunt
1945 2246 1990 2286 et
2019 2243 2288 2286 confitentur
2319 2248 2362 2286 et
2391 2243 2665 2299 praedicant.
2711 2242 2838 2287 Unde
2862 2254 2964 2297 pro·

1614 2299 1863 2354 peravimus
1902 2299 2015 2342 haec
2056 2299 2113 2342 ad
2154 2300 2356 2343 notitiam
2396 2299 2567 2343 deferre
2595 2303 2767 2343 vestrae
2803 2298 2956 2342 sancti-

1614 2356 1719 2398 tatis
1750 2368 1830 2410 per
1859 2355 2099 2412 Hypatium
2128 2360 2172 2399 et
2201 2355 2501 2410 Demetrium,
2542 2355 2819 2399 beatissimos
2851 2355 2965 2411 epis-

1615 2424 1774 2466 copos,
1819 2416 1871 2454 ut
1913 2425 1996 2455 nec
2038 2417 2229 2455 vestram
2273 2412 2555 2455 sanctitatem
2583 2413 2744 2464 lateat,
2790 2424 2904 2466 quae
2939 2423 2966 2453 a

1616 2467 1881 2522 quibusdam
1916 2468 2070 2522 paucis
2109 2468 2338 2511 monachis
2378 2469 2492 2511 male
2531 2472 2575 2511 et
2602 2468 2780 2511 Iudaice
2809 2480 2961 2511 secun-

1617 2526 1669 2565 22
1729 2523 1833 2565 dum
1861 2523 2059 2567 Nestorii
2087 2523 2321 2578 perfidiam
2351 2523 2566 2579 denegata
2595 2526 2710 2567 sunt.
2771 2523 2964 2566 Petimus

1616 2591 1718 2633 ergo
1758 2583 1955 2622 vestrum
1985 2583 2218 2634 paternum
2256 2579 2494 2632 adfectum,
2531 2583 2582 2623 ut
2610 2580 2766 2623 vestris
2798 2579 2855 2623 ad
2883 2591 2964 2622 nos

1616 2634 1846 2678 destinatis
1875 2635 2036 2678 litteris
2068 2639 2113 2678 et
2141 2635 2199 2678 ad
2214 2635 2539 2678 sanctissimum
2554 2635 2811 2691 episcopum
2835 2635 2963 2678 huius

1616 2690 1759 2734 almae
1796 2691 1919 2734 urbis
1959 2695 2002 2735 et
2041 2691 2341 2746 patriarcham
2403 2697 2595 2735 vestrum
2624 2692 2819 2745 fratrem,
2857 2703 2963 2746 quo-

1615 2747 1735 2789 niam
1764 2749 1809 2789 et
1836 2747 1931 2802 ipse
1959 2760 2040 2802 per
2069 2747 2246 2791 eosdem
2275 2748 2454 2803 scripsit
2492 2748 2548 2791 ad
2578 2750 2770 2792 vestram
2800 2747 2964 2792 sancti-

1616 2807 1752 2845 tatem
1780 2803 1995 2846 festinans
2025 2804 2074 2846 in
2102 2803 2304 2846 omnibus
2345 2803 2471 2858 sequi
2500 2803 2647 2848 sedem
2677 2804 2964 2859 apostolicam

1616 2858 1901 2902 beatitudinis
1930 2862 2116 2912 vestrae,
2157 2858 2440 2902 manifestum
2469 2859 2598 2903 nobis
2628 2859 2818 2912 faciatis,
2850 2859 2965 2914 quod

1616 2927 1779 2963 omnes,
1810 2915 1886 2969 qui
1910 2915 2143 2970 praedicta
2169 2919 2289 2958 recte
2303 2915 2586 2970 confitentur,
2613 2916 2799 2971 suscipit
2818 2917 2967 2959 vestra

1617 2970 1832 3015 sanctitas
1877 2974 1923 3014 et
1964 2983 2135 3026 eorum,
2182 2972 2257 3027 qui
2293 2971 2472 3015 Iudaice
2516 2973 2613 3015 ausi
2658 2977 2763 3016 sunt
2798 2973 2963 3015 rectam

1617 3031 1669 3070 23
1729 3026 1946 3082 denegare
1961 3027 2103 3080 fidem,
2136 3028 2398 3071 condemnat
2420 3028 2660 3083 perfidiam.
2720 3028 2827 3072 Plus
2851 3028 2962 3071 enim

1615 3084 1679 3127 ita
1710 3088 1754 3126 et
1784 3084 1903 3127 circa
1932 3096 2009 3127 vos
2042 3084 2235 3127 omnium
2265 3097 2390 3127 amor
2420 3089 2463 3127 et
2477 3087 2649 3128 vestrae
2673 3084 2788 3127 sedis
2806 3085 2966 3128 crescit

1617 3139 1861 3183 auctoritas
1903 3144 1946 3182 et
1976 3153 2088 3195 quae
2119 3140 2176 3183 ad
2220 3153 2298 3183 vos
2330 3144 2398 3183 est
2426 3140 2573 3183 unitas
2604 3143 2862 3183 sanctarum
2891 3153 2962 3183 ec-

1618 3196 1852 3239 clesiarum
1880 3195 2109 3238 inturbata
2139 3196 2395 3243 servabitur,
2434 3195 2608 3251 quando
2637 3209 2718 3251 per
2745 3209 2822 3240 vos
2853 3195 2962 3239 didi—

1618 3252 1760 3295 cerint
1789 3263 1940 3294 omnes
1962 3251 2204 3294 beatissimi
2234 3251 2434 3306 episcopi
2462 3264 2627 3297 eorum.
2658 3264 2772 3307 quae
2800 3251 2858 3295 ad
2885 3265 2963 3296 vos

1616 3308 1757 3350 relata
1793 3311 1918 3357 sunt,
1958 3307 2174 3349 sinceram
2214 3313 2387 3350 vestrae
2417 3308 2663 3351 sanctitatis
2703 3307 2962 3352 doctrinam.

1616 3363 1806 3419 petimus
1835 3365 1983 3409 autem
2006 3367 2196 3405 vestram
2225 3363 2546 3407 beatitudinem
2575 3376 2703 3407 orare
2728 3377 2810 3420 pro
2835 3365 2963 3408 nobis

1618 3423 1671 3461 24
1728 3423 1773 3461 31
1812 3418 1883 3461 (131
1920 3418 2046 3462 nobis
2087 3418 2322 3474 adquirere
2357 3419 2690 3474 providentiam.
2766 3420 2828 3463 Et
2874 3420 2963 3463 alia

1615 3475 1801 3518 manuss:
1831 3473 2050 3517 Divinitas
2079 3477 2125 3517 te
2155 3479 2298 3519 servet
2326 3488 2407 3531 per
2434 3476 2595 3520 multos
2625 3489 2778 3530 annos,
2811 3482 2964 3521 sancte

1615 3543 1669 3573 ac
1699 3529 2024 3584 religiosissime
2054 3534 2193 3585 pater.
2251 3530 2376 3575 Data
2401 3543 2497 3575 VJJJ
2520 3532 2579 3575 id.
2611 3531 2712 3576 Iun.
2747 3531 2961 3576 Constan-

1619 3585 1812 3684 tinlopoli
1847 3584 1919 3629 dn.
1960 3585 2216 3631 lustin-iano
2248 3592 2475 3646 perpetuo
2513 3589 2719 3646 Auqusto
2755 3601 2824 3632 JJJ
2858 3602 2962 3633 con-

1615 3656 1669 3685 su
1688 3655 1723 3685 e.
2787 3658 2827 3688 a.
2858 3649 2937 3689 533

1617 3701 1669 3740 25
1727 3697 1889 3753 Liquet
1915 3698 2063 3754 igitur,
2092 3697 2406 3753 gloriosissime
2434 3699 2690 3755 imperator,
2731 3645 2786 3744 111[;
2810 3644 2961 3744 lectio³

1616 3754 1684 3797 nis
1721 3755 1850 3796 tenor
1890 3758 1935 3798 et
1970 3754 2216 3809 legatorum
2253 3760 2499 3798 vestrorum
2534 3756 2691 3800 relatio
2737 3756 2959 3812 patefecit,

1616 3822 1693 3852 vos
1724 3809 1977 3864 apostolicis
2009 3810 2327 3854 eruditionibus
2355 3811 2544 3863 studere,
2575 3825 2674 3855 cum
2703 3811 2758 3855 de
2786 3812 2955 3867 religio·

1617 3866 1683 3907 nis
1702 3865 1946 3910 catholicae
1970 3866 2058 3909 fide
2080 3878 2131 3909 ea
2154 3867 2326 3921 sapitis,
2356 3879 2408 3910 33
2437 3867 2523 3911 scri
2557 3868 2688 3919 sistis,
2721 3880 2770 3911 ea
2785 3868 2959 3923 populis

1616 3919 1819 3964 fidelibus
1862 3921 2142 3977 publicastis,
2190 3935 2325 3977 quae,
2369 3923 2486 3966 sicut
2514 3881 2716 3975 diximus,
2761 3929 2806 3966 et
2834 3923 2959 3967 sedes

1616 3975 1861 4031 apostolica
1890 3977 2019 4021 docet
2047 3980 2092 4021 et
2119 3980 2297 4032 patrum
2312 3978 2562 4022 veneranda
2587 3979 2777 4022 decrevit
2805 3983 2958 4022 aucto-

1618 4035 1670 4074 26
1727 4031 1836 4076 ritas
1867 4035 1911 4076 et
1938 4047 2019 4077 nos
2050 4033 2400 4077 confirmavimus
2436 4034 2481 4076 in
2512 4035 2727 4078 omnibus.
2787 4035 2958 4090 Oppor-

1616 4089 1772 4130 tunum
1801 4090 1895 4131 est⁷
1926 4101 2027 4144 ergo
2052 4101 2161 4132 voce
2190 4089 2380 4132 clamare
2409 4090 2694 4144 prophetica,
2728 4090 2955 4133 ‘Iucunde-

1618 4145 1704 4185 ‘tur
1744 4143 1914 4187 caelum
1943 4145 2152 4199 desuper,
2190 4144 2417 4188 effundant
2444 4150 2614 4189 montes
2642 4146 2956 4189 iucunditatem

1617 4201 1667 4241 27
1728 4202 1787 4242 ‘et
1825 4200 1958 4243 colles
1996 4201 2165 4243 laetitia
2193 4201 2488 4244 laetabuntur’
2502 4202 2531 4244 ⁸.
2599 4202 2721 4245 Haec
2750 4201 2882 4256 igitur
2908 4200 2955 4243 in

1615 4254 1780 4298 tabulis
1825 4255 1968 4300 cordis
2011 4255 2191 4299 fideles⁹
2236 4257 2453 4309 scribere,
2497 4257 2608 4300 haec
2661 4262 2710 4300 ut
2763 4256 2955 4312 pupillas

1622 4397 1674 4446 (5)
1706 4398 1765 4437 sic
1778 4396 1911 4440 Avell.
1932 4395 1974 4446 G,
2000 4396 2230 4437 substantia
2245 4397 2286 4436 R
2429 4399 2484 4446 (6)
2516 4398 2556 4436 et
2577 4395 2658 4435 alia
2683 4409 2807 4436 manu
2824 4397 2952 4439 Avell.

1620 4453 1660 4492 31
1690 4451 1804 4501 (item
1833 4454 1874 4493 et
1902 4453 1956 4503 R,
1989 4454 2030 4492 et
2054 4453 2154 4492 haec
2177 4453 2249 4503 M)
2271 4451 2517 4504 subscriptio
2548 4451 2680 4491 CRM
2811 4454 2865 4505 (7)
2897 4455 2954 4494 est

1619 4523 1691 4548 om.
1707 4507 1838 4550 Avell.
1954 4509 2007 4558 (s)
2027 4510 2079 4561 cf.
2098 4508 2259 4549 [esaias
2276 4517 2331 4559 45,
2351 4517 2384 4550 8.
2403 4517 2456 4559 44,
2477 4516 2532 4547 23.
2549 4516 2606 4554 55,
2622 4515 2675 4547 12.
2693 4507 2830 4549 Psalm
2847 4517 2906 4560 95,
2918 4519 2948 4551 11

1619 4573 1677 4612 97,
1696 4572 1716 4604 8
1860 4564 1914 4616 (9)
1945 4563 2083 4603 fideles
2106 4564 2233 4604 Avell.
2265 4564 2306 4610 0,
2336 4562 2467 4602 fidelis
2486 4562 2548 4601 R:
2579 4565 2701 4614 quasi
2727 4573 2828 4606 esset
2853 4564 2953 4605 fide-

1617 4618 1734 4670 lium,
1766 4619 1809 4659 Β
1839 4628 1994 4662 vertunt
2022 4619 2118 4659 τῶν
2148 4619 2327 4660 πιστῶν
