3086 4732
193 206 467 251 nccmsns

248 344 309 394 17
341 342 682 404 [ῑΛύτοκράτωρ
696 340 979 387 Ἀναστάσιος
994 346 1071 395 Α.]
1103 376 1227 388 .....
1254 349 1531 402 Θεσπίζομεν

156 407 159 411 ’
191 401 244 446 ni
259 406 336 446 ἐπὶ
349 403 406 461 τῇ
419 396 650 460 ᾀγιωτάτῃ
662 396 828 459 μεγάλῃ
845 396 1054 452 ἐκκλησίᾳ
1070 398 1203 453 τῆσδε
1213 403 1288 456 τῆς
1301 401 1531 457 βασιλίδος

189 456 360 504 πόλεως
397 456 440 517 (ᾑ
477 455 816 515 συνυπάγεσθαι
854 451 1066 510 προσήκει
1103 460 1177 498 καὶ
1212 456 1313 501 τοὺς
1341 455 1528 517 ἁγιωτά-

189 529 288 558 τους
324 513 485 565 οἴκους,
527 503 593 555 ῶν
631 508 742 566 aivi]
777 507 835 552 τά
871 525 921 551 τε
951 509 1192 569 πράγματα
1221 518 1294 555 καὶ
1323 513 1406 568 τὴν
1434 516 1531 557 τῶν

189 567 474 625 καλουμένων
520 566 710 625 διαρίων
753 568 827 607 καὶ
872 563 1045 609 λοιπῶν
1090 565 1428 625 δαπανημάτων
1472 570 1531 610 εἰς

189 623 351 679 ἑαυτὴν
379 620 615 675 ἀνεδέξατο
628 624 854 680 χορηγίαν)
885 617 1131 676 ὁρισθέντα
1149 628 1223 666 καὶ
1245 624 1529 684 κρατήσαντα

190 683 338 724 ιιένειν
367 677 439 738 ἐφ’
472 680 643 722 ἑαυτῶν
671 675 888 719 ἀσάλευτα
918 681 991 718 καὶ
1026 678 1209 735 ἄτρωτα
1238 678 1351 723 κατὰ
1379 678 1530 723 πάντα

191 734 358 795 τρόπον
396 732 729 793 φυλαττόμενα·
769 735 934 787 βέβαια
973 731 1022 775 δὲ
1052 734 1165 777 εἶναι
1194 739 1266 777 καὶ
1296 733 1446 780 πάντα
1474 734 1530 777 τὰ

190 790 412 851 προνόμια
439 789 496 835 τὰ
522 791 578 849 τῇ
609 786 721 848 αὐτῇ
748 805 804 845 με
833 787 915 846 άλῃ
947 788 1153 844 ἐκκλησίᾳ
1182 795 1255 833 καὶ
1285 793 1351 846 τῷ
1369 788 1527 846 θρόνῳ

191 845 351 902 ταύτης
376 847 452 902 τῆς
477 842 704 902 βασιλίδος
733 843 793 888 πό
823 859 903 887 εως
933 842 1044 887 καθ’
1078 845 1341 900 οἱονὸήποτε
1367 843 1530 903 χρόνον

194 909 212 947 1
272 899 300 957 ἢ
325 899 497 962 τρόπον
522 895 786 958 ὑπάρξαντα
828 904 901 941 καὶ
938 900 1275 958 ἐποφειλόμενα.
1341 903 1528 945 2Θεσπί-

191 961 343 1016 ζομεν,
381 953 498 1000 ὥστε
535 958 688 1000 πᾶσαν
724 959 954 1010 ἐκποίησιν
992 955 1272 1015 πραγμάτων
1306 953 1530 1011 ἀκινήτων

191 1013 217 1070 ἢ
245 1012 487 1059 πολιτικῶν
517 1017 783 1071 σιτηρεσίων
811 1016 903 1055 τοῖς
933 1017 1190 1069 σεβασμιόις
1219 1014 1350 1057 οἴκοις
1379 1010 1527 1069 διαφε-

189 1063 405 1130 ρόντωνῆ
433 1065 704 1111 διοισόντων
733 1065 846 1111 καθ’
868 1067 1131 1123 οἱονδήποτε
1159 1068 1331 1128 τρόπον
1357 1070 1527 1127 γινομέ-

187 1141 271 1180 νην
290 1121 318 1178 ἢ
338 1121 651 1180 μελετωμένην
675 1120 702 1177 ἢ
719 1125 1006 1168 ἐπινοεῖσθαι
1022 1123 1273 1181 δυναμένην
1289 1121 1528 1178 σχολάζειν·

187 1178 302 1234 πλὴν
331 1180 370 1222 εἰ
395 1177 544 1235 μήπου
571 1185 718 1239 χρείας
746 1179 866 1223 τινὸς
895 1177 1136 1239 ἀναγκαίας
1165 1185 1239 1223 καὶ
1275 1177 1529 1236 ἐπωφελοῦς

185 1239 276 1280 τοῖς
315 1232 463 1278 αὐτοῖς
501 1240 756 1292 σεβασμίοις
785 1237 916 1278 οἴκοις
945 1233 1281 1291 ἀνακυπτούσης
1310 1231 1529 1286 λυσιτελὴς

185 1291 250 1362 εἴη
285 1287 459 1334 τούτοις
495 1286 523 1345 ἡ
551 1294 710 1349 πρᾶσις
744 1294 825 1334 τοῦ
853 1290 1055 1335 τοιούτου
1085 1290 1342 1351 πράγματος
1370 1287 1395 1345 ἢ
1423 1285 1528 1334 ὑπο·

185 1347 304 1401 θηκη
342 1342 370 1400 ἢ
406 1344 662 1406 ἀνταλλαγὴ
699 1345 726 1402 ἢ
764 1346 961 1402 διηνεκὴς
990 1346 1261 1406 ἐμφύτευσις,
1299 1349 1530 1390 τουτέστιν

185 1399 366 1446 ἐπειδὰν
402 1401 461 1446 τὰ
498 1401 726 1460 τιμήματα
765 1406 846 1447 τοῦ
882 1408 1246 1463 πιπρασκομένου
1274 1399 1531 1462 πράγματος

184 1460 244 1502 εἰς
286 1456 602 1502 διευλύτωσιν3
643 1462 802 1518 χρεῶν,
846 1457 950 1513 ούχ4
990 1456 1141 1503 ἁπλῶς
1179 1454 1275 1501 οὐδ’
1321 1455 1378 1501 ῶς
1408 1458 1530 1510 ἔτυχε

184 1510 461 1566 συστάντων,
490 1511 583 1558 ἀλλ’
617 1518 664 1558 ἐκ
693 1514 918 1570 διαδοχῶν
945 1531 1087 1558 τινων
1103 1512 1200 1568 ἤτοι
1225 1513 1530 1570 κληρονομιῶν

191 1567 212 1582 ⁸
251 1570 299 1621 ἐξ
337 1571 498 1614 αἰτιῶν
535 1567 796 1630 ἀναγκαίων
832 1575 906 1613 καὶ
934 1567 1166 1625 χρειωδῶν
1196 1570 1262 1611 ἑνὶ
1298 1572 1394 1612 τῶν
1424 1585 1529 1628 προ-

185 1588 494 1681 δηλωθέντων
524 1632 784 1682 σεβασμίων
813 1627 950 1669 οἴκων
977 1629 1282 1680 ἐπικειμένων,
1313 1622 1341 1679 ἢ
1370 1629 1443 1667 καὶ
1473 1625 1531 1667 εἰς

186 1681 442 1741 πράγματος
471 1678 645 1725 αὐτοῒςῖ·
673 1683 823 1740 ἑτέρου
842 1679 1184 1745 χρειωδεστέρου
1214 1698 1264 1723 τε
1293 1685 1368 1724 καὶ
1398 1678 1529 1739 ἀναγ-

185 1740 411 1797 καιοτέρου
450 1738 608 1792 κτῆσιν
643 1741 718 1780 καὶ
747 1737 995 1796 ἀγορασίαν
1023 1735 1173 1792 μέλλοι
1210 1739 1474 1794 προχωρεῖν,
1504 1733 1531 1789 ἢ

183 1797 259 1837 καὶ·
292 1793 352 1836 εἰς
387 1789 642 1835 ἀνανέωσιν
679 1792 776 1847 ἤτοι
815 1791 1072 1847 ἐπιμέλειαν
1109 1794 1188 1836 τοῦ
1233 1792 1368 1835 αὐτοῦ
1410 1793 1530 1835 οἴκου

182 1853 532 1908 κατεπείγουσαν
566 1853 641 1891 καὶ
675 1851 846 1906 μακρᾶς
882 1847 1104 1904 ἀναβολῆς
1140 1845 1218 1890 οὐκ
1261 1845 1389 1901 ἀνεχο
1426 1853 1531 1902 ένην

185 1903 503 1949 δαπανᾶσθαι·
547 1906 646 1948 τῶν
685 1903 837 1949 αὐτῶν
868 1906 1028 1947 αἰτιῶν
1057 1908 1131 1946 καὶ
1161 1907 1235 1948 ἐπὶ
1264 1910 1356 1947 τοῖς
1385 1867 1529 1947 διανεί-

184 1975 319 2017 σμασι
356 1963 429 2002 καὶ
470 1963 566 2003 ταῖς
605 1957 682 2004 ἐπ’
726 1958 873 2004 αὐτοῖς
909 1957 1160 2014 ὑποθήκαις
1195 1963 1271 2015 τῆς
1298 1959 1532 2004 κωλύσεως

183 2017 480 2076 ἐξῃρημένων.
543 2015 601 2059 τὰ
630 2014 679 2059 δὲ
706 2018 782 2072 τῆς
809 2014 1098 2075 ἀνταλλαγῆς,
1128 2013 1240 2059 ὅταν
1271 2019 1346 2060 ἐπὶ
1379 2034 1530 2075 χρειω-

185 2071 378 2132 δεστέρῳ
406 2071 520 2115 κατὰ
547 2072 629 2116 τὸν
656 2074 756 2116 ἴσον
784 2071 956 2130 τρόπον
986 2076 1060 2115 καὶ
1090 2070 1426 2133 ἀναγκαιοτέρα]
1457 2077 1530 2115 καὶ

184 2126 409 2189 πρόσοδον
437 2125 566 2179 ἀξίαν
595 2133 668 2172 καὶ
698 2125 777 2172 οὔκ
808 2126 1024 2172 ἐλάττονα
1039 2130 1117 2171 τοῦ
1136 2126 1371 2184 διδομένου
1394 2128 1529 2188 πράγ-

184 2198 320 2234 ματος
363 2184 430 2227 ἑνὶ
471 2186 569 2228 τῶν
613 2182 766 2229 αὐτῶν
804 2190 1066 2240 σεβασμίων
1102 2185 1241 2227 οἴκων
1280 2189 1532 2246 περιποιεῖν

184 2239 417 2296 δυναμένῳ
447 2242 740 2294 ἐπιζητεῖται·
778 2240 833 2285 τὰ
869 2239 918 2284 δὲ
945 2243 1021 2296 τῆς
1052 2238 1372 2299 ἐμφυτεύσεως,
1401 2238 1530 2297 ἡνίκα

186 2413 235 2462 (1)
265 2425 297 2452 c.
330 2419 368 2453 17
394 2426 460 2464 pr.
495 2416 514 2458 5
548 2419 564 2452 1
595 2419 732 2452 extant
760 2412 800 2452 in
818 2410 1005 2452 Nomoc.:
1037 2412 1190 2453 indices
1223 2417 1242 2459 δ
1273 2421 1293 2455 2
1327 2443 1335 2452 .
1409 2421 1429 2452 5
1461 2412 1530 2452 de·

187 2468 314 2508 dimus
345 2468 402 2507 ad
433 2468 563 2508 Const.
690 2468 744 2517 (2)
775 2467 1027 2508 desideratur
1058 2469 1296 2508 enumeratio
1325 2469 1533 2508 venerabi·

189 2523 282 2564 lium
298 2523 489 2574 domuum,
516 2522 574 2563 ad
588 2537 704 2575 quam
721 2523 834 2575 infra
850 2524 1081 2564 remittimur
1099 2518 1532 2575 (ποοδηλωθέντων)

187 2593 382 2632 quamque
403 2578 531 2619 Const.
551 2579 705 2619 indicat
729 2579 791 2618 his
813 2580 964 2618 verbis:
997 2575 1046 2619 αἱ
1073 2573 1123 2619 δὲ
1150 2561 1279 2618 limat
1310 2574 1535 2630 ἐκκλησίαι

186 2635 262 2674 καὶ
288 2629 567 2690 μοναστῆρια
598 2634 671 2674 καὶ
702 2629 950 2685 ξενοδοχεῖα
978 2635 1053 2674 καὶ
1083 2629 1442 2690 ὀρφανοτροφεῖα
1459 2633 1535 2686 τῆς

189 2684 320 2742 αὐτῆς
357 2685 528 2731 πόλεως
563 2691 637 2730 καὶ
674 2690 750 2742 τῆς
788 2686 1058 2747 περιοικίδος
1086 2685 1219 2741 αὐτῆς
1257 2692 1331 2730 καὶ
1359 2687 1417 2730 τὰ
1445 2684 1533 2732 ὑπὸ

187 2742 269 2796 τὴν
295 2748 574 2802 χειροτονίαν
601 2744 682 2786 τοῦ
710 2741 1057 2802 ἀρχιεπισκόπου
1088 2741 1221 2797 αὐτῆς
1249 2739 1276 2797 ἢ
1299 2746 1397 2786 τῶν
1421 2739 1530 2803 παρ’

189 2798 321 2843 αὐτοῦ
337 2803 742 2858 χειροτονουμένων
755 2798 1099 2859 μητροπολιτῶν
1129 2803 1202 2842 καὶ
1225 2801 1324 2843 τῶν
1354 2799 1400 2850 ἐξ
1431 2801 1534 2842 ἐκεί-

247 2992 308 3042 17
341 2993 456 3052 Imp.
495 2994 767 3038 Anastasius
805 2996 856 3038 Λ.
927 2994 1166 3039 Sancimus
1204 3009 1282 3048 ea,
1354 3008 1439 3039 uae
1482 2994 1536 3038 de

186 3054 480 3097 sacrosancta
508 3063 674 3108 mayna
711 3050 900 3095 ecclesia
928 3050 1062 3095 huius
1091 3051 1246 3109 reyiae
1273 3065 1330 3095 ur
1358 3051 1398 3095 is
1426 3050 1534 3104 (sub

188 3121 280 3166 qua
315 3106 450 3152 etiam
486 3111 806 3150 sacrosanctas
844 3106 1003 3151 domos
1031 3106 1349 3165 comprehendi
1378 3120 1536 3151 conve-

189 3163 278 3216 nit,
317 3175 511 3220 quarum
539 3166 585 3206 et
609 3175 684 3206 res
711 3167 757 3206 et
783 3162 1050 3207 diariorium
1080 3177 1196 3228 quae
1226 3163 1438 3207 dicuntur
1468 3176 1535 3207 ce-

191 3223 475 3275 terarumque
513 3231 816 3282 expensarum
857 3218 1234 3277 dispensationem
1272 3220 1320 3263 in
1358 3233 1406 3263 se
1433 3219 1535 3277 ipsa

189 3274 383 3332 recepit)
435 3273 620 3329 definita
669 3278 776 3317 sunt
841 3274 1186 3331 valueruntque,
1244 3289 1424 3319 manere
1479 3274 1536 3318 iis

190 3331 457 3374 inconcussa
485 3332 531 3372 et
556 3328 715 3372 illaesa
732 3329 984 3373 omnimodo
1006 3330 1242 3374 custodita.
1281 3331 1418 3387 firma
1445 3330 1536 3374 sint

190 3385 326 3431 etiam
364 3383 513 3428 omnia
539 3384 806 3442 privileyia,
846 3399 963 3442 quae
997 3385 1136 3429 eidem
1172 3399 1366 3443 maynae
1400 3385 1535 3430 eccle-

191 3442 286 3486 siae
313 3445 359 3486 et
383 3439 480 3484 sedi
508 3438 640 3484 huius
668 3440 822 3498 reyiae
849 3440 974 3484 urbis
1005 3441 1052 3484 in
1082 3440 1392 3498 quodcumque
1432 3447 1535 3485 tem-

191 3511 279 3557 pus
313 3496 382 3542 vel
417 3509 600 3553 quoquo
645 3495 778 3540 modo
824 3497 1176 3554 competiverunt
1220 3501 1266 3541 et
1308 3496 1534 3541 debentur.

197 3557 214 3597 1
276 3551 512 3598 Sancimus
547 3565 719 3596 omnem
753 3566 903 3596 rerum
932 3551 1220 3596 immobilium
1248 3552 1318 3597 vel
1345 3552 1536 3596 civilium

158 3617 162 3620 ⁴
193 3621 476 3654 annonarum
512 3621 631 3707 quae
668 3607 894 3665 reliqiosis
936 3607 1138 3652 domibus
1176 3612 1435 3667 competunt
1469 3609 1538 3653 vel

195 3668 446 3724 competent
481 3664 799 3708 aienationem
839 3677 1039 3717 cessare,
1079 3677 1360 3722 quocumque
1402 3664 1534 3708 modo

193 3722 280 3778 fiat
307 3720 376 3765 vel
403 3718 699 3818 adlqrediatur
726 3719 796 3765 vel
823 3721 1079 3778 excoyitari
1142 3721 1264 3773 ossit,
1294 3719 1383 3763 nisi
1408 3720 1536 3777 forte

190 3781 383 3842 propter
425 3788 453 3818 a
471 3788 624 3832 equam
667 3776 971 3820 necessitatem
1013 3777 1082 3820 uti
1099 3780 1252 3822 itatem
1285 3790 1364 3829 ue,
1420 3789 1535 3833 quae

191 3832 330 3877 isdem
358 3830 593 3889 reliyiosis·
617 3830 821 3875 domibus
849 3832 1091 3886 emerserit,
1120 3832 1256 3890 prosi
1302 3832 1360 3875 iis
1388 3831 1535 3876 vendi-

196 3889 258 3933 tio
300 3887 404 3932 talis
439 3886 507 3951 rei
534 3886 603 3930 rel
630 3886 884 3945 hypotheca
919 3887 988 3932 vel
1010 3888 1299 3946 permutatio,
1329 3887 1379 3930 id
1404 3893 1470 3930 est
1496 3887 1536 3930 si

191 3944 386 4004 pretium
414 3955 479 3986 rei
519 3942 722 3987 venditae
752 3943 882 3987 cedat
915 3944 964 3987 in
991 3944 1259 3988 solutionem
1289 3943 1535 3987 debitorum

195 4013 286 4045 non
323 4011 498 4051 eorum,
538 4011 654 4055 quae
693 3989 955 4056 simplicitet
991 4005 1035 4044 et
1054 4004 1202 4058 prout
1231 3999 1390 4043 incidit
1417 3998 1534 4043 escis-

197 4060 315 4109 tant,
353 4053 434 4099 sed
471 4067 587 4111 quae
623 4067 684 4098 ex
718 4055 1073 4111 successionibus
1099 4055 1189 4100 sive
1217 4054 1536 4100 heredita-tibus

195 4112 265 4158 vel
291 4124 352 4156 ex
380 4109 644 4154 necessariis
671 4108 940 4167 utilibusque
968 4111 1117 4155 causis
1143 4125 1286 4169 supra
1315 4110 1534 4154 dictarum

196 4165 511 4213 venerabilium
548 4164 783 4209 domorum
811 4166 886 4209 cui
912 4166 1190 4219 incumbant,
1229 4166 1299 4212 vel
1326 4167 1460 4211 etiam
1487 4166 1535 4209 in

172 4222 540 4281 adquisitionem
578 4221 931 4279 emptionemque
972 4222 1091 4266 alius
1132 4222 1221 4275 rei,
1282 4235 1399 4279 quae
1450 4222 1534 4266 uti-

198 4279 287 4323 lior
318 4278 377 4322 iis
404 4282 450 4322 et
474 4276 620 4335 maqis
657 4277 909 4321 necessaria
950 4278 1023 4330 sit,
1062 4277 1132 4323 vel
1167 4277 1298 4322 etiam
1329 4278 1376 4321 in
1405 4291 1534 4322 reno-

197 4334 418 4380 vationem
454 4332 524 4377 vel
560 4346 713 4377 curam
750 4332 894 4390 ipsius
929 4333 1087 4377 domus
1119 4333 1357 4378 instantem
1400 4348 1534 4390 quae-

197 4404 284 4455 que
311 4402 520 4447 maynam
545 4387 803 4433 dilationem
827 4402 918 4432 non
930 4389 1192 4446 permittat:
1219 4389 1357 4432 isdem
1388 4389 1536 4432 causis

198 4459 245 4489 m
273 4446 405 4491 vetito
436 4457 539 4488 aere
567 4444 712 4488 alieno
743 4443 1048 4489 contrahendo
1087 4450 1131 4490 et
1158 4444 1421 4503 hypothecis
1440 4458 1533 4503 pro

201 4514 251 4545 eo
290 4500 452 4545 dandis
485 4500 712 4558 exceptis:
739 4500 1016 4558 permutatio
1054 4514 1182 4553 vero,
1224 4500 1265 4543 si
1298 4500 1450 4544 itidem
1481 4500 1535 4544 de

200 4569 249 4600 re
276 4561 455 4615 aqatur,
486 4569 602 4613 quae
629 4555 786 4600 utilior
813 4559 858 4600 et
884 4555 1028 4613 maqis
1055 4555 1308 4600 necessaria
1335 4556 1398 4600 sit
1416 4555 1534 4599 redi-

202 4616 379 4678 tumque
432 4610 758 4657 convenientem
809 4624 890 4656 nec
938 4610 1152 4656 minorem
1202 4611 1271 4656 rei
1312 4611 1535 4656 alienatae

201 4665 335 4713 aliem
390 4665 703 4716 venerabilium
760 4665 991 4714 domorum
1050 4680 1315 4729 comparare
1365 4666 1536 4728 possit:
1573 4709 1576 4718 ι

1540 190 1600 250 15

2858 202 2947 253 12

1614 342 1640 399 ἡ
1677 347 1754 400 τῆς
1790 339 2013 412 προσόδου
2050 340 2266 397 μηδαμῶς
2304 343 2562 402 ἀπομειοῖτο
2598 348 2788 404 ποσότης
2825 347 2952 406 ἢκαὶ

1614 402 1787 460 ἄπορον
1814 397 1879 450 είη
1909 395 2141 440 παντελῶς
2162 398 2213 441 τὸ
2237 398 2493 456 διδόμενον·
2523 403 2598 443 ἐπὶ
2614 402 2696 461 γὰρ
2711 411 2800 449 τοῖς
2815 407 2952 451 τοιού·

1613 470 1705 500 τως
1746 451 1977 511 πράγμασι
2019 456 2110 494 τοῖς
2152 453 2292 507 μηδὲν
2333 458 2419 511 μὲν
2461 453 2611 513 κέρδος
2655 456 2715 500 δι’
2763 457 2951 520 ἀπορίαν

1614 514 1926 568 προσφέρουσι,
1958 509 2120 571 ζημίαν
2151 506 2198 549 δὲ
2228 515 2625 579 προστριβομένοις
2654 511 2755 556 οὐδὲ
2793 515 2952 576 δωρεὰς

1613 570 1704 609 τοῖς
1734 563 1880 606 αὐτοῖς
1909 562 2041 604 οἴκοις
2071 579 2097 615 η
2127 564 2384 618 ἐκχωοήσεις
2413 565 2758 624 απαγορεύομεν.

1615 627 1638 665 2
1727 618 1815 662 6Τὸ
1857 616 1904 660 δὲ
1939 616 2177 676 γινόμενον
2213 604 2291 661 οῧκ
2326 619 2470 663 ἄλλως
2515 620 2665 674 ἰσχύει,
2710 626 2747 664 εἰ
2785 625 2844 680 μὴ
2878 633 2957 681 μία

1726 678 1819 719 τῶν
1849 675 2097 731 εἰρημένων
2127 674 2287 716 αἰτιῶν
2312 679 2361 717 ἐν
2385 671 2675 732 ὑπομνήμασι
2699 684 2957 737 φανερωθῆ,

1725 734 1774 773 ἐν
1810 732 1894 785 μὲν
1931 731 2170 783 Βυζαντίῳ
2213 730 2336 787 παρὰ
2372 733 2440 785 τῷ
2477 733 2870 791 μαγιστροκήνσῳ,
2913 727 2959 779 ἓν

1724 785 1774 829 δὲ
1807 788 1909 850 ταῖς
1944 786 2175 850 ἐπαρχίαις
2213 785 2336 842 παρὰ
2371 790 2463 830 τοῖς
2492 786 2699 842 ἐκδίκοις,
2735 798 2958 849 προκειμέ-

1724 857 1820 884 νων
1849 857 1946 883 των
1974 846 2116 898 αγίων
2144 845 2348 899 γραφῶν,
2378 847 2453 884 καὶ
2483 845 2558 888 ἐπὶ
2586 847 2670 901 μὲν
2697 848 2796 888 τῶν
2816 846 2960 900 ἐκκλη-

1725 898 1839 939 σιῶν
1883 894 2127 954 παρόντων
2168 899 2266 940 τῶν
2303 897 2556 955 οἰκονόμων
2593 904 2669 943 καὶ
2704 903 2802 944 τῶν
2841 901 2961 955 ἐνδη-

1723 951 1934 1009 μούντων
1964 949 2206 1018 κληρικῷν,
2249 955 2323 997 ἐπὶ
2355 952 2404 996 δὲ
2431 957 2529 998 τῶν
2556 962 2870 1015 μοναστηρίων
2900 956 2967 1000 δεῖ

1726 1011 1935 1066 παρεῖναι
1971 1008 2073 1050 τοὺς
2111 1014 2374 1066 ηγουμένους
2409 1015 2482 1053 καὶ
2519 1010 2621 1054 τούς
2649 1011 2803 1056 ἄλλους
2829 1029 2963 1068 μονα-

1723 1063 1964 1130 χούς,(ἐπὶ
2008 1061 2068 1130 δὲ,
2101 1066 2200 1106 τῶν
2243 1071 2483 1120 πτωχείων
2520 1070 2600 1110 τοῦ
2631 1067 2854 1123 διοικητοῦ
2892 1074 2966 1111 καὶ

1724 1123 1822 1162 τῶν
1848 1136 2198 1178 υπουργουντων
2226 1125 2300 1163 καὶ
2330 1124 2427 1164 τῶν
2457 1126 2669 1177 πτωχῶν,
2699 1129 2774 1168 ἐπὶ
2799 1122 2849 1167 δὲ
2869 1127 2965 1168 τῶν

1726 1174 1940 1226 ξενώνων
1985 1177 2064 1218 τοῦ
2116 1174 2339 1231 διοικητοῦ
2380 1183 2455 1220 καὶ
2498 1182 2596 1223 τῶν
2639 1176 2966 1249 εὑρισκομένων

1724 1231 1914 1276 πάντων
1968 1227 2208 1291 ὑπουργῶν
2259 1236 2335 1288 τῆς
2379 1232 2633 1290 διοικήσεως
2679 1240 2753 1279 καὶ
2805 1242 2967 1292 ομοίως

1727 1291 1802 1332 ἐπὶ
1841 1290 1938 1331 τῶν
1977 1285 2396 1348 όρφανοτροφείων,
2439 1288 2556 1334 ὥστε
2585 1297 2765 1349 κρατεῖν
2796 1294 2846 1336 τὸ
2876 1298 2967 1335 τοῖς

1726 1343 1928 1389 πλείοσιν
1959 1342 2168 1402 ἀρέσκον·
2204 1348 2519 1391 συναινοῠντος
2557 1354 2631 1390 καὶ
2672 1350 2750 1392 τοῦ
2791 1348 2965 1393 ἐπισκό-

1726 1417 1812 1444 που
1850 1402 1947 1443 τιῦν
1984 1398 2164 1452 τόπων,
2203 1404 2253 1444 έν
2292 1402 2354 1445 οἷς
2382 1406 2515 1446 τοῦτο
2547 1403 2742 1459 σύνηθες
2776 1409 2965 1464 ἐπιγίνε-

1615 1461 1669 1509 2α
1728 1457 1857 1500 σθαι.
1919 1455 1995 1511 Μὴ
2025 1455 2272 1512 δυναμένου
2300 1461 2381 1502 τοῦ
2408 1460 2792 1519 μαγιστροκήνσου
2828 1459 2856 1516 ἢ
2888 1463 2967 1503 τοῦ

1727 1510 1898 1555 ἐκδίκου
1938 1514 2267 1580 παραιτεῒσῒθαι
2306 1514 2672 1572 καταλαμβάνειν
2715 1516 2798 1561 τὸν
2838 1516 2965 1571 σεβά-

1726 1584 1858 1624 σμιον
1895 1569 2036 1620 οἷκον,
2075 1572 2125 1611 έν
2154 1586 2191 1622 ῳ
2222 1566 2249 1622 ἡ
2278 1570 2463 1626 τοιαύτη
2494 1577 2761 1616 συνίσταται
2797 1574 2965 1633 πρᾶξις,

1728 1622 1925 1679 ἀζημίως
1977 1628 2052 1667 καὶ
2104 1623 2432 1670 ἐκδικούντων7
2478 1625 2631 1682 αὐτήν.
2708 1625 2964 1672 ὑπόκεινται

1727 1679 1811 1739 γὰρ
1864 1683 1921 1722 ἐκ
1956 1686 2243 1738 παραβασίας
2286 1685 2422 1742 ποινῇ
2465 1689 2642 1741 χρυσίου
2686 1684 2854 1744 λιτρῶν
2906 1685 2964 1729 κ’.

1618 1736 1670 1780 2b
1731 1740 1821 1778 Καὶ
1849 1735 1960 1791 μετὰ
1993 1738 2136 1779 ταῦτα
2164 1742 2337 1796 γίνεται
2354 1739 2606 1795 συμβόλαια
2627 1740 2964 1796 μνημονεύοντα

1727 1794 1825 1835 τῶν
1867 1794 2026 1835 αἰτιῶν
2062 1796 2135 1834 καὶ
2174 1795 2250 1846 τῆς
2278 1796 2375 1836 τῶν
2404 1790 2740 1852 ὑπομνημάτων
2769 1797 2964 1855 πράξεως

1729 1852 1803 1902 κμὶ
1832 1850 1907 1902 τῆς
1924 1853 2222 1907 προσηγορίας
2242 1852 2339 1892 τῶν
2356 1856 2736 1910 παραγενομένων
2764 1857 2839 1895 καὶ
2854 1849 2962 1911 παρι

1618 1909 1641 1949 3
1730 1903 1767 1958 ᾧ
1799 1908 2000 1958 συνέστη.
2063 1906 2117 1946 Εἰ
2147 1903 2199 1948 δέ
2223 1923 2268 1947 τι
2298 1908 2395 1949 τῶν
2425 1908 2670 1966 εἰρημένων
2693 1910 2968 1967 παροφθείη,

1729 1959 1752 2003 ὁ
1795 1963 1880 2016 μὲν
1924 1958 2159 2015 δανειστὴς
2197 1966 2272 2003 καὶ
2315 1958 2339 2004 ὁ
2380 1960 2626 2022 ἀγοραστής
2654 1969 2862 2009 ἐκπίπτει
2891 1967 2968 2008 τοῦ

1729 2015 1986 2075 πράγματος
2021 2021 2095 2059 καὶ
2133 2020 2212 2060 τοῦ
2242 2022 2391 2075 χρέους
2420 2024 2493 2074 καὶ
2522 2022 2620 2063 τῶν
2648 2023 2816 2077 τιμῶν·
2861 2017 2884 2075 ῥ
2923 2019 2971 2064 δὲ

1728 2073 1885 2128 λαβὼν
1915 2074 1973 2115 εἰς
2002 2070 2285 2132 ἀνταλλαγην
2315 2079 2387 2117 καὶ
2414 2075 2551 2134 οὗπερ
2577 2073 2718 2120 ἔδωκε
2742 2082 2817 2120 καὶ
2834 2077 2970 2137 οὗπερ

1729 2129 1891 2185 ἔλαβεν
1927 2131 2155 2173 ἐκπίπτει·
2215 2126 2239 2172 ὁ
2281 2129 2329 2173 δὲ
2363 2132 2421 2174 εἰς
2451 2131 2720 2190 ἐμφύτευσιν
2747 2129 2859 2192 ὑπὲρ
2888 2133 2970 2187 τὴν

1730 2184 1852 2228 ἰδίαν
1882 2184 2003 2239 ζωὴν
2035 2184 2191 2240 λαβών
2220 2182 2246 2239 ἢ
2277 2185 2452 2246 δωρεὰν
2481 2185 2508 2242 ἢ
2538 2186 2783 2246 ἐκχώρησιν
2806 2187 2951 2248 ἀπηγο

1730 2245 1943 2301 ρευμένην
1979 2239 2258 2284 ἀναδίδωσιν
2293 2239 2404 2303 ὅπερ
2444 2243 2594 2302 εἴληφε
2632 2250 2706 2289 καὶ
2741 2244 2968 2300 ποσότητα

1615 2425 1712 2451 νων
1741 2413 2147 2468 χειροτονουμένων
2179 2417 2348 2456 (ceterae
2377 2430 2470 2455 vero
2494 2415 2682 2456 ecclesiae
2712 2424 2750 2456 et
2777 2424 2968 2456 monaste·

1617 2469 1680 2507 ria
1713 2475 1751 2508 et
1777 2469 2027 2509 xenodochia
2057 2477 2094 2509 et
2122 2469 2470 2523 orphanotrophia
2501 2472 2669 2511 eiusdem
2702 2473 2812 2512 urbis
2842 2480 2879 2511 et
2906 2487 2968 2511 re-

1615 2524 1748 2575 qionis
1778 2524 1907 2574 ipsius
1945 2532 1981 2564 et
2011 2539 2113 2576 quae
2141 2531 2234 2565 sunt
2270 2527 2343 2565 sub
2385 2527 2639 2567 ordinatione
2677 2527 2971 2579 archiepiscopi

1619 2579 1702 2619 eius
1732 2579 1795 2619 vel
1822 2580 2161 2632 metropolitarum
2193 2581 2243 2620 ab
2275 2595 2318 2621 eo
2343 2582 2615 2623 ordinatorum
2646 2582 2711 2622 vel
2739 2598 2870 2623 eorum
2900 2584 2971 2636 qui

1620 2635 1920 2687 ametropolitis
1946 2636 2128 2676 ordinati
2142 2644 2234 2677 sunt
2291 2638 2342 2686 (3)
2369 2630 2574 2678 διάλυσιν
2587 2638 2772 2679 Hercher
2827 2639 2879 2688 (4)
2910 2640 2969 2678 sic

1620 2689 1833 2739 Nomocan,
1865 2685 1944 2741 οὗχ
1975 2684 2033 2732 αἶς
2049 2690 2238 2732 Νιηηοε.α
2332 2694 2387 2744 (5)
2407 2687 2558 2733 αὐταῖς
2574 2693 2789 2744 Νονηοο.’”,
2813 2688 2970 2735 αὐτούς

1621 2745 1810 2787 Nomocst
1913 2747 1974 2799 (6)
2004 2768 2059 2783 =
2086 2748 2215 2788 Consi.
2327 2749 2380 2799 (7)
2412 2748 2692 2790 ἐκτιθέντων
2721 2749 2966 2791 Zachariae.

1618 2994 1919 3054 emphyteusis
1949 3009 2067 3049 vero,
2099 3009 2198 3040 cum
2226 2995 2399 3041 reditus
2459 2997 2659 3041 uantitas
2680 2997 2805 3042 nullo
2835 2998 2968 3043 modo

1619 3051 1926 3105 deminuatur,
1976 3052 2045 3097 vel
2080 3052 2214 3097 etiam
2254 3053 2378 3110 quod
2446 3057 2551 3096 atur
2594 3054 2774 3098 omnino
2818 3056 2970 3099 sterile

1618 3107 1688 3150 sit.
1764 3107 2020 3152 huiusmodi
2062 3108 2177 3152 enim
2220 3123 2394 3161 rerum,
2439 3122 2556 3165 quae
2592 3109 2763 3152 nullum
2794 3110 2968 3154 lucrum

1616 3169 1808 3222 propter
1835 3164 2116 3208 sterilitatem
2136 3164 2368 3221 produnt,
2404 3163 2486 3208 sed
2513 3164 2721 3208 damnum
2752 3165 2968 3219 tribuunt,

1618 3233 1700 3263 nec
1729 3219 2018 3264 donationem
2054 3220 2123 3264 vel
2151 3220 2466 3263 alienationem
2505 3219 2642 3263 isdem
2672 3219 2874 3265 domibus
2900 3222 2968 3265 in-

1620 3279 1643 3318 2
1705 3275 1971 3319 terdicimus.
2040 3273 2174 3332 Quod
2206 3288 2311 3320 vero
2349 3276 2527 3332 factum
2565 3275 2672 3329 erit,
2715 3290 2807 3321 non
2836 3277 2968 3322 aliter

1619 3331 1789 3382 valeat,
1829 3330 1918 3373 nisi
1956 3344 2047 3374 una
2077 3330 2298 3374 dictarum
2329 3344 2570 3375 causarum
2607 3332 2655 3375 in
2683 3333 2800 3376 actis
2827 3335 2967 3377 mani-

1616 3387 1834 3443 festetur,
1865 3385 2087 3450 Byzantii
2123 3386 2303 3444 quidem
2341 3387 2468 3446 apud
2500 3387 2765 3445 mayistrum
2795 3402 2966 3443 census,

1618 3443 1667 3485 in
1712 3441 1964 3500 provinciis
2015 3447 2166 3486 autem
2216 3443 2341 3501 apud
2384 3443 2666 3500 defensores,
2709 3458 2803 3502 pro
2818 3446 2968 3489 iositis

1619 3498 1788 3542 sanctis
1823 3497 2067 3556 evanyeliis
2101 3503 2147 3542 et
2174 3513 2268 3557 pro
2309 3499 2505 3543 ecclesiis
2541 3500 2716 3556 quidem
2755 3515 2784 3544 a
2816 3500 2967 3546 hibitis

1621 3553 1876 3597 oeconomis
1911 3559 1956 3598 et
1983 3554 2158 3598 clericis
2186 3555 2264 3612 qui
2291 3555 2353 3598 ibi
2381 3561 2631 3608 morantur,
2705 3569 2759 3600 ro
2789 3571 2964 3601 monas-

1622 3609 1745 3653 teriis
1774 3622 1878 3653 vero
1897 3622 2020 3674 prae
2056 3610 2161 3655 ositi
2189 3610 2356 3668 aliique
2385 3610 2595 3655 monachi
2623 3626 2652 3656 a
2684 3625 2780 3656 esse
2795 3612 2964 3666 debent,

1616 3678 1703 3722 pro
1726 3663 1928 3722 ptochiis
1957 3679 1985 3709 a
2012 3666 2347 3710 ¹ministratores
2384 3671 2430 3711 et
2458 3681 2609 3711 omnes
2631 3668 2711 3725 qui
2737 3668 2964 3713 inveniun-

1621 3726 1694 3764 tur
1723 3720 2127 3765 administrationis
2156 3722 2349 3766 ministri
2379 3727 2424 3766 et
2450 3723 2655 3767 similiter
2674 3738 2768 3781 pro
2800 3724 2965 3783 orpha-

1595 3775 1897 3834 notrophiiS,
1937 3782 1988 3821 ut
2016 3777 2139 3834 quod
2167 3778 2331 3842 maiori
2355 3779 2489 3835 parti
2550 3779 2741 3822 lacuerit
2775 3779 2826 3822 id
2853 3780 2964 3824 obti-

1619 3837 1746 3875 neat:
1775 3832 2076 3877 consentiente
2098 3833 2231 3877 etiam
2257 3847 2470 3892 episcopo
2513 3847 2710 3886 ecorum,
2736 3835 2783 3877 in
2806 3835 2966 3892 quibus

1619 3891 1668 3930 2⁰
1732 3886 1818 3931 hoc
1854 3889 1964 3944 fieri
2006 3889 2145 3932 moris
2181 3890 2337 3946 fuerit.
2410 3889 2507 3933 Nec
2535 3890 2712 3948 poterit
2749 3891 2965 3948 mayister

1619 3955 1775 3987 census
1812 3949 1894 3988 aut
1920 3944 2136 4001 defensor
2177 3959 2386 3989 recusare
2434 3945 2495 3988 ad
2544 3945 2837 3990 venerabilem
2882 3946 2961 3990 do-

1618 4012 1735 4041 mum
1764 4012 1812 4043 se
1840 4001 2065 4056 conferre,
2109 4001 2157 4044 in
2201 4015 2292 4058 qua
2338 4000 2426 4044 tale
2469 4001 2697 4058 neqotium
2736 4001 2806 4057 fit,
2853 4002 2961 4059 quin

1618 4054 1751 4098 etiam
1779 4056 1924 4112 qratis
1953 4069 2050 4099 eam
2079 4056 2323 4113 defendent
2356 4055 2432 4109 (id
2460 4056 2718 4114 excipient?
2718 4059 2757 4111 J.
2815 4056 2961 4100 subia-

1618 4115 1719 4153 cent
1746 4110 1876 4163 enim,
1904 4111 1946 4154 si
1973 4111 2023 4154 id
2050 4125 2140 4155 non
2167 4111 2510 4163 observaverint,
2532 4126 2711 4169 poenae
2739 4111 2837 4155 XX
2858 4112 2963 4156 auri

1619 4165 1664 4208 2⁶
1722 4164 1951 4210 librarum.
2027 4166 2090 4211 Et
2122 4175 2288 4225 postea
2319 4168 2441 4223 fiunt
2486 4167 2801 4220 instrumenta,
2846 4181 2962 4224 quae

1618 4228 1965 4266 commemorant
2007 4236 2169 4266 causas
2211 4228 2254 4267 et
2297 4228 2501 4266 actorum
2551 4223 2879 4280 confectionem
2917 4227 2961 4267 et

1617 4277 1801 4321 nomina
1831 4282 1920 4322 tam
1949 4291 2102 4324 eorum
2129 4279 2210 4343 qui
2236 4278 2530 4335 interfueiint
2551 4292 2685 4342 quam
2715 4279 2809 4322 eius
2837 4278 2962 4336 apud

1619 4337 1642 4376 3
1701 4346 1830 4389 quem
1858 4339 1985 4390 qesta
2010 4334 2197 4391 fuerint.
2256 4332 2390 4387 Quod
2423 4335 2464 4377 si
2493 4334 2603 4391 quid
2644 4347 2810 4385 eorum,
2841 4347 2959 4390 quae

1617 4388 1739 4432 dicta
1765 4395 1883 4439 sunt,
1902 4390 2275 4454 praetermissum
2301 4390 2460 4447 fuerit,
2492 4389 2686 4433 creditor
2713 4394 2758 4432 et
2784 4394 2959 4446 emptor

1616 4457 1709 4487 rem
1738 4448 1784 4488 et
1810 4444 2004 4489 debitum
2033 4449 2077 4489 et
2095 4445 2296 4503 pretium
2326 4445 2511 4490 amittit:
2538 4445 2577 4487 is
2606 4457 2722 4496 vero,
2753 4443 2831 4500 qui
2845 4456 2957 4503 per-

1615 4499 1904 4544 mutationem
1943 4501 2196 4553 contraxit,
2239 4505 2328 4544 tam
2368 4500 2493 4558 quod
2522 4499 2645 4543 dedit
2672 4512 2807 4556 quam
2835 4500 2958 4557 quod

1617 4554 1792 4613 accepit
1826 4556 2013 4600 amittit:
2031 4556 2127 4655 (Jui
2169 4555 2468 4614 emphyteusis
2515 4554 2643 4598 titulo
2688 4555 2737 4598 in
2785 4559 2957 4614 tempus

1615 4611 1734 4656 vitae
1776 4624 1887 4655 suae
1926 4611 1996 4656 vel
2064 4611 2289 4655 onationis
2327 4610 2663 4655 alienationisve
2707 4609 2836 4655 titulo
2881 4625 2953 4655 ac-

1617 4665 1746 4723 cepit.
1790 4666 1940 4711 reddit
1966 4666 2090 4727 quod
2132 4667 2305 4726 accepit
2342 4674 2385 4712 et
2421 4666 2609 4711 alterum
2648 4670 2818 4711 tantum
2846 4667 2952 4719 eius,
