3094 4732
111 222 159 274 X
183 221 307 272 1-3

110 371 253 415 cante,
298 361 415 418 apud
458 373 554 404 eum
598 357 798 402 omnibus
842 352 1129 400 facultatibus
1173 343 1424 392 constitutis

108 419 291 475 cognitio
330 416 580 464 ventiletur,
620 418 690 464 ut,
732 424 832 454 cum
872 410 937 454 rei
973 409 1113 452 exitus
1155 404 1321 468 debere·
1349 411 1424 442 eas

106 472 311 519 vindicari
339 467 599 527 probaverit,
639 472 731 509 tum
761 466 933 510 demum
960 476 1030 507 res
1058 470 1263 516 persequi
1284 456 1425 522 ‚liceat

105 535 148 574 et
176 539 306 583 super
334 525 462 569 modo
491 522 749 566 facultatum
784 532 840 564 ac
867 531 1011 563 rerum
1040 514 1423 580 interrogationem

104 583 277 635 haberi,
317 593 429 636 quae
463 591 542 644 per
581 575 905 620 condicionales
944 583 1092 637 servos
1108 565 1426 635 ‘investiganda

104 644 190 691 est,
230 640 299 690 ut,
340 636 375 680 si
413 634 517 690 qmd
555 633 829 683 subtractum
867 629 1017 691 fuerit,
1051 628 1249 680 exigatur
1276 627 1322 667 et
1349 634 1423 666 ex-

103 695 318 738 trinsecus
347 694 516 734 tantum
545 687 663 730 aliud
689 687 851 729 multae
875 693 1062 732 nomine,
1094 682 1307 746 quantum
1328 677 1424 721 fue-

106 753 130 792 2
161 751 220 803 (1)
278 749 347 790 rat
384 759 462 802 per
498 744 694 787 fraudem
732 741 940 785 ablatum.
999 737 1113 780 Sane
1143 749 1191 801 ιιι
1218 736 1425 801 huiusce-

104 803 220 848 modi
255 801 508 858 quaestione
547 799 583 842 si
622 795 874 842 Caesariani
910 805 1068 838 nomen
1106 791 1329 858 inciderit,
1370 788 1427 832 ad

105 858 430 915 usurpationem
461 853 782 899 constitutionis
820 850 947 894 istius
975 861 1065 915 non
1094 848 1272 912 debebit
1300 857 1427 889 acce·-

107 914 220 966 dere,
259 913 296 957 si
334 911 503 967 quidem
543 907 813 954 consuetudo
842 904 1076 958 fraudium,
1112 903 1268 959 qulbus
1287 913 1426 967 ‚prae-

106 969 210 1013 dicti
262 967 406 1012 omnia
459 970 671 1010 temerare
724 965 1063 1013 consueverunt,
1126 961 1427 1013 exceptionem

106 1024 339 1069 eorundem
366 1021 572 1065 meruerit
587 1022 627 1063 ¹..
671 1019 724 1063 D.
758 1017 881 1077 prid.
911 1016 953 1060 lc.
986 1015 1084 1059 Ian.
1116 1014 1282 1058 Sirmio
1316 1011 1426 1056 Con-

104 1079 302 1123 stantino
332 1079 381 1121 A.
421 1088 491 1120 VJ!
517 1082 562 1120 et
592 1074 850 1119 Constantio
883 1072 924 1118 C.
957 1084 1098 1115 conss.
1242 1073 1297 1121 [a.
1330 1070 1424 1118 326]

160 1131 191 1182 8
222 1130 383 1190 ³1mpp.
427 1130 763 1175 Valentinianus
799 1134 843 1172 et
882 1126 1047 1171 Valens
1081 1125 1172 1169 ΑΛ.
1203 1123 1274 1188 ⁸ad
1308 1122 1426 1166 Dra-

104 1189 297 1233 contium
325 1187 538 1232 vicarium
567 1185 766 1252 Africae.
813 1182 896 1238 Qui
924 1182 971 1225 in
1001 1180 1300 1224 contractibus
1330 1190 1424 1243 sce-

103 1244 224 1288 lestis
261 1255 315 1286 ac
350 1242 456 1285 fisco
491 1239 749 1296 perniciosis
798 1239 1137 1299 interversoruin
1190 1234 1426 1300 maculosis

102 1312 150 1342 se
187 1298 414 1341 fraudibus
449 1295 777 1351 implicuerunt,
815 1294 863 1337 in
899 1291 1131 1348 quadrupli
1169 1290 1425 1333 redhibitio·

101 1355 230 1397 nem³
265 1354 507 1396 teneantur.
578 1349 632 1393 D.
663 1359 735 1389 XV
770 1347 812 1391 lc.
848 1350 975 1394 Dec!⁴
1019 1345 1298 1389 Hadrumeto
1340 1343 1426 1388 Va-

101 1407 344 1452 lentiniano
373 1412 416 1450 et
455 1405 637 1449 Valente
665 1405 755 1448 ΑΑ.
787 1416 928 1447 conss.
1239 1404 1294 1453 [a.
1329 1403 1425 1464 3625]

155 1461 186 1508 9
227 1461 389 1519 ‘Impp
433 1460 664 1504 Honorius
702 1464 747 1503 et
785 1457 1059 1501 Theodosius
1096 1457 1188 1500 ΑΛ.
1220 1455 1425 1500 Patr-imo

101 1517 249 1562 comiti
276 1529 425 1560 rerum
451 1516 742 1573 privatarum.
795 1514 936 1568 Super
965 1511 1165 1556 creandis
1195 1514 1425 1567 suscepto-

100 1573 220 1616 ribus
258 1572 452 1627 periculo
491 1572 825 1626 procuratorum
863 1568 927 1611 rei
963 1567 1208 1611 dominicae
1238 1567 1426 1622 disposi-

100 1630 260 1671 tionem
303 1631 407 1670 tuae
449 1625 728 1670 sublimitatis
770 1624 939 1668 firmam
978 1636 1074 1667 esse
1116 1623 1425 1679 praecipimus,

99 1685 161 1727 ita
189 1687 249 1736 ut,
279 1682 395 1726 omni
423 1681 660 1725 ambitione
699 1684 919 1734 cessante,
961 1692 1073 1735 quae
1113 1682 1282 1723 statuta
1322 1682 1427 1723 sunt

99 1751 296 1794 quaeque
321 1738 500 1792 antiqua
525 1736 840 1780 consuetudine
870 1734 1242 1790 commendantur,
1272 1735 1318 1778 in
1347 1747 1426 1790 pa-

99 1793 213 1837 bulis
257 1794 324 1836 vel
367 1797 542 1848 sumptu
584 1792 776 1835 familiae
826 1791 1116 1835 ministrando
1166 1791 1427 1835 intemerata

99 1853 403 1904 permaneant:
445 1861 578 1904 super
611 1848 841 1891 irenarcho
882 1852 926 1890 et
959 1847 1137 1903 optione
1167 1847 1283 1890 omni
1313 1846 1426 1889 anti-

101 1916 187 1959 qua
225 1904 538 1949 consuetudine
576 1903 862 1947 observanda.
920 1901 976 1946 D.
1008 1913 1077 1946 111
1106 1901 1147 1946 lc.
1181 1901 1280 1946 Ian.
1315 1900 1427 1946 Con-

100 1959 392 2017 stantinopoli
435 1958 681 2003 Theodosio
720 1960 770 2003 A.
811 1969 927 2001 ν1111
967 1964 1011 2002 et
1056 1957 1317 2003 Constantio
1328 1969 1431 2064 42ιᾶ

102 2028 242 2058 conss.
1256 2027 1296 2057 α.

160 2069 222 2116 10
253 2068 396 2114 ‘Idem
426 2070 538 2114 AA⁷
566 2068 776 2113 Palladio
808 2084 890 2128 pp.
959 2069 1127 2113 Eorum
1163 2017 1429 2126 pati-imonis

101 2128 384 2179 mortuorum,
409 2125 482 2179 qui
503 2125 618 2169 vitae
642 2137 748 2169 suae
774 2128 971 2180 tempore
994 2125 1176 2169 diversis
1202 2125 1427 2169 conscien-

101 2181 208 2224 tiam
235 2193 359 2224 suam
389 2180 593 2224 dicuntur
620 2181 829 2236 polluisse
859 2180 1126 2234 criminibus,
1166 2181 1262 2225 fisci
1292 2182 1426 2223 ratio·

98 2236 227 2279 nibus
263 2248 536 2291 nequaquam
572 2240 819 2292 competere
848 2236 915 2279 vel
945 2235 1001 2279 ab
1030 2249 1082 2280 eo
1113 2236 1295 2280 alienari
1326 2249 1425 2279 cen-

98 2303 255 2343 semus,
279 2291 361 2334 nisi
388 2295 490 2345 post
511 2291 733 2346 publicam
747 2291 1074 2334 accusationem
1089 2304 1164 2335 eos
1181 2292 1428 2335 constiterit

97 2345 234 2389 fuisse
263 2347 497 2388 convictos.
567 2345 621 2389 D.
661 2357 754 2389 VJJJ
782 2346 840 2389 id.
873 2344 959 2390 Iul.
990 2345 1232 2391 Ravennae
1262 2346 1426 2390 Eusta-

99 2399 190 2443 thio
220 2407 263 2443 et
292 2400 505 2457 Aqrioola
536 2414 677 2444 conss.
1240 2406 1295 2454 [a.
1329 2405 1425 2455 421]

154 2453 211 2500 11
251 2456 399 2497 ΒΠιῖἱοά
427 2452 617 2510 δημοσία
648 2453 746 2508 δίκη
786 2455 910 2499 ἐντὸς
943 2456 990 2507 ἕξ
1018 2457 1176 2510 μηνῶν
1202 2455 1315 2512 μετὰ
1344 2456 1427 2511 τὴν

205 2508 504 2569 προκάταρξιν
525 2528 607 2565 μετ
637 2515 837 2567 ουμένων
866 2509 1155 2570 πληρούσθω,
1186 2513 1225 2554 εἰ
1286 2511 1312 2567 ὴ
1340 2511 1426 2568 ἄρα

207 2567 350 2625 συμβῇ
380 2565 491 2608 κατὰ
520 2566 571 2608 τὸ
602 2527 843 2625 ἔναγκαῖον
872 2563 899 2621 ἢ
935 2564 1160 2634 πξόσωπα
1188 2565 1215 2621 ἢ
1275 2565 1425 2611 maini-

204 2619 324 2676 ματά
353 2637 456 2664 τινα
485 2624 613 2679 ἔτερα
643 2623 689 2673 ἐξ
719 2624 946 2681 ἐπαρχιῶν
975 2624 1172 2691 αἰκθῆναι
1201 2622 1314 2667 κατὰ
1345 2623 1427 2679 τὴν

205 2674 416 2731 βασιλίδα
439 2675 585 2730 πόλιν,
621 2674 640 2688 “
666 2674 792 2721 αὐτοὶ
818 2678 861 2720 οἱ
882 2682 1142 2737 ἐναγομενοι
1167 2678 1250 2733 τὴν
1276 2681 1427 2723 αἰτίαν

205 2728 489 2789 ὑπερθέσεως
517 2747 810 2786 παρασχωσιν
840 2729 899 2777 αἶς
927 2730 1261 2792 ιιίπαροίσ·κευοι.Ω

723 2904 787 2952 11.

193 2985 266 3024 DE
298 2983 720 3026 CONVENIENDIS
749 2983 897 3027 FISCI
927 2985 1317 3028 DEBITORIBUS.

154 3065 174 3111 1
221 3064 334 3124 Imp.
377 3063 635 3109 Gordianus
672 3066 723 3109 A.
763 3065 1010 3111 Saturnino
1060 3072 1106 3111 et
1142 3067 1255 3111 aliis.
1323 3067 1426 3113 Non

93 3122 256 3166 iniusta
290 3120 462 3165 ratione
491 3121 749 3166 desideratis
778 3123 1043 3179 repromissa
1071 3122 1181 3167 fisco
1210 3122 1424 3169 indemni·

93 3179 183 3220 tate
220 3189 294 3220 eos
330 3177 564 3232 principali
601 3177 699 3222 loco
732 3179 974 3230 conveniri,
1015 3179 1088 3234 qui
1118 3178 1289 3235 reliqua
1318 3192 1424 3224 con-

93 3235 333 3285 traxerunt,
354 3245 465 3330 tmox
488 3233 545 3276 ad
567 3246 644 3278 vos
670 3234 899 3289 perveniri,
933 3234 1007 3290 qui
1031 3235 1088 3279 ab
1115 3234 1184 3278 his
1209 3235 1425 3291 quaedam

94 3287 274 3330 mercati
307 3299 351 3330 es
373 3288 422 3330 is.

130 3339 184 3403 ‚2
228 3340 294 3384 Im
321 3356 369 3399 p.
411 3342 677 3388 Valerianus
717 3350 762 3389 et
806 3342 1035 3388 Gallienus
1074 3346 1164 3390 AA.
1206 3351 1251 3390 et
1297 3345 1427 3391 Vale-

97 3409 251 3438 manus
309 3398 324 3439 ¹.
356 3396 497 3441 Patro
533 3398 635 3442 hilo.
694 3399 827 3444 Fisco
867 3401 1038 3455 quidem
1073 3404 1230 3446 contra
1258 3406 1304 3446 te
1331 3414 1426 3446 ma-

95 3455 178 3516 net·
209 3451 347 3515 actio,
393 3466 476 3507 quo
551 3458 801 3509 argentum,
846 3457 963 3511 quod
1007 3455 1171 3501 inferre
1215 3457 1423 3513 debebas,

96 3507 337 3550 rationibus
366 3507 449 3550 fuit
477 3509 685 3563 relatum,
727 3511 765 3553 si
796 3512 1000 3564 cautioni,
1037 3525 1149 3567 quae
1179 3513 1261 3557 tibi
1290 3526 1428 3570 super

97 3573 147 3605 eo
176 3563 376 3617 exposita
405 3566 484 3615 est,
514 3565 757 3609 tabularius
787 3579 874 3609 non
907 3568 1174 3612 subnotavit.
1234 3581 1426 3625 aequum

97 3621 162 3681 est
199 3622 363 3670 tamen,
404 3621 454 3662 ut
489 3620 611 3674 prius
637 3620 690 3664 de
725 3622 850 3664 bonis
881 3622 974 3666 eius
1010 3624 1085 3679 qui
1116 3629 1296 3669 exactor
1325 3625 1424 3680 fuit,

96 3685 132 3714 ει
170 3673 375 3717 solvendo
415 3677 483 3717 est
521 3678 566 3718 et
604 3676 882 3720 conveniendi
922 3678 1015 3722 eius
1055 3679 1245 3724 facultas
1275 3681 1421 3734 datur,

95 3726 368 3771 indemnitati
406 3729 503 3773 fisci
539 3730 744 3783 satisfiat,
782 3736 889 3775 tunc
929 3746 956 3777 a
986 3738 1049 3788 te,
1091 3736 1127 3778 si
1158 3737 1320 3780 servari
1351 3737 1423 3780 hic

96 3782 248 3826 modus
278 3796 364 3827 non
426 3785 547 3839 ossit,
579 3789 850 3841 reposcatur.

152 3834 180 3883 3
206 3837 347 3895 Impp.
410 3841 673 3884 iocletianus
694 3848 738 3885 et
750 3841 1058 3888 Maximianus
1073 3847 1165 3890 AA.
1187 3845 1419 3892 Ianuario.

97 3892 306 3945 Quoniam
335 3894 531 3949 Augurio
573 3908 627 3939 ac
665 3895 754 3941 filio
794 3898 888 3942 eius
926 3899 983 3943 ad
1012 3901 1223 3956 exigenda
1251 3903 1423 3959 reliqua

96 3950 318 3992 consortes
348 3963 423 3993 vos
453 3955 585 4007 atque
614 3952 805 3997 sociatos
835 3966 930 3998 esse
960 3956 1114 4000 dicatis
1143 3958 1295 4014 eisque
1326 3972 1420 4003 cer·
1444 3962 1451 3967 “

96 4081 143 4129 (1)
187 4083 245 4123 sic
288 4082 342 4123 0⁶
388 4085 498 4137 Tm,
541 4088 765 4128 meruerint
803 4090 851 4130 K
890 4090 998 4143 Tm,
1050 4097 1315 4134 meruerunt
1358 4095 1418 4137 0⁰

97 4136 149 4185 (2)
192 4138 349 4179 εεΤή.
386 4142 505 4191 10,1,
538 4152 576 4183 10
719 4146 770 4194 (3)
810 4145 854 4184 in
894 4158 931 4197 q.
973 4148 1286 4190 redhibitionem
1328 4151 1416 4201 Th„

97 4203 134 4241 q.
165 4191 477 4235 redhibitionem
517 4198 594 4248 ΚΒ,
638 4210 675 4250 q.
716 4200 990 4242 redhibitione
1017 4203 1121 4246 Kbo
1258 4206 1312 4256 (4)
1351 4218 1417 4246 ac·

98 4249 213 4297 cepta
247 4279 256 4289 .
277 4280 286 4288 .
305 4279 314 4289 .
348 4251 436 4309 ins„
474 4261 515 4293 ut
545 4255 643 4294 daea
668 4256 719 4295 sit
750 4271 854 4296 anno
885 4265 952 4298 364
1076 4261 1131 4311 (5)
1161 4280 1214 4295 =
1251 4262 1319 4302 Th.
1353 4264 1418 4313 10,

100 4309 128 4350 1,
158 4310 195 4341 17
307 4305 360 4353 (6)
391 4324 446 4341 =
478 4308 549 4347 Th.
581 4311 641 4359 10,
668 4319 720 4361 10,
750 4319 818 4353 30:
849 4312 967 4365 iunye
992 4315 1030 4363 9,
1062 4324 1118 4365 40,
1149 4324 1181 4356 3.
1221 4318 1279 4367 10,
1311 4325 1365 4366 10,
1397 4326 1418 4358 4

106 4355 175 4422 ΞΓή.
208 4359 244 4407 4,
280 4367 329 4407 15,
361 4369 387 4399 1.
430 4363 490 4407 10,
522 4371 575 4412 10,
606 4372 649 4405 29
792 4367 844 4418 (7)
884 4370 924 4406 et
963 4367 1226 4410 Constantius
1256 4373 1304 4413 A.
1342 4374 1416 4413 ins.

107 4411 175 4451 I‘lz.
213 4466 221 4474 .
285 4415 352 4475 .(8)
380 4435 435 4450 =
466 4418 507 4456 Β
539 4422 603 4468 56,
635 4428 668 4469 2,
700 4430 742 4462 55
863 4423 920 4471 (9)
951 4424 996 4463 id
1033 4434 1090 4464 est
1128 4427 1259 4466 omnis
1297 4439 1418 4466 causa

102 4463 245 4504 fiscalis
283 4471 392 4508 intra
431 4484 497 4511 sex
530 4486 682 4514 menses
720 4478 810 4527 post
851 4476 939 4516 litis
978 4481 1310 4522 contestationem
1341 4495 1417 4522 nu·

103 4521 310 4561 merandos
346 4523 526 4578 finiatur,
567 4530 645 4568 nisi
685 4530 789 4571 forte
820 4532 1056 4584 contingat,
1094 4538 1142 4575 ut
1179 4549 1337 4578 necesse
1366 4539 1418 4577 sit

108 4572 165 4633 vel
204 4586 391 4639 pei-sonas
431 4581 494 4620 vel
532 4583 802 4626 instrumenta
830 4586 970 4638 aliqua
998 4588 1132 4629 adhuc
1172 4604 1217 4630 ex
1254 4593 1415 4642 provin*

106 4638 177 4664 ciis
215 4629 263 4667 ad
305 4645 454 4682 regiam
494 4637 633 4677 urbem
677 4640 852 4687 adferre,
901 4642 965 4681 vel
1009 4643 1043 4682 si
1087 4645 1165 4693 ipsi
1206 4647 1275 4695 qui
1322 4661 1417 4687 con-

1404 191 1509 250 396

1913 208 1988 245 DE
2024 206 2437 247 CONVENIENDIS
2472 207 2616 249 nscl
2654 210 2838 250 DEBIT-

1506 344 1651 385 torum
1673 339 1906 386 dumtaxat
1928 343 2154 387 nominum
2177 341 2453 386 exactionem
2481 342 2732 389 mandatam
2760 358 2842 390 nec

1505 398 1623 441 inter
1659 408 1761 439 eum
1796 401 1842 441 et
1879 403 2072 453 ceteros,
2116 398 2191 453 qui
2229 401 2462 442 exactores
2499 397 2677 444 fuerant
2701 402 2843 445 nomi-

1506 451 1618 500 nati,
1660 451 1874 496 confusae
1899 453 2146 499 exactionis
2175 455 2377 497 mutuum
2405 453 2650 509 periculum
2680 457 2843 501 consti·

1505 511 1673 559 tutum,
1727 506 1806 551 sed
1857 514 2065 573 separato
2116 509 2310 553 muneris
2354 508 2567 564 obsequio
2609 509 2845 556 discretam

1507 561 1815 607 sollicitudinis
1843 567 2059 608 rationem
2087 564 2225 609 fuisse
2254 563 2537 617 adseveratis,
2573 576 2602 608 a
2628 565 2727 610 iure
2754 579 2845 611 non

1508 619 1751 673 discrepat,
1787 621 1840 662 ut
1876 619 1999 674 prius
2030 632 2088 665 ex
2116 620 2245 664 bonis
2274 625 2548 672 exactorum,
2579 619 2654 675 qui
2735 620 2846 665 inci-

1508 675 1595 730 pali
1631 674 1730 717 loco
1769 673 1827 716 ad
1867 675 2140 720 exactionem
2167 676 2346 720 fuerant
2375 675 2595 728 destinati,
2631 676 2677 719 in
2709 677 2845 720 emni-

1508 730 1589 773 tati
1617 728 1760 773 fiscali
1788 728 1991 783 satisfiat,
2021 735 2208 787 postque
2238 744 2334 787 eos,
2366 731 2404 776 si
2432 731 2620 775 solidum
2651 731 2847 777 debitum

1515 793 1527 828 1
1579 785 1828 829 exsolutum
1855 797 1947 829 non
1974 785 2048 839 sit,
2081 787 2382 832 nominatores
2411 786 2648 831 conveniri.
2692 786 2847 831 Ratio·

1509 842 1623 886 nalis
1647 840 1781 896 igitur
1805 841 1958 884 noster
1982 840 2095 886 iuris
2109 842 2305 888 ordinem
2321 845 2543 899 sequetur,
2562 842 2848 899 excussisque

1509 901 1765 942 exactorum
1799 895 2086 942 facultatibus
2114 910 2198 942 nec
2226 911 2318 944 non
2348 899 2479 943 etiam
2509 897 2847 952 nominatorum,

1509 954 1548 997 si
1590 952 1723 996 fiscus
1765 951 1813 995 in
1856 951 2050 996 universi
2087 952 2224 998 debiti
2267 954 2516 1010 quantitate
2567 953 2848 998 securitatem

1508 1007 1806 1052 indemnitatis
1851 1011 2117 1052 consecutus
2159 1022 2250 1054 non
2288 1010 2444 1063 fuerit,
2499 1009 2632 1054 etiam
2668 1021 2749 1054 vos
2790 1009 2849 1054 ad

1509 1063 1782 1109 restituenda
1809 1061 1984 1107 fiscalia
2010 1062 2159 1108 debita
2187 1064 2445 1122 adstringet.

1566 1119 1596 1166 4
1641 1118 1855 1218 ²⁰Imppff.
1913 1117 1955 1162 V
1952 1118 2256 1164 alentinianus
2307 1121 2473 1166 Valens
2515 1125 2561 1166 et
2604 1119 2850 1166 Gratianus

1508 1176 1639 1220 AAA.
1684 1175 1744 1218 ad
1846 1173 2048 1218 ohelaum
2085 1176 2288 1220 comitem
2327 1176 2584 1222 Orientis¹¹.
2653 1175 2735 1230 Hi,
2774 1177 2849 1232 qui

1508 1232 1618 1276 fisco
1668 1234 1850 1275 nostrae
1901 1230 2250 1276 mansuetudinis
2297 1233 2477 1278 obnoxii
2516 1235 2643 1288 sunt,
2687 1233 2851 1278 omissa

1508 1287 1798 1331 frustratione
1812 1288 2063 1341 teneantur,
2085 1290 2150 1341 ut,
2166 1287 2286 1343 quod
2300 1289 2393 1333 suis
2407 1289 2658 1333 nominibus
2675 1288 2850 1341 debent,

1509 1344 1563 1387 de
1607 1343 1697 1388 suis
1743 1342 2033 1386 facultatibus
2080 1346 2296 1398 cogantur
2347 1345 2598 1397 exsolvere,
2648 1344 2850 1397 servatis,

1511 1413 1609 1443 cum
1641 1397 1977 1454 compleverint,
2027 1397 2379 1454 adlegationibus
2413 1401 2617 1457 propriis,
2659 1401 2697 1445 si
2740 1413 2852 1457 quas

1510 1455 1721 1499 adversus
1760 1466 2061 1510 quoscumque
2097 1467 2153 1498 ex
2187 1454 2279 1498 suis
2326 1457 2631 1501 contractibus
2679 1455 2850 1500 debito-

1509 1523 1579 1555 res
1619 1513 1871 1567 competere
1909 1509 1995 1555 sibi
2032 1523 2086 1553 ex
2123 1509 2221 1554 iure
2262 1511 2549 1566 crediderint,
2592 1513 2656 1556 ita
2693 1517 2745 1556 ut
2772 1511 2850 1556 ad-

1509 1580 1661 1611 versus
1701 1578 1799 1621 eos,
1845 1578 1956 1622 quos
1993 1565 2078 1610 sibi
2116 1566 2332 1612 obnoxios
2373 1567 2648 1623 adseverant,
2679 1566 2852 1624 legibus

1510 1627 1555 1667 et
1595 1622 1770 1666 iudiciis
1815 1622 2127 1678 experiendum
2177 1635 2275 1667 esse
2327 1627 2612 1687 cognoscant.
2683 1619 2740 1668 D.
2785 1634 2854 1668 111
2930 1651 2932 1654 v

1509 1692 1613 1723 non.
1661 1676 1747 1723 Iul.
1800 1677 2125 1722 Novioduno¹2
2174 1677 2491 1724 Valentiniano
2534 1693 2610 1738 ηρ.
2659 1685 2705 1724 et
2752 1677 2850 1724 Vic-

1511 1741 1608 1780 tore
1637 1747 1781 1778 oonss.
2663 1739 2720 1789 [a.
2753 1737 2852 1788 369]

1567 1789 1596 1836 5
1647 1789 1862 1848 ¹⁸Imppp.
1918 1788 2084 1833 Valens
2129 1786 2376 1834 Gratianus
2416 1797 2460 1836 et
2511 1790 2853 1836 Valentinianus

1510 1847 1642 1890 AAA.
1670 1845 2002 1890 Fortunatiano
2031 1845 2183 1889 comiti
2210 1859 2360 1890 rerum
2381 1847 2685 1904 privatarum.
2729 1845 2854 1892 Inter

1514 1901 1739 1945 chartulas
1771 1900 2000 1945 confiscati
2015 1901 2049 1927 ¹⁴
2088 1901 2232 1945 brevis
2266 1902 2443 1956 quidam
2468 1902 2756 1947 adseveratur
2782 1903 2851 1946 in-

1511 1962 1681 2008 ventus,
1713 1957 1788 2013 qui
1816 1956 1995 2001 nomina
2024 1956 2282 2002 continebat
2313 1958 2561 2004 debitorum
2590 1970 2670 2002 seu
2684 1960 2718 1987 ¹⁶
2747 1971 2850 2003 con-

1515 2017 1532 2056 1
1595 2018 1851 2056 tractorum.
1922 2012 2032 2056 Cum
2072 2016 2222 2056 tamen
2263 2026 2405 2070 neque
2448 2014 2637 2058 testibus
2683 2014 2852 2059 credita

1509 2069 1702 2134 pecunia
1729 2069 1996 2124 probaretur
2024 2076 2166 2124 'neque
2197 2070 2478 2114 cautionibus
2508 2082 2561 2114 ea
2591 2082 2705 2126 quae
2731 2071 2850 2115 brevi

1510 2127 1678 2168 inserta
1717 2129 1822 2168 sunt
1860 2123 2173 2179 ostendantur,
2209 2125 2408 2180 iniquum
2448 2138 2546 2170 esse
2562 2127 2597 2153 ¹⁶
2625 2126 2832 2182 perspexi

1511 2193 1630 2233 mus,
1668 2185 1719 2224 ut
1757 2181 1842 2224 sub
1880 2180 2088 2236 propriae
2123 2180 2422 2225 adnotationis
2451 2193 2585 2225 manu
2614 2182 2843 2238 unusquis·

1512 2240 1535 2278 2
1595 2248 1679 2291 que
1731 2235 1868 2280 faciat
1916 2235 2173 2280 debitorem.
2247 2236 2501 2280 occasionis
2544 2237 2680 2292 igitur
2721 2237 2852 2282 huius

1512 2290 1775 2335 calumniam
1817 2291 2042 2347 praesenti
2085 2291 2283 2335 volumus
2324 2291 2518 2337 iussione
2549 2292 2758 2346 cohiberi,
2802 2298 2852 2338 ut

1510 2347 1654 2390 brevis
1697 2346 1893 2390 vanitate
1935 2346 2100 2389 reiecta
2143 2347 2292 2392 nullus
2331 2347 2389 2391 ad
2427 2348 2765 2394 redhibitionem
2797 2349 2852 2394 de

1511 2402 1601 2455 his,
1663 2415 1850 2458 quorum
1902 2401 2081 2444 nomina
2132 2403 2386 2460 conscripta
2437 2408 2563 2456 sunt,
2626 2407 2849 2462 urgeatur.

1513 2462 1536 2501 3
1595 2457 1724 2513 Quod
1766 2462 1811 2502 et
1852 2457 1899 2501 in
1942 2457 2039 2501 aliis
2085 2456 2297 2504 similibus
2345 2459 2490 2504 causis
2529 2459 2852 2506 observandum

1511 2526 1608 2557 esse
1639 2525 1868 2558 censemus
1883 2514 1930 2555 ¹⁷.
1989 2512 2043 2557 1).
2108 2513 2192 2557 rid.
2224 2529 2327 2559 non.
2355 2515 2442 2560 Iul.
2470 2514 2712 2575 Hierapoli
2739 2515 2852 2562 Gra-

1514 2570 1637 2613 tiano
1667 2574 1718 2613 A.
1751 2580 1842 2614 1111
1867 2574 1912 2613 et
1940 2567 2068 2614 Mero
2099 2569 2216 2615 aude
2245 2584 2388 2616 conss.
2665 2576 2721 2626 [a.
2753 2576 2851 2626 377]

2114 2741 2241 2789 111.¹·

1555 2822 1631 2862 DE
1660 2821 1798 2863 FIDE
1828 2821 1901 2862 ΕΤ
1931 2821 2068 2861 IURE
2097 2821 2320 2863 HASTAE
2350 2822 2604 2864 FISGALIS
2633 2823 2709 2865 ΕΤ
2735 2823 2814 2865 ΒΕ

1957 2876 2410 2919 ADIECTIONIBUS.

1572 2956 1593 3003 1
1632 2955 1745 3015 Imp.
1776 2959 2031 3003 Antoninus
2058 2960 2110 3003 A.
2141 2959 2371 3017 Aqortiae.
2427 2959 2554 3016 Quod
2581 2960 2628 3004 in
2655 2960 2852 3006 libellum

1514 3013 1759 3068 contulisti,
1796 3014 2079 3069 procuratori
2110 3028 2231 3069 meo,
2267 3014 2326 3059 ad
2356 3015 2482 3060 cuius
2513 3015 2707 3061 officium
2735 3015 2851 3061 desi-

1512 3069 1681 3113 derium
1724 3072 1852 3113 tuum
1894 3070 2108 3126 pertinet,
2153 3070 2321 3127 adlega.
2397 3072 2470 3116 cui
2513 3071 2554 3117 si
2595 3072 2851 3128 probaveris

1512 3138 1602 3168 non
1640 3128 1825 3169 auctore
1862 3130 2152 3182 procuratore
2188 3127 2258 3171 vel
2296 3140 2369 3181 eo,
2414 3128 2486 3172 cui
2525 3127 2740 3172 vendendi
2768 3127 2853 3172 fuit

1511 3180 1716 3234 facultas,
1747 3193 1890 3238 neque
1913 3182 2077 3227 habitis
2102 3183 2292 3228 hastis-²⁹
2322 3195 2405 3227 nec
2431 3184 2550 3228 omni
2575 3182 2730 3228 ordine
2750 3196 2853 3250 per-

1511 3241 1611 3280 acto
1642 3236 1840 3282 venditas
1870 3250 1942 3282 res
1960 3249 2088 3290 esse,
2126 3243 2171 3282 et
2198 3238 2245 3283 id
2303 3237 2392 3283 uod
2421 3251 2476 3283 ex
2505 3251 2643 3284 causa
2669 3239 2852 3285 iudicati

1512 3292 1644 3337 debes
1675 3293 1925 3348 exsolveris,
1964 3294 2155 3338 rescissa
2183 3307 2266 3338 ven
2301 3294 2435 3340 ’tione
2469 3296 2588 3339 mala
2615 3295 2702 3340 fide
2729 3294 2852 3341 facta

1513 3348 1687 3392 easdem
1715 3361 1787 3393 res
1817 3349 2004 3406 recipies
2035 3363 2133 3394 cum
2163 3350 2409 3403 fructibus,
2448 3364 2559 3416 quos
2596 3350 2653 3395 ad
2681 3353 2850 3408 empto-

1511 3416 1603 3447 rem
1640 3404 1757 3448 mala
1794 3404 1881 3449 fide
1917 3407 2169 3462 pervenisse
2197 3407 2266 3451 vel
2294 3418 2524 3462 pervemre
2551 3405 2713 3452 debere
2745 3418 2848 3451 con-
2922 3458 2923 3461 Ἴ

1512 3460 1685 3504 stiterit.
1745 3459 1837 3504 ΡΡ.
1868 3475 1972 3506 non.
2005 3460 2105 3506 Ian.
2136 3463 2368 3506 Antonino
2398 3463 2450 3506 A.
2467 3473 2559 3506 1111
2585 3467 2633 3507 et
2652 3462 2851 3508 Balbino

1512 3529 1654 3559 conss.
2663 3522 2719 3571 [a.
2752 3521 2850 3571 213]

1568 3569 1599 3616 2
1639 3569 1752 3628 Imp.
1788 3569 2047 3616 Gordianus
2084 3573 2134 3616 A.
2169 3572 2453 3617 Heracleoni.
2523 3573 2702 3631 Duplex
2734 3574 2850 3618 ratio

1512 3626 1775 3671 desiderium
1804 3631 1930 3671 tuum
1957 3627 2099 3680 iuvat,
2140 3630 2185 3672 et
2214 3628 2331 3684 quod
2359 3629 2671 3685 praetermissa
2697 3629 2848 3674 hasta-

1510 3696 1608 3725 rum
1646 3682 1940 3728 sollemnitate
1975 3684 2280 3739 possessiones
2322 3687 2425 3728 tuas
2470 3697 2524 3728 ex
2568 3684 2716 3730 officio
2759 3684 2849 3729 dis-

1511 3743 1677 3782 tractas
1717 3740 1933 3794 suggeris,
1975 3743 2020 3783 et
2057 3739 2175 3795 quod
2201 3739 2335 3796 pretii
2364 3740 2530 3785 vilitate
2560 3741 2616 3785 ob
2646 3742 2851 3797 exiguum

1510 3794 1704 3838 debitum
1739 3795 1977 3849 gratiosam
2013 3796 2279 3851 emptionem
2305 3795 2352 3839 in
2381 3795 2583 3840 fraudem
2612 3800 2733 3840 tuam
2762 3795 2850 3840 uti·

1508 3850 1763 3915 litatemque
1774 3850 1812 3876 ²⁰
1840 3851 2060 3895 rationum
2085 3864 2282 3895 mearum
2307 3851 2606 3896 adversarium
2632 3863 2848 3896 commen·

1509 3908 1603 3948 tum
1639 3905 1780 3949 fuisse
1818 3905 1944 3950 dicis.
2014 3910 2285 3972 quapropter
2320 3907 2475 3951 illicita
2501 3907 2590 3951 ista
2618 3907 2847 3962 redargue,

1509 3963 1602 4004 tam
1639 3961 1915 4006 indemnitati
1943 3961 2040 4006 fisci
2071 3962 2355 4008 consulturus
2387 3975 2519 4019 quam
2549 3967 2654 4007 tuae
2683 3961 2847 4007 securi-

1509 4100 1734 4140 vcniuntur
1761 4099 1973 4142 dilationis
2001 4113 2163 4142 causam
2193 4101 2394 4154 dederint,
2435 4114 2528 4142 cuin
2557 4114 2642 4143 non
2669 4101 2755 4142 sint
2781 4101 2847 4142 in-

1507 4155 1654 4195 structi
1740 4156 1814 4207 (ιυ)
1840 4176 1896 4192 ===
1927 4156 1999 4198 Th.
2030 4159 2092 4207 10,
2119 4166 2174 4208 16,
2199 4166 2220 4199 2
2251 4157 2296 4199 B
2325 4159 2500 4209 56,5,4:
2532 4159 2649 4210 ianqe
2678 4158 2741 4206 11,
2766 4165 2800 4206 ⁹,
2829 4165 2845 4199 i

1508 4211 1577 4261 (11)
1607 4223 1708 4250 com.
1739 4224 1946 4252 sacrarum
1975 4211 2246 4266 largitionum
2284 4215 2344 4263 11,
2376 4221 2410 4261 9,
2442 4223 2455 4255 i
2569 4213 2644 4263 (12)
2676 4224 2758 4252 acc.
2788 4224 2846 4253 xv

1508 4266 1548 4305 k.
1575 4268 1681 4318 Aug.
1714 4266 2014 4321 Marcianopoli
2045 4270 2118 4309 ine.
2156 4272 2215 4318 11,
2239 4277 2275 4319 9,
2302 4278 2317 4311 ι
2403 4270 2476 4319 (13)
2499 4287 2555 4303 ===
2582 4267 2656 4309 Th.
2678 4268 2808 4318 10,16,
2826 4276 2845 4310 3

1510 4321 1553 4361 Β
1583 4323 1651 4372 56,
1682 4330 1716 4373 5,
1748 4331 1768 4363 5
1896 4325 1970 4374 (14)
1999 4322 2203 4375 deportati
2236 4324 2310 4365 Th.
2433 4323 2506 4374 (15)
2535 4333 2606 4362 seu
2638 4322 2734 4363 libri
2761 4338 2844 4365 cum

1511 4377 1611 4417 Tla..·
1645 4377 1887 4418 Mommsen«,
1918 4395 1965 4419 ex
1993 4391 2130 4419 secum
2161 4388 2386 4432 corruptum
2415 4379 2571 4419 videtur
2669 4379 2744 4430 (10)
2773 4390 2844 4419 ne-

1508 4444 1586 4482 que
1615 4432 1875 4473 cautionibus
1905 4445 2009 4485 quae
2037 4434 2193 4475 inserta
2221 4436 2318 4473 sunt
2346 4432 2581 4482 doceantur,
2611 4432 2732 4474 facile
2761 4445 2845 4474 esse

1510 4488 1583 4527 Th.
1711 4490 1784 4537 (17)
1819 4494 1838 4536 ἑ
1870 4498 1889 4529 3
1922 4490 2168 4531 addiderunt
2199 4489 2418 4530 lastiniam·
2543 4490 2619 4538 (18)
2649 4488 2694 4530 Β
2724 4491 2792 4539 56,
2823 4497 2843 4530 6

1507 4544 1582 4592 (19)
1608 4542 1736 4582 hastis
1761 4541 1836 4591 K0,
1867 4543 2243 4597 proscripoionibu·
2272 4543 2342 4586 0⁸.
2374 4557 2444 4583 om.
2464 4539 2592 4585 K·0⁵
2673 4546 2756 4595 (20)
2778 4544 2841 4584 in-

1510 4597 1811 4647 utilitatemque
1843 4602 1934 4639 dett.
