3034 4776
158 171 232 210 DE
265 168 429 209 BONIS
463 169 818 208 LIBERTORUM

265 307 552 363 πατρωνικοῦ
591 303 763 348 δικαίου
791 300 995 348 ἀτέλειαν
1025 301 1220 358 ἐχόντων
1250 309 1490 364 νομοθετεῖ

265 358 425 405 λοιπὸν
450 359 564 416 μετὰ
591 360 675 415 τὴν
702 357 879 404 τούτων
906 355 1204 420 ὑπεξαίρεσιν,
1241 368 1349 407 ποῖα
1387 361 1488 419 βού-

265 414 390 459 λεται
425 417 542 460 εἴναι
578 414 842 474 πατρωνικὰ
880 413 1031 458 δίκαια
1069 417 1182 460 κατὰ
1214 422 1311 462 τῶν
1339 419 1489 464 ἄλλων

155 475 212 516 9α
267 469 600 532 ἀπελευθέρων.
658 476 748 516 Καὶ
777 472 817 514 εἰ
845 473 930 527 μὲν
958 468 1175 515 ἐλάττονα
1204 477 1299 518 τῶν
1328 477 1489 520 ἑκατὸν

264 526 555 584 νομισμάτων
579 533 703 582 σχοίη
727 531 989 586 περιουσίαν
1015 524 1310 590 ἀπελεύθερος
1334 529 1361 586 ἢ
1382 529 1488 576 ἀπε-

266 582 469 643 λευθέρα,
508 582 559 627 οὐ
589 600 741 643 περιερ
768 581 923 636 άζεται
950 582 1120 638 ταύτην
1147 584 1230 638 τὴν
1258 585 1490 641 ποσότητα

262 638 290 693 ἡ
327 637 544 691 διάταξις,
581 637 689 683 ἀλλὰ
748 643 956 698 πιτρέπει
994 635 1141 683 αὐτοῖς
1178 640 1488 694 διατίθεσθαι,

263 695 474 755 καθάπερ
516 695 572 739 ἂν
614 694 969 751 βουληθείησαν·
1018 692 1282 742 ἀδιαθέτων
1325 697 1375 742 δὲ
1414 702 1488 742 καὶ

263 748 474 795 ἀπαίδων
511 750 828 795 τελευτώντων
873 752 970 793 τῶν
1009 749 1207 805 ἐχόντων
1244 754 1328 809 τὴν
1367 751 1487 797 ἐλάτ-

262 823 375 850 τονα
401 809 499 851 τῶν
527 806 688 850 ἑκατὸν
716 805 1009 863 νομισμάτων
1038 824 1095 851 πε
1125 816 1299 853 ιουσίαν
1329 808 1490 854 δίδωσι

154 867 215 908 10
262 867 354 906 τοῖς
391 860 597 923 πάτρωσι
630 862 714 917 τὴν
749 863 797 914 ἐξ
824 861 1072 907 ἀδιαθέτου
1097 825 1326 920 διαδοχήν.
1390 867 1490 909 Τῶν

262 916 312 961 δὲ
338 914 450 978 ὑπὲρ
477 917 577 962 τοὺς
605 917 765 962 ἑκατὸν
794 924 1022 977 χρυσίνους
1051 919 1490 977 καταλιμπανόντων

261 971 418 1018 οὐσίαν
454 976 494 1017 εἰ
527 976 613 1044 μὲν
648 975 803 1029 εἴησαν
842 973 998 1019 παῖδες
1035 974 1062 1030 ἢ
1099 978 1272 1035 ἔγγονοι
1315 975 1342 1031 ἢ
1385 993 1489 1048 προ·

261 1034 434 1090 έγγονοι
462 1027 491 1085 ἢ
518 1034 769 1089 απέγγονοι,
808 1029 985 1089 ἄρρενες
1014 1027 1041 1085 ἢ
1079 1032 1272 1086 θήλειαι,
1311 1029 1375 1077 δι’
1416 1049 1489 1090 αρ·

289 1091 405 1130 ένων
433 1082 461 1140 ἦ
490 1083 564 1130 διὰ
593 1083 776 1141 θηλεων
806 1084 1069 1144 προσώπων
1110 1089 1338 1133 κατιόντες
1375 1085 1488 1132 ὁσοι-

287 1141 444 1196 ἧποτε,
498 1142 586 1185 εἴτε
637 1142 1115 1201 προελευθερωθέντες
1167 1146 1264 1187 τῶν
1319 1148 1490 1204 γονέων

260 1199 349 1242 εἴτε
402 1196 873 1256 συνελευθερωθέντες
926 1195 1072 1243 αὐτοῖς
1126 1202 1216 1244 εἴτε
1267 1205 1342 1244 καὶ
1384 1196 1485 1256 μετ’

261 1250 418 1297 αὐτοὺς
457 1252 844 1314 ἐλευθερωθέντες
879 1252 907 1309 ἢ
945 1259 1019 1298 καὶ
1056 1255 1170 1311 μετὰ
1201 1255 1286 1311 τὴν
1315 1255 1488 1300 ἐλευθε·

287 1314 362 1352 ίαν
403 1310 681 1363 τεχθέντεςῑ,
736 1308 896 1354 αὐτοὺς
947 1309 1073 1355 καλεῖ
1114 1311 1224 1371 πρὸς
1265 1310 1351 1367 τὴν
1393 1314 1490 1355 τῶν

258 1363 578 1424 απελευθέρων
607 1363 841 1420 διαδοχήν,
883 1365 1038 1421 ἐπειδὴ
1076 1372 1152 1410 καὶ
1180 1369 1236 1426 τῇ
1267 1364 1396 1426 φύσει
1427 1365 1489 1411 δι’·

257 1418 387 1465 καιόν
415 1423 513 1464 ἐστι
542 1420 644 1466 τούς
672 1420 837 1467 παῖδας
865 1422 922 1465 τὰ
958 1424 1057 1466 τῶν
1084 1428 1259 1482 γονέων
1297 1421 1488 1478 διαδέχε-

150 1480 231 1522 issa
260 1477 389 1521 σθαι.
457 1481 549 1520 Καὶ
585 1474 609 1522 ὁ
648 1476 1061 1522 δυοκαιδεκάδελτος
1093 1477 1179 1547 γὰρ
1207 1475 1491 1531 ὑπεξουσίους

257 1529 403 1590 εὑρών
445 1535 524 1576 τοῦ
567 1530 871 1592 ἀπελευθέρου
914 1532 1079 1578 παῖδας
1130 1532 1264 1577 ουδὲν
1307 1539 1490 1594 παρεῖχε

256 1593 347 1633 τοῖς
382 1586 632 1650 πάτρωσιν.
701 1586 726 1633 ὁ
764 1594 920 1646 μέντοι
955 1595 1165 1657 πραίτωρ
1202 1594 1278 1632 καὶ
1307 1586 1488 1642 ὖπεξου·

256 1650 369 1690 σίων
407 1649 482 1688 καὶ
518 1642 820 1696 αὖτεξουσίων
853 1641 1070 1688 ὑπόντων
1098 1661 1165 1700 τῳ
1197 1642 1488 1705 ἀπελευθέρῳ

255 1698 437 1746 παίδων
464 1695 543 1743 οὗκ
571 1698 715 1746 ἐκάλει
743 1699 827 1743 τὸν
855 1699 1076 1771 πάτρωνα
1104 1699 1215 1758 πρὸς
1248 1700 1333 1755 τὴν
1362 1704 1488 1744 ἐναν-

147 1754 224 1801 lob
253 1760 414 1799 τίωσιν
455 1757 532 1809 τῆς
575 1754 806 1810 διαθήκης.
885 1759 1063 1799 Τουτοις
1113 1761 1269 1799 τοίνυν
1310 1753 1488 1800 ἀκολου-

252 1807 439 1865 θήσασα
482 1814 557 1853 καὶ
593 1807 621 1864 ἡ
661 1814 929 1869 προκειμένη
969 1807 1186 1863 διάταξις,
1228 1807 1344 1855 ὅταν
1381 1809 1431 1855 εὗ
1461 1829 1488 1866 η

251 1863 417 1911 παῖδας
443 1867 524 1909 τοῦ
552 1863 858 1925 ἀπελευθέρου
887 1863 914 1920 ἢ
937 1868 1013 1920 τῆς
1036 1862 1355 1926 ἀπελευθέρας,
1385 1864 1435 1910 οὗ
1468 1870 1489 1910 ἑ

251 1924 302 1964 ἓν
339 1919 515 1965 δίκαιον
549 1925 640 1964 τοῖς
675 1922 913 1978 πάτρωσιν
950 1919 979 1976 ἢ
1019 1925 1112 1965 τοῖς
1141 1927 1301 1966 παισὶν
1332 1919 1487 1969 αὐτῶν

251 1979 300 2019 ἐκ
341 1978 440 2020 τῶν
483 1977 532 2029 ἐξ
568 1973 815 2021 ἀδιαθέτου
852 1974 1041 2020 δικαίων
1077 1983 1186 2038 χαρί
1211 1995 1331 2031 εται,
1376 1975 1488 2022 ἀλλὰ

250 2031 377 2077 καλεῖ
423 2031 526 2077 τοὺς
575 2035 673 2077 τῶν
724 2029 1048 2091 ἀπελευθέρων
1090 2039 1178 2079 παῖ
1205 2048 1254 2077 ας
1301 2035 1362 2077 εἰς
1402 2034 1487 2090 τὴν

253 2086 406 2134 αὐτῶν
449 2087 681 2144 διαδοχήν,
735 2090 774 2133 εἰ
816 2093 892 2132 καὶ
937 2092 988 2132 έν
1028 2087 1207 2145 δουλείᾳ
1248 2091 1488 2162 τεχθέντες

144 2149 190 2190 11
251 2144 734 2205 συνελευθερώθησαν.
816 2146 928 2188 ΒΚαὶ
984 2144 1037 2190 τὸ
1079 2149 1236 2202 μεῖζον
1277 2163 1329 2190 ου
1382 2144 1487 2191 τότε

249 2200 393 2258 μόνον
423 2198 579 2245 αὖτοὺς
607 2200 742 2255 καλεῖ,
772 2197 848 2246 ὅτε
873 2198 1005 2258 μόνοι
1031 2198 1214 2247 ὕπεισιν
1242 2202 1288 2246 οἱ
1314 2205 1365 2246 έν
1390 2201 1486 2247 δου-

254 2256 352 2312 λείᾳ
391 2257 629 2311 τεχθέντες
671 2261 745 2301 καὶ
787 2259 855 2312 τῷ
900 2262 1041 2317 πατρὶ
1078 2255 1106 2313 ἢ
1144 2262 1219 2301 καὶ
1253 2260 1310 2314 τῆ
1350 2263 1486 2319 μητρὶ

216 2351 219 2355 .
254 2311 737 2373 συνελευθερωθέντες,
765 2310 866 2357 ἀλλ’
898 2315 938 2357 εἰ
966 2317 1041 2357 καὶ
1070 2315 1243 2373 ἑτέρους
1271 2304 1362 2368 ἔχοι
1385 2320 1485 2359 παῖ-

254 2366 333 2412 δας
374 2365 399 2412 ὃ
441 2365 740 2428 ἀπελεύθερος
780 2366 810 2424 ἢ
850 2365 879 2424 ἡ
922 2366 1206 2430 ἀπελευθέρα
1234 2369 1360 2438 μετὰ
1403 2370 1488 2425 τὴν

254 2424 517 2484 ἐλευθερίαν
550 2426 798 2480 τεχθέντας
834 2422 863 2480 ἢ
906 2428 955 2468 έκ
995 2427 1093 2469 τῶν
1131 2422 1288 2470 αύτων
1328 2423 1489 2486 γάμων

147 2487 228 2527 lla
255 2478 284 2536 ἢ
326 2481 376 2534 ἐξ
418 2481 599 2541 ἑτέρων,
642 2483 803 2525 κοινῶς
846 2477 1052 2526 ἅπαντας
1100 2479 1235 2527 καλεῖ.
1303 2486 1395 2525 Καὶ
1433 2482 1486 2527 τὸ

142 2622 193 2675 (¹)
222 2623 359 2665 omissi·
383 2623 570 2665 videniur
598 2622 643 2673 ii,
682 2623 754 2675 qui
784 2638 833 2664 ex
863 2622 990 2664 libera
1020 2632 1145 2664 matre
1175 2623 1265 2665 nati·
1291 2624 1333 2664 in
1361 2624 1486 2665 servi·

141 2687 259 2721 tutem
289 2679 486 2730 abierunt,
516 2679 729 2720 secundum
758 2679 858 2720 Inst.
891 2680 929 2730 3,
961 2687 997 2730 6,
1028 2687 1070 2721 10
1219 2679 1276 2730 (2)
1308 2680 1366 2720 ad
1397 2685 1416 2728 §
1449 2688 1486 2722 11

143 2744 179 2776 et
207 2745 272 2777 ua
301 2735 353 2789 qt:
382 2734 482 2776 Insi.
516 2736 555 2786 3,
586 2743 623 2786 6,
653 2743 695 2776 10
815 2735 870 2787 (3)
900 2750 949 2776 ez·
977 2735 1078 2776 Inst.
1110 2737 1149 2786 3,
1181 2744 1216 2786 7,
1245 2743 1266 2776 3
1298 2736 1487 2789 supplen-

1488 153 1589 212 243

2771 160 2910 212 V14

1684 311 1752 352 ἔτι
1789 305 1949 352 τούτου
1988 303 2350 367 παραδοξότερον
2390 312 2463 352 καὶ
2499 306 2655 353 αὐτοὺς
2683 308 2783 354 τοῦς
2811 314 2913 355 παῖ·

1684 363 1763 409 δας
1793 366 1851 408 εἰς
1878 362 1961 408 τ“ν
1989 359 2192 417 ἀλλήλων
2220 362 2518 422 κληρονομίαν
2541 364 2782 410 καλεῖσθαι
2809 363 2913 423 βού·

1685 420 1808 464 λεται
1846 416 1873 475 ἡ
1940 417 2129 471 ιάταξις,
2168 422 2397 477 χαρίζεται
2433 419 2483 465 δὲ
2518 423 2592 464 καὶ
2630 423 2700 477 τῷ
2733 418 2912 464 ἀπελευ-

1684 478 1811 535 θέρῳ
1842 477 1915 519 κἀὶ
1944 477 1999 544 τῇ
2030 472 2313 535 ἀπελευθέρα
2339 475 2423 531 τὴν
2451 479 2548 520 τῶν
2578 475 2710 520 ἰδίων
2731 476 2914 522 παίδων

1685 530 1920 586 διαδοχήν,
1967 528 2121 590 ω’σπερ
2160 532 2234 574 ἐπὶ
2271 533 2368 575 τῶν
2407 530 2603 591 εὐγενῶν
2643 532 2688 575 οἱ
2728 536 2915 591 πατέρες

1684 590 1758 629 καὶ
1798 587 1848 630 αἱ
1879 591 2063 646 μητέρες
2089 586 2328 630 καλοῦνται
2358 605 2394 632 π
2421 586 2468 630 ὸς
2495 587 2579 641 τὴν
2606 588 2704 630 τῶν
2733 585 2916 631 παίδων

1685 642 1994 701 κληρονομίαν,
2033 646 2106 685 καὶ
2145 640 2353 699 βούλεται
2415 647 2467 686 πὶ
2505 641 2684 685 τούτων
2711 643 2809 684 τῶν
2837 642 2915 684 θε·

1684 696 1844 751 μάτων
1879 697 1931 740 τὸ
1972 697 2262 756 πατρωνικὸν
2291 696 2468 741 δίκαιον
2495 695 2660 764 ἀργεῖν,
2697 692 2816 740 ὥστε
2843 700 2916 739 καὶ

1684 749 2008 809 ἀπελευθέρους
2035 757 2109 796 καὶ
2139 752 2444 821 ἀπελευθέρας
2477 748 2566 796 ὗπο
2602 752 2701 794 τῶν
2736 749 2918 795 παίδων

1686 806 2064 874 κληρονομεῖσθαι
2119 812 2194 850 καὶ
2253 805 2410 850 αὐτους
2464 805 2567 849 τοὺς
2619 804 2784 850 παῖδας
2830 803 2912 850 ὑπ’

1686 859 1892 916 ἀλληλων
1920 866 1995 904 καὶ
2024 860 2112 905 ὑπὸ
2140 865 2238 905 τῶν
2265 866 2439 919 γονέων
2469 859 2636 913 αὐτῶν,
2676 864 2750 903 καὶ
2779 859 2916 916 μηδα-

1683 919 1768 973 μοῦ
1811 916 1967 976 χώραν
2010 918 2126 960 εἶναι
2167 919 2224 976 τῇ
2267 917 2532 975 πατρωνικῆ
2584 914 2770 976 διαδοχῇ
2823 918 2917 960 τῶν

1578 980 1627 1019 12
1686 969 1907 1017 τοιούτων
1955 971 2218 1031 προσώπων
2270 969 2487 1015 ὑπόντων
2518 1007 2527 1015 .
2616 974 2766 1016 Ταῦτα
2816 976 2919 1026 περὶ

1685 1031 1783 1073 τῶν
1824 1026 2148 1073 τελευτώντων
2190 1027 2238 1078 ἐξ
2277 1024 2526 1070 ἀδιαθέτου
2570 1027 2919 1082 νοιιοθετήσασα

1685 1089 1948 1142 μεταβαίνει
1978 1087 2052 1126 καὶ
2081 1081 2192 1141 πρὸς
2219 1081 2322 1126 τοὺς
2360 1080 2703 1140 διατιθεμένους
2738 1080 2919 1128 ἀπελευ·

1686 1142 1849 1211 θέρους
1883 1145 1960 1183 καὶ
1989 1135 2350 1198 παρακελεύεται,
2390 1140 2429 1182 εἰ
2462 1138 2565 1183 τοὺς
2594 1137 2730 1183 ἰδίους
2757 1138 2922 1184 παῖδας

1683 1212 1901 1257 γραψοιεν
1939 1192 2233 1254 κληρονόμους
2270 1194 2317 1238 οἱ
2351 1191 2649 1254 ἀπελεύθεροι
2681 1192 2710 1250 ἢ
2740 1195 2789 1238 αἱ
2814 1193 2918 1239 ἀπε-

1687 1251 1913 1313 λεύθεραι,
1942 1251 2125 1298 πάντως
2147 1248 2300 1312 ἀργεῖν
2324 1250 2409 1322 τῂν
2433 1250 2728 1312 πατρωνικὴν
2751 1250 2920 1307 κλῆσιν.

1580 1316 1627 1356 13
1686 1311 1744 1352 Εἰ
1772 1308 1824 1353 δὲ
1851 1305 2238 1366 ἀποκληρονόμους
2267 1321 2502 1361 ποιησαιεν
2531 1306 2634 1351 τοὺς
2665 1306 2842 1360 παῖδας,
2882 1309 2922 1350 εἰ

1684 1368 1769 1422 μὲν
1806 1363 1995 1418 ἀδίκως,
2032 1359 2151 1408 ὥστε
2186 1366 2262 1406 καὶ
2299 1360 2617 1424 ἀνατραπῆναι
2645 1363 2730 1418 τὴν
2759 1361 2919 1419 διαθή-

1686 1440 1768 1476 κην
1806 1419 1882 1465 διὰ
1954 1422 2009 1465 ‘c‘
2032 1424 2244 1478 μέμψεως
2282 1416 2460 1475 (δίδωσι
2529 1418 2585 1479 ἀρ
2628 1423 2703 1463 καὶ
2747 1417 2918 1474 ταύτην

1686 1482 1776 1522 τοῖς
1828 1438 2113 1532 οἷοιέδὴποτε
2165 1477 2261 1520 τῶν
2311 1471 2474 1520 ἀπελευ
2516 1480 2635 1534 έρων
2686 1479 2846 1521 παισὶν
2893 1474 2921 1530 ἡ

1687 1531 1917 1587 διάταξις),
1947 1532 2085 1577 πάλιν
2112 1529 2169 1591 ἀρ
2198 1536 2265 1575 εῖν
2285 1530 2496 1589 βούλεται
2517 1530 2603 1587 τὴν
2626 1530 2921 1590 πατρωνικὴν

1686 1587 1921 1644 διαδοχήν,
1954 1586 2013 1632 ώς
2041 1585 2147 1631 ἇδια
2188 1592 2288 1631 έτου
2311 1585 2610 1632 τελευτῶντος
2630 1589 2710 1631 τοῦ
2739 1585 2919 1632 ἀπελευ-

1687 1646 1826 1703 θέρου
1854 1648 1929 1687 καὶ
1956 1641 2044 1688 ὑπὸ
2075 1645 2173 1687 τῶν
2200 1640 2385 1687 παίδων
2415 1645 2464 1696 ἐξ
2491 1641 2739 1687 ἀδιαθέτου
2768 1643 2920 1705 κληρο-

1581 1707 1627 1746 14
1685 1701 1973 1757 νομουμένου.
2003 1701 2061 1742 Εἰ
2079 1697 2130 1742 δὲ
2150 1695 2343 1758 εὐλόγως
2357 1698 2460 1742 τοὺς
2473 1697 2637 1744 παῖδας
2651 1696 2922 1760 ἀποκλήρους

1685 1759 1904 1809 ἐποίησαν
1919 1753 2022 1798 τούς
2037 1753 2174 1798 ἰδίους
2197 1755 2243 1799 οἱ
2265 1752 2573 1815 ἀπελεύθεροι,
2599 1753 2922 1799 καλείσθωσαν

1686 1811 1732 1854 οἱ
1768 1808 2023 1870 πάτρωνες,
2067 1807 2127 1854 ώς
2166 1806 2321 1854 αὐτῶν
2353 1810 2415 1866 μὴ
2451 1809 2709 1865 ἐσχηκότων
2744 1809 2921 1856 παῖδας.

1578 1873 1659 1913 Ῑ4α
1686 1864 1869 1921 Ἐπειδὴ
1893 1864 1944 1909 δὲ
1968 1863 2148 1909 δοκοῦσι
2168 1870 2390 1925 συγγενεῖς
2409 1866 2526 1910 εἶναι
2546 1868 2645 1911 τῶν
2666 1865 2919 1926 ἐλευθερου-

1683 1926 1838 1978 μένων
1880 1921 1927 1964 οἱ
1963 1919 2302 1981 ἐλευθεροῦντες
2340 1918 2516 1975 αὐτούς,
2558 1920 2634 1966 διὰ
2671 1923 2805 1966 τοῦτο
2847 1927 2922 1966 καὶ

1685 1977 1928 2021 καλοῦνται
1972 1981 2020 2020 ἐκ
2061 1978 2140 2033 τῆς
2182 1982 2374 2034 νομίμου
2418 1975 2680 2034 διακατοχῆς
2691 1981 2722 2033 ⁴,
2769 1975 2923 2038 ὥσπερ

1686 2037 1762 2078 ἐπὶ
1789 2035 1888 2078 τῶν
1917 2030 2116 2100 εύγενῶν
2145 2033 2191 2077 οἱ
2216 2031 2332 2077 κατὰ
2367 2033 2560 2091 βαθμὸν
2588 2032 2818 2096 ὲγγύτεροι
2846 2053 2921 2079 κα-

1580 2089 1655 2137 14b
1686 2089 1884 2143 λοῦνται,
1915 2086 2057 2133 οὕτως
2085 2093 2160 2133 καὶ
2186 2092 2261 2135 ἐπὶ
2285 2091 2385 2134 τῶν
2407 2087 2741 2151 ἀπελευθέρων.
2778 2088 2922 2136 ’Όθεν

1685 2147 1725 2190 εἰ
1753 2148 1838 2203 μὲν
1866 2143 2032 2189 παῖδας
2061 2147 2239 2204 ἔχουσιν
2268 2146 2315 2189 οἱ
2340 2142 2638 2206 ἀπελεύθεροι
2666 2150 2740 2190 καὶ
2769 2146 2921 2207 κληρο-

1579 2209 1654 2249 140
1687 2204 1903 2259 νομοῦσιν
1933 2198 2104 2254 αὐτούς,
2143 2199 2429 2246 ἀποκλείουσι
2460 2202 2543 2247 τὸν
2572 2200 2806 2262 πάτρωνα.
2865 2205 2923 2247 Εἰ

1686 2257 1736 2302 δὲ
1776 2257 1839 2315 μὴ
1880 2257 2033 2302 ὄντων
2077 2256 2262 2303 παίδων
2305 2255 2333 2313 ἢ
2375 2256 2758 2318 ἀποκληρονόμων
2797 2277 2920 2320 γενο-

1683 2319 1837 2371 μένων
1866 2314 1911 2357 οἷ
1937 2310 2172 2375 πάτρωνες
2200 2313 2390 2365 ἔλθωσι,
2419 2314 2534 2358 κατὰ
2561 2314 2751 2371 βαθμὸν
2776 2314 2919 2360 καλεί-

1685 2371 1885 2414 σθωσαν
1916 2371 1976 2413 εἰς
2013 2369 2098 2424 τὴν
2136 2367 2296 2413 οὗσίαν
2329 2371 2428 2413 τῶν
2465 2366 2787 2431 ἀπελευθέρων
2822 2373 2921 2415 τῶν

1683 2430 1969 2482 κεκτημένων
1997 2423 2156 2469 οὐσίαν
2182 2421 2547 2486 ὖπερβαίνουσαν
2574 2425 2659 2480 τὴν
2687 2424 2919 2481 ποσότητα

1686 2484 1783 2526 τῶν
1826 2479 1988 2525 ἑκατὸν
2030 2480 2333 2539 νομισμάτων,
2381 2482 2456 2525 ἵνα
2494 2483 2671 2542 πρῶτοι
2708 2479 2835 2527 αὗτοὶ
2877 2482 2921 2526 οἱ

1572 2624 1662 2664 dum
1692 2624 1872 2665 videtur:
1908 2623 1974 2664 sin
2004 2626 2142 2664 autem
2170 2622 2260 2664 sine
2285 2621 2429 2664 liberis
2458 2621 2717 2675 decesserint,
2760 2624 2797 2664 si
2826 2625 2917 2676 qui·

1572 2679 1663 2720 dem
1701 2679 1910 2728 intestati,
1947 2680 1999 2720 ad
2038 2693 2200 2721 omnem
2236 2678 2508 2719 hereditatem
2543 2682 2741 2732 patronos
2777 2684 2918 2734 patro-

1571 2748 1727 2788 nasque
1756 2735 1992 2777 vocavimus
2105 2738 2160 2789 (4)
2187 2729 2394 2787 διαδοχῆς
2421 2735 2540 2776 Reitz

137 2905 440 2959 patronorum
488 2899 593 2944 iura
645 2899 861 2945 adversus
912 2899 1114 2959 reliquos
1162 2900 1348 2946 libertos
1388 2916 1486 2947 esse

141 2963 198 3001 9a
253 2956 371 3002 velit.
429 2957 576 3014 Atque
607 2956 648 3000 si
707 2955 854 3000 uidem
884 2955 1071 3002 libertus
1099 2956 1314 3003 libertave
1342 2958 1484 3002 mino-

138 3026 234 3058 rem
264 3010 302 3057 0
335 3025 577 3057 aureorum
613 3025 667 3055 su
696 3013 911 3056 stantiam
952 3011 1105 3066 habet,
1144 3011 1280 3057 liuius
1306 3015 1485 3071 quanti-

143 3068 250 3113 tatis
281 3068 506 3112 rationem
545 3068 806 3112 constitutio
845 3081 939 3112 non
967 3068 1115 3123 habet,
1152 3068 1235 3113 sed
1254 3070 1488 3134 permittit

141 3124 207 3168 eis
230 3123 400 3180 testari,
419 3123 790 3180 quemadmodum
807 3124 1056 3169 voluerint:
1077 3124 1203 3182 quod
1222 3138 1261 3168 si
1282 3125 1486 3171 intestati

143 3184 189 3224 et
228 3178 326 3223 sine
368 3177 520 3222 liberis
561 3178 832 3222 decesserint
863 3179 899 3222 ii
936 3180 1017 3236 qui
1053 3181 1272 3225 minorem
1310 3186 1486 3226 centum

145 3246 388 3279 aureorum
416 3233 714 3278 substantiam
743 3233 920 3287 liabent,
940 3236 1162 3292 patronis
1190 3235 1246 3280 ab
1270 3236 1484 3281 intestato

148 3295 198 3333 10
254 3289 578 3334 successionem
609 3288 774 3333 tribuit.
820 3287 873 3332 Si
900 3303 1006 3334 vero
1038 3304 1207 3344 eorum,
1269 3291 1318 3335 ui
1344 3293 1486 3336 maio-

143 3359 239 3391 rem
269 3343 306 3390 0
329 3357 571 3389 aureorum
598 3344 896 3389 substantiam
923 3345 1204 3403 relinquunt,
1238 3304 1374 3391 {iberi
1401 3360 1482 3392 ex·

146 3405 247 3447 tant
286 3401 379 3446 sive
407 3405 594 3466 nepotes
634 3401 727 3446 sive
760 3413 912 3459 prone
946 3405 1043 3445 otes
1082 3401 1176 3446 sive
1225 3400 1486 3460 abnepotes,

145 3456 333 3502 masculi
352 3457 620 3515 feminaeve,
636 3470 727 3515 per
751 3469 904 3501 mascu
922 3455 989 3500 ini
1012 3461 1094 3501 aut
1113 3457 1326 3514 feminini
1346 3470 1488 3502 sexus

138 3526 366 3573 personas
394 3512 729 3566 descendentes,
768 3517 1069 3570 quotcumque
1102 3517 1229 3566 sunt,
1259 3513 1354 3558 sive
1382 3519 1488 3558 ante

137 3574 358 3630 parentes
398 3569 659 3614 manumissi
698 3569 792 3614 sive
833 3582 926 3612 una
970 3581 1069 3613 cum
1110 3568 1176 3613 eis
1216 3568 1311 3614 sive
1352 3569 1488 3613 etiam

142 3631 253 3685 post
279 3638 356 3670 eos
383 3624 646 3669 manumissi
672 3625 765 3670 sive
793 3624 926 3670 etiam
954 3630 1070 3689 post
1095 3624 1487 3669 manumissionem

145 3681 257 3735 nati,
286 3694 364 3726 eos
391 3679 454 3725 ad
480 3680 742 3726 libertorum
769 3693 1092 3725 successionem
1119 3685 1267 3734 vocat,
1306 3681 1414 3738 quia
1443 3685 1489 3725 et

146 3742 314 3782 natura
351 3749 544 3795 aequum
580 3742 650 3782 est
683 3735 849 3781 liberos
881 3736 931 3780 in
969 3736 1088 3781 bona
1113 3741 1356 3795 parentum
1386 3749 1485 3780 suc-

153 3798 233 3838 10a
275 3792 442 3838 cedere.
488 3790 666 3837 Etenim
691 3792 770 3838 lex
793 3790 902 3836 XII
918 3791 1172 3837 tabularum
1197 3805 1296 3836 cum
1322 3791 1487 3836 liberos

146 3850 194 3893 in
214 3853 447 3908 potestate
475 3846 623 3893 liberti
648 3848 830 3900 invenit,
856 3847 1077 3948 patronis
1103 3847 1219 3892 nihil
1234 3847 1485 3913 praestitit,

148 3911 336 3963 praetor
370 3908 520 3948 autem
556 3903 818 3949 extantibus
871 3902 1008 3948 iberis
1035 3903 1185 3948 liberti
1210 3918 1303 3948 sive
1332 3909 1485 3960 potes-

150 3962 234 4005 tati
261 3959 472 4004 subiectis
497 3959 590 4004 sive
617 3959 912 4017 emancipatis
940 3964 1193 4018 patronum
1232 3958 1293 4003 ad
1341 3960 1485 4019 impu-

152 4015 231 4060 10b
320 4015 521 4060 nandum
552 4021 860 4060 testamentum
889 4028 983 4059 non
1012 4018 1158 4059 vocat.
1213 4014 1314 4059 Hos
1341 4013 1485 4068 iqitur

147 4078 301 4117 secuta
330 4071 465 4116 etiam
481 4083 708 4136 praesens
737 4071 1015 4123 constitutio,
1054 4070 1238 4128 quando
1267 4071 1487 4116 invenerit

149 4127 315 4173 liberos
342 4126 488 4173 liberti
524 4125 782 4178 libertaeve,
821 4125 993 4170 nullum
1029 4126 1102 4171 ius
1126 4127 1344 4185 patronis
1381 4126 1485 4170 libe-

149 4183 266 4229 risvc
293 4196 448 4228 eorum
476 4196 538 4228 ex
564 4182 662 4241 iure
690 4181 745 4226 ab
775 4182 988 4226 intestato
1021 4182 1319 4226 successionis
1349 4196 1486 4247 prae-

149 4243 264 4292 stat,
302 4238 384 4284 sed
412 4237 575 4283 liberos
604 4237 865 4282 libertorum
894 4236 956 4281 ad
981 4250 1137 4282 eorum
1163 4251 1487 4283 successionem

151 4299 303 4348 vocat,
347 4294 432 4340 etsi
467 4295 516 4338 in
552 4294 767 4339 servitute
804 4293 902 4338 nati
939 4306 1039 4336 cum
1075 4293 1094 4336 i
1125 4293 1190 4337 sis
1225 4294 1488 4338 manumissi

155 4353 200 4394 11
260 4350 362 4394 sint.
429 4347 549 4404 Quin
585 4350 721 4395 etiam
762 4362 855 4393 non
899 4354 990 4392 tum
1031 4362 1083 4394 so
1102 4362 1178 4393 um
1220 4362 1298 4394 eos
1338 4354 1486 4401 vocat,

151 4418 251 4449 cum
292 4411 456 4451 extant
490 4404 797 4451 tantummodo
839 4404 895 4457 ii,
938 4404 1020 4462 qui
1055 4405 1106 4448 in
1140 4405 1353 4451 servitute
1390 4404 1489 4450 nati

153 4473 246 4505 una
288 4475 388 4506 cum
424 4468 564 4520 patre
603 4461 675 4508 vel
715 4462 849 4506 etiam
885 4464 1030 4518 matre
1064 4461 1327 4505 manumissi
1367 4465 1487 4513 sunt,

152 4514 234 4560 sed
256 4516 390 4562 etiam
411 4518 452 4561 si
472 4518 591 4562 alios
613 4516 779 4563 liberos
801 4515 935 4561 habet
954 4515 1140 4560 tibertus
1163 4515 1388 4568 libertam,
1411 4516 1490 4574 qui

151 4577 258 4633 post
285 4575 673 4619 manumissionem
694 4573 764 4619 vel
785 4586 848 4618 ex
861 4571 1024 4631 eodem
1045 4571 1116 4617 vel
1135 4585 1199 4618 ex
1220 4571 1313 4617 alio
1335 4572 1490 4616 matri-

155 4631 239 4673 ua
287 4628 438 4673 monio
465 4629 564 4674 nati
590 4635 709 4682 sunt,
738 4629 872 4673 simul
900 4640 1052 4672 omnes
1079 4632 1221 4672 vocat.
1277 4626 1341 4672 E't
1369 4627 1492 4684 quod

1568 2900 1820 2947 mirabilius
1848 2905 1940 2954 est,
1980 2900 2116 2946 etiam
2151 2900 2280 2960 ipsos
2310 2900 2477 2948 liberos
2505 2901 2567 2946 ad
2594 2907 2794 2947 mutuam
2821 2917 2918 2950 suc-

1570 2958 1815 3003 cessionem
1854 2957 2012 3002 vocari
2052 2957 2313 3002 constitutio
2359 2957 2477 3010 vult,
2521 2957 2729 3015 indulqet
2770 2965 2918 3005 autem

1569 3015 1705 3059 etiam
1734 3013 1893 3059 liberto
1922 3012 2160 3078 libertaeve
2189 3013 2434 3058 liberorum
2460 3027 2647 3058 suorum
2673 3016 2917 3060 successio-

1569 3068 2918 3188 2}imiiffi’ssfflttzsstxzttn‘azima‘tramittit

1570 3180 1652 3226 bus
1674 3181 1748 3225 ius
1764 3180 1961 3239 patroni
1985 3193 2162 3224 cessare
2183 3180 2292 3233 vult,
2316 3185 2371 3225 ut
2391 3184 2437 3224 et
2459 3179 2631 3225 libertis
2655 3180 2916 3227 libertabus-

1570 3250 1658 3294 que
1701 3235 1831 3280 liberi
1865 3234 2052 3280 heredes
2086 3235 2313 3288 existant,
2358 3240 2403 3280 et
2438 3235 2530 3294 ipsi
2568 3235 2697 3281 liberi
2734 3236 2821 3282 sibi
2848 3238 2915 3283 in-

1570 3292 1709 3338 vicem
1737 3296 1783 3336 et
1809 3290 1962 3335 liberis
1980 3296 2222 3349 parentes,
2260 3304 2343 3336 nec
2372 3305 2585 3349 umquam
2605 3297 2915 3351 patronorum

1570 3347 1847 3391 successioni
1897 3346 2025 3390 locus
2072 3346 2155 3399 sit,
2213 3347 2254 3389 si
2297 3346 2412 3392 tales
2457 3361 2690 3413 personae
2739 3354 2914 3397 extant.

1575 3407 1625 3446 12
1683 3402 1772 3446 His
1810 3402 1866 3446 de
1902 3402 1961 3445 ii's
2001 3401 2081 3459 qui
2113 3402 2316 3447 intestati
2362 3408 2620 3448 moriuntur
2658 3406 2916 3452 constitutis

1573 3459 1739 3503 transit
1766 3458 1898 3502 etiam
1930 3457 1992 3501 ad
2019 3457 2218 3511 libertos,
2287 3459 2338 3502 ui
2368 3464 2676 3505 testamentum
2701 3462 2914 3519 fecerint,

1570 3520 1615 3558 et
1649 3513 1797 3566 iubet,
1840 3513 1882 3557 si
1919 3513 2086 3557 liberos
2121 3527 2232 3558 suos
2285 3513 2419 3560 iberti
2456 3514 2693 3562 libertaeve
2730 3516 2915 3564 heredes

1570 3569 2221 3670 {Zmiiissn‘sipv‘ssfflii'e‘sssss
2237 3571 2913 3688 ztttfita'zffintmss‘mss

1569 3681 1748 3733 iniuste,
1782 3685 1835 3724 ut
1856 3681 1991 3726 etiam
2023 3686 2332 3727 testamentum
2350 3696 2444 3741 per
2473 3663 2718 3741 querel’lam
2745 3685 2911 3730 rescin-

1570 3736 1707 3781 datur
1733 3737 1867 3790 (nam
1904 3736 2021 3781 lianc
2059 3750 2240 3795 quoque
2269 3739 2532 3784 constitutio
2562 3739 2912 3799 quibuscumque

1570 3791 1724 3837 liberis
1760 3791 2023 3837 liberton
2053 3792 2256 3849 tribuit),
2294 3808 2457 3838 rursus
2480 3801 2783 3859 patronorum
2810 3809 2910 3840 suc-

1570 3847 1812 3892 cessionem
1851 3861 2028 3912 cessare
2066 3849 2183 3903 vult,
2222 3850 2356 3915 quasi
2392 3849 2448 3894 ab
2482 3855 2696 3896 intestato
2726 3850 2911 3897 libertus

1574 3908 1624 3946 14
1667 3903 1907 3948 decesserit
1930 3909 1976 3947 et
2000 3903 2129 3949 liberi
2151 3905 2208 3950 ab
2229 3910 2444 3950 intestato
2464 3906 2507 3950 ei
2525 3906 2780 3952 succedant.
2825 3905 2910 3951 Sin

1569 3960 1733 4003 iustam
1773 3958 1828 4003 ob
1866 3972 2050 4003 causam
2090 3959 2256 4005 liberos
2289 3974 2398 4005 suos
2431 3960 2581 4005 liberti
2608 3961 2909 4008 exheredave-

1568 4015 1675 4067 rint,
1699 4020 1916 4059 vocentur
1930 4017 2148 4074 patroni,
2174 4017 2308 4074 quasi
2330 4017 2428 4060 sine
2447 4015 2599 4061 liberis
2626 4018 2906 4064 decesserint.

1573 4075 1656 4114 14a
1714 4068 1822 4115 Cum
1865 4077 2014 4115 autem
2057 4071 2318 4117 libertorum
2362 4085 2415 4116 co
2450 4072 2549 4116 nati
2590 4086 2687 4118 esse
2729 4073 2907 4118 videan-

1572 4132 1645 4170 tur
1687 4125 1723 4168 ii
1765 4126 1846 4183 qui
1887 4139 1966 4170 eos
1999 4129 2338 4178 manumittunt,
2380 4127 2399 4170 i
2429 4140 2483 4171 eo
2526 4132 2573 4171 et
2607 4142 2670 4172 ex
2706 4127 2906 4186 leqitima

1569 4181 1869 4234 successione,
1910 4182 2279 4238 quemadmodum
2312 4183 2360 4225 in
2388 4183 2595 4240 inqenuis
2621 4183 2770 4240 qradu
2789 4196 2905 4241 pro-

1568 4237 1747 4345 filim}
1771 4243 2035 4338 vocant-wib
2070 4239 2136 4338 ita
2161 4239 2326 4338 Titiam
2365 4237 2625 4337 {nblibtertis
2672 4243 2902 4302 vocantur.

1749 4306 1862 4337 uare
1896 4306 1936 4336 si
1991 4307 2007 4336 i
2038 4308 2123 4338 eri
2177 4308 2191 4337 ι
2223 4307 2326 4338 eros
2397 4306 2425 4335 a
2453 4306 2508 4336 en
2565 4306 2597 4336 ii
2631 4307 2687 4337 ue
2715 4307 2780 4338 eis
2806 4306 2904 4337 suc-

1579 4352 1652 4392 Mc
1708 4346 1893 4401 cedunt,
1922 4355 2175 4406 patronum
2213 4348 2471 4393 excludunt.
2541 4307 2723 4393 Siqvero
2753 4347 2905 4392 liberis

1571 4417 1663 4448 non
1715 4402 1977 4448 extantibus
2027 4405 2098 4450 vel
2148 4403 2435 4450 exheredatis
2514 4403 2667 4447 atroni
2709 4404 2903 4457 veniunt,

1571 4457 1811 4503 secundum
1918 4460 2055 4503 adum
2097 4465 2312 4506 vocentur
2354 4459 2416 4502 ad
2494 4471 2583 4502 ona
2626 4458 2902 4512 libertorum,

1572 4527 1763 4573 quorum
1805 4528 1858 4558 su
1886 4517 2058 4560 stantia
2106 4515 2142 4560 C
2189 4528 2428 4559 aureorum
2477 4514 2772 4572 quantitatem
2821 4528 2902 4559 ex-

1573 4570 1712 4623 cedit,
1750 4575 1801 4614 ut
1826 4571 1984 4628 primo
2023 4572 2123 4615 loco
2152 4571 2242 4629 ipsi
2312 4570 2464 4614 atroni
2483 4575 2800 4635 patronaeque
2826 4583 2901 4615 vo-

1574 4631 1742 4678 centur,
1786 4625 1944 4670 deinde
1979 4633 2094 4685 post
2127 4640 2204 4670 eos
2245 4626 2273 4669 li
2305 4625 2373 4669 eri
2401 4639 2574 4675 eorum,
2618 4631 2663 4669 et
2697 4639 2735 4669 st
2775 4625 2903 4670 liberi

2633 4690 2712 4730 31*
