3152 4784
197 145 270 184 nn
304 125 702 181 vncmeALrnUs

194 279 515 337 negotiatorum
553 278 771 322 mercibus
805 273 1087 327 conveniant,
1127 276 1195 319 vel
1222 277 1269 320 in
1297 277 1521 321 venaliciis

193 340 271 380 aut
303 334 503 378 locoru-m
540 333 772 389 temporali
801 332 987 388 quaestu
1023 335 1067 373 et
1096 332 1321 376 commodo
1351 333 1523 389 privata

193 389 423 435 exactione
451 393 691 443 sectentur,
725 388 796 432 vel
823 387 903 430 sub
933 389 1167 441 praetextu
1197 389 1357 442 privati
1386 389 1524 432 debiti

193 447 383 545 {ssif‘luam
418 446 582 490 ibidem
620 442 981 491 concurrentibus
1030 443 1276 486 molestiam
1323 445 1523 500 possint¹

191 515 237 546 m
257 514 368 547 erre.

783 614 930 662 ΙΛΧΙ.2

370 699 448 740 DE
477 695 891 740 VECTIGALIBUS
920 695 994 736 ΕΤ
1025 695 1334 738 COMMISSIS.

249 779 272 827 1
326 779 472 840 Impp.
517 778 707 824 Severus
747 782 794 822 et
836 777 1092 822 Antoninus
1133 780 1224 823 AA.
1276 779 1520 824 Victorino.

191 836 240 882 Si
274 837 371 881 iure
407 835 700 879 manumissus
742 846 789 878 es
828 838 931 877 ante
970 835 1273 890 quaestionem
1303 833 1523 879 commissi

190 895 376 946 motam,
416 896 577 936 statum
605 894 730 934 tuum
759 889 983 945 vectigalis
1015 890 1189 935 nomine
1220 891 1404 936 convelli
1433 902 1523 934 non

190 951 260 993 est
286 960 340 993 ae
370 960 484 992 uum.

247 1001 279 1050 2
309 1003 342 1048 Ι
365 1003 538 1048 emAA.
557 999 704 1046 Iunio.
762 1000 919 1056 Neque
950 1002 1243 1057 commissum,
1275 1001 1393 1058 quod
1420 1005 1524 1045 ante

190 1058 532 1118 quinquennium
559 1057 727 1101 factum
753 1057 929 1111 dicitur,
970 1058 1008 1102 si
1036 1058 1091 1101 lis
1109 1059 1125 1084 ³
1164 1058 1410 1114 anticipata
1434 1069 1523 1101 non

190 1117 280 1167 est,
318 1114 532 1158 vindicari
569 1116 740 1169 potest,
780 1127 925 1169 neque
961 1127 1044 1169 pro
1074 1127 1144 1169 re,
1184 1127 1298 1170 quae
1325 1114 1373 1158 in
1405 1126 1521 1157 com-

188 1171 313 1216 missi
355 1182 534 1215 causam
581 1169 763 1223 cecidit,
810 1170 848 1213 si
885 1170 986 1225 ipsa
1021 1183 1110 1213 non
1150 1173 1273 1214 extat
1307 1182 1391 1213 nec
1421 1168 1521 1212 dolo

188 1240 240 1272 su
271 1226 502 1284 primatur,
532 1226 723 1281 pretium
752 1225 846 1281 peti
873 1229 1036 1281 potest.

316 1281 441 1326 Idem
478 1282 571 1325 AA.
603 1280 809 1338 Inqenuo
846 1281 989 1326 militi.
1059 1281 1270 1326 Omnibus
1310 1279 1521 1326 militibus

186 1338 352 1384 nostris
401 1337 727 1394 prospeximus,
781 1349 838 1381 ne
890 1338 946 1382 ob
998 1338 1183 1382 omissas
1226 1336 1522 1393 professiones

186 1394 331 1451 poena
370 1394 592 1438 commissi
627 1396 898 1438 tenerentur.
965 1394 1154 1450 proinde
1193 1393 1394 1448 deposito
1437 1392 1523 1436 hoc

187 1453 320 1503 metu,
351 1450 391 1495 si
420 1462 508 1506 qua
535 1450 734 1505 portoria
763 1450 923 1494 debere
950 1453 997 1493 te
1024 1460 1081 1504 ap
1116 1450 1300 1498 aruerit,
1330 1448 1520 1492 exsolve.

242 1505 275 1554 4
320 1504 454 1564 ⁴Imp.
502 1505 820 1551 Constantinus
863 1508 914 1549 A.
969 1504 1032 1548 ad
1107 1505 1261 1547 unium
1304 1503 1481 1561 Rufum
1493 1504 1521 1547 ⁵.

185 1562 328 1606 Penes
357 1562 479 1605 illum
507 1561 736 1615 vectigalia
764 1573 943 1604 manere
976 1561 1175 1615 oportet,
1216 1559 1293 1614 qui
1322 1559 1524 1615 superior

185 1619 232 1662 in
251 1618 495 1662 licitatione
519 1617 725 1667 extiterit,
748 1617 812 1660 ita
829 1616 906 1659 ut⁶
932 1628 1022 1658 non
1036 1615 1181 1657 minus
1198 1627 1329 1670 quam
1344 1614 1524 1658 triennii

184 1673 274 1717 fine
300 1673 463 1716 locatio
494 1672 787 1714 concludatur
823 1683 906 1714 nec
944 1670 1035 1713 ullo
1066 1669 1195 1712 modo
1226 1670 1521 1726 interrumpa-

183 1733 258 1778 tur
281 1731 456 1783 tempus
481 1726 704 1781 exigendis
728 1725 1016 1780 vectigalibus
1036 1725 1351 1780 praestitutum
1364 1727 1394 1768 ⁷.
1434 1739 1521 1780 quo

181 1785 365 1840 peracto
399 1787 598 1837 tempore
625 1781 921 1825 licitationum
956 1781 1056 1824 iura
1092 1780 1522 1836 conductionumque

182 1838 375 1884 recreari
412 1840 590 1893 oportet
626 1849 680 1880 ac
716 1836 848 1880 simili
885 1836 1015 1880 modo
1051 1835 1149 1879 aliis
1180 1836 1401 1880 collocari.
1463 1836 1518 1880 D.

180 1894 223 1939 lc.
241 1893 328 1938 Iul.
357 1891 516 1951 Crispo
536 1891 576 1936 C.
595 1903 643 1935 Π
663 1897 708 1936 et
724 1891 1019 1936 Constantino
1040 1890 1147 1935 011
1169 1904 1312 1935 conss.
1347 1896 1402 1944 [a.
1423 1895 1520 1944 321]

235 1949 266 1997 5
300 1947 444 1993 ⁸Idem
472 1948 524 1992 A.
554 1946 822 1992 Menandro.
882 1947 1086 1992 Universi
1114 1947 1408 2002 provinciales
1437 1960 1521 2004 pro

179 2006 247 2051 his
287 2005 444 2059 rebus,
486 2016 596 2059 quas
635 2003 694 2046 ad
732 2017 863 2048 usum
900 2004 1128 2060 proprium
1165 2003 1235 2047 vel
1274 2004 1333 2047 ad
1363 2004 1522 2048 fiscum

179 2062 376 2107 inferunt
404 2061 473 2104 vel
501 2059 738 2104 exercendi
764 2061 881 2104 ruris
910 2060 1055 2116 gratia
1082 2059 1321 2115 revehunt,
1351 2061 1523 2104 nullum

183 2123 200 2162 1
262 2117 449 2172 vectigal
477 2129 505 2160 a
533 2116 805 2160 stationariis
836 2116 1081 2172 exigantur.
1140 2115 1211 2159 Ea
1237 2129 1365 2167 vero,
1407 2129 1522 2171 quae

180 2177 305 2218 extra
330 2172 583 2230 praedictas
614 2184 773 2216 causas
802 2173 872 2216 vel
899 2172 1213 2227 negotiationis
1242 2173 1387 2228 gratia
1415 2185 1520 2228 por-

181 2232 359 2283 tantur,
412 2229 571 2273 solitae
612 2228 910 2284 praestationi
952 2228 1262 2283 subiugamus:
1311 2229 1524 2284 ⁹capitali

180 2297 326 2343 poena
359 2285 590 2342 proposita
629 2284 901 2328 stationariis
941 2288 985 2328 et
1018 2284 1202 2327 urbanis
1231 2284 1447 2328 militibus
1478 2287 1524 2328 et

183 2342 343 2387 ceteris
371 2341 573 2398 personis
590 2340 638 2392 ¹⁰,
707 2353 867 2384 uorum
907 2339 1094 2383 avaritia
1132 2340 1178 2383 id
1207 2341 1417 2395 temptari
1444 2340 1519 2383 fir-

182 2402 342 2442 matur.
400 2396 457 2441 D.
488 2408 558 2440 111
592 2396 651 2439 id.
712 2396 770 2440 ul.
805 2394 963 2455 Crispo
995 2407 1042 2439 ΙΙ
1076 2400 1123 2439 et
1151 2394 1446 2440 Constantino
1478 2408 1525 2439 II

183 2467 327 2499 oonsS.
1353 2466 1393 2496 a.
1422 2456 1500 2495 321

239 2508 271 2559 6
305 2507 488 2592 *Ἶηιῖμ
530 2506 875 2552 Valentinianus
902 2510 958 2551 'et
995 2505 1160 2551 Valens
1186 2509 1279 2552 AA.
1318 2455 1381 2551 a[d
1414 2456 1522 2552 Flo-J-

182 2567 373 2613 rentium
386 2570 400 2593 ¹
450 2564 652 2609 comitem
679 2577 917 2608 sacrarum
951 2562 1257 2621 larqitionum.
1317 2563 1518 2608 Omnium

181 2636 330 2669 rerum
358 2634 414 2665 ac
441 2633 746 2677 personarum,
788 2631 902 2674 quae
933 2619 1150 2674 privatam
1181 2620 1345 2675 degunt
1372 2620 1519 2674 vitam,

181 2682 228 2778 iln
256 2677 461 2778 &libne-33¹2
476 2676 965 2787 fugsstiigngbusluaigqua)
983 2675 1114 2774 debfi}
1151 2688 1248 2741 esse
1267 2676 1518 2775 tinspectilo.

307 2747 362 2778 oc
389 2747 407 2777 1
463 2746 489 2776 o
651 2746 681 2775 u
713 2764 725 2783 ‚
907 2745 937 2774 n
969 2745 1061 2774 nnu
1172 2745 1266 2774 r1va
1288 2745 1414 2775 orum
1442 2745 1466 2776 e
1483 2746 1520 2776 1-

181 2791 293 2836 citas
309 2791 345 2817 ¹³
373 2788 582 2843 suffragio
611 2787 849 2843 proferunt
880 2745 1169 2840 sanctiones?
1195 2787 1355 2843 quibus
1385 2789 1519 2832 vecti·

177 2847 294 2904 galia
332 2846 402 2889 vel
440 2847 589 2888 cetera
626 2843 862 2896 eiusmodi,
905 2855 1019 2899 quae
1055 2843 1213 2887 inferri
1243 2842 1354 2889 fisco
1382 2845 1520 2889 moris

178 2909 203 2947 2
273 2905 361 2956 est,
400 2901 486 2946 sibi
525 2899 736 2943 adserant
775 2911 872 2944 esse
910 2912 1138 2944 concessa.
1205 2900 1253 2943 Si
1290 2901 1387 2955 quis
1417 2913 1519 2956 ergo

208 2959 451 3003 rivatorum
491 2955 703 3000 eiusmodi
741 2955 1032 3012 rescriptione
1061 2957 1244 3008 nitatur,
1285 2969 1415 3000 cassa
1444 2969 1518 3000 ea-

177 2974 277 3060 gem
315 3014 386 3059 sit.
452 3012 730 3067 vectigalium
769 3013 884 3055 enim
923 3024 1012 3055 non
1049 3024 1188 3067 parva
1226 3012 1397 3057 functio
1437 3015 1518 3067 est,

179 3083 292 3127 quae
321 3069 453 3114 debet
481 3069 537 3111 ab
567 3068 784 3120 omnibus,
815 3069 890 3123 qui
918 3068 1230 3122 negotiationis
1261 3081 1341 3113 seu
1365 3071 1516 3113 trans-

177 3125 461 3171 ferendarum
496 3123 709 3166 mercium
746 3124 914 3167 habent
952 3136 1126 3176 curam,
1166 3136 1310 3180 aequa
1347 3125 1520 3169 ratione

180 3180 394 3238 dependi:
429 3179 465 3207 ¹⁴
475 3191 582 3223 exce
614 3178 672 3222 tis
697 3178 994 3231 naviculariis,
1027 3192 1126 3222 cum
1149 3180 1233 3223 sibi
1254 3192 1347 3223 rem
1367 3193 1521 3236 gerere

179 3237 502 3294 probabuntur.
575 3191 631 3279 Β.
677 3246 713 3277 x
753 3232 796 3277 lc.
836 3233 974 3278 Mart.
1019 3233 1270 3279 Mediolani
1323 3235 1520 3280 Valenti-

180 3294 318 3338 niano
347 3296 393 3336 et
430 3290 617 3335 Valente
643 3290 738 3334 AA.
771 3302 914 3334 conss.
1330 3294 1386 3343 [a.
1420 3296 1517 3344 365]

236 3346 266 3396 7
317 3346 533 3406 ¹⁵Imppp.
585 3345 930 3391 Valentinianus
977 3343 1143 3390 Valens
1185 3349 1232 3390 et
1274 3344 1520 3391 Gratianus

180 3405 313 3452 ΑΑΑ.
345 3403 406 3448 ad
434 3402 703 3447 Archelaum
732 3401 935 3445 comitem
955 3399 1162 3446 Orientis.
1220 3401 1292 3445 Ex
1317 3405 1518 3457 praesta-

179 3463 300 3510 tione
337 3459 618 3514 vectigalium
656 3457 823 3502 nullius
863 3457 1040 3501 omnino
1076 3457 1252 3501 nomine
1286 3457 1519 3513 quicquam

179 3519 418 3570 minuatur,
449 3515 555 3571 quin
585 3518 764 3559 octavas
794 3525 916 3557 more
939 3513 1070 3557 solito
1095 3514 1361 3557 constitutas
1392 3527 1519 3558 omne

180 3573 406 3619 hominum
435 3583 588 3626 genus,
620 3569 738 3627 quod
769 3570 1040 3613 commerciis
1070 3569 1259 3613 voluerit
1287 3569 1517 3624 interesse,

182 3629 426 3686 dependat,
465 3627 587 3671 nulla
624 3639 757 3682 super
784 3626 872 3670 hoc
899 3625 1150 3668 militarium
1178 3638 1469 3682 personarum
1485 3627 1520 3653 ¹⁶

182 3685 442 3741 exceptione
471 3682 687 3727 facienda.
746 3680 840 3726 ΡΡ.
871 3681 1047 3739 Beryto
1079 3693 1171 3725 IIII
1196 3681 1239 3725 lc.
1257 3681 1387 3725 Febr.
1406 3687 1521 3739 post

182 3741 464 3787 consulatum
504 3737 809 3783 Valentiniani
837 3741 883 3781 et
920 3737 1123 3782 Valentis
1150 3738 1243 3782 AA.
1299 3742 1356 3791 [a.
1389 3738 1518 3790 3662]

239 3795 270 3845 8
305 3795 519 3853 ¹⁷Imppp.
554 3793 798 3838 Gratianus
829 3792 1219 3837 Valentinianus²⁸
1245 3798 1291 3838 et
1320 3792 1521 3838 Theodo-

180 3854 276 3898 sius
313 3851 445 3897 AAA.
483 3849 694 3894 Palladio
740 3849 892 3893 comiti
935 3862 1170 3894 sacrarum
1214 3849 1519 3907 larqitionum.

183 3911 223 3953 A
256 3907 415 3964 legatis
450 3906 648 3962 gentium
685 3905 942 3949 devotarum
971 3918 1026 3949 ex
1052 3906 1121 3949 his
1150 3908 1324 3949 tantum
1354 3906 1519 3962 specie-

182 4053 234 4107 (1)
264 4054 323 4094 sic
351 4052 404 4101 R,
435 4050 562 4103 possit
591 4047 666 4090 PC
775 4049 831 4100 (2)
861 4048 905 4088 B
935 4049 1003 4097 56,
1029 4056 1062 4088 4.
1091 4070 1147 4078 -
1181 4046 1242 4101 Cf.
1267 4048 1368 4102 Diy.
1401 4049 1467 4098 39,
1497 4055 1518 4088 4

181 4111 237 4163 (3)
265 4107 318 4149 lis
342 4106 385 4160 C,
410 4106 476 4147 vel
500 4106 577 4158 Ra,
602 4104 677 4146 lite
700 4101 762 4144 13⁶
832 4103 887 4155 (4)
916 4123 974 4139 ==
1003 4103 1076 4144 Th.
1104 4105 1144 4156 4,
1170 4113 1223 4155 12,
1251 4113 1266 4145 1
1340 4103 1395 4155 (5)
1421 4115 1517 4143 con-

182 4164 358 4205 sularem
393 4161 594 4204 Aemiliae
636 4162 753 4202 addit
794 4160 866 4200 Th.
1007 4160 1064 4212 (6)
1099 4161 1149 4199 ut
1187 4162 1280 4201 dett.
1312 4175 1396 4201 cum
1431 4158 1517 4210 Th„

183 4236 256 4262 om.
275 4219 348 4262 GR
405 4218 460 4272 (7)
489 4221 548 4259 sic
564 4219 656 4259 dett.
675 4231 759 4257 cum
779 4216 865 4267 Th,
895 4215 1138 4267 praestitum
1157 4214 1229 4256 CR
1294 4216 1354 4267 (8)
1370 4235 1424 4251 ε
1445 4215 1516 4256 Th.

182 4278 223 4328 4,
250 4285 306 4327 12,
337 4284 358 4316 2
499 4273 556 4327 (9)
588 4288 690 4327 quae
718 4279 948 4325 sequuntur,
984 4286 1032 4312 ex
1065 4271 1137 4312 Th.
1167 4273 1208 4322 4,
1237 4280 1292 4323 12,
1323 4281 1343 4313 3
1374 4272 1518 4312 addita

181 4341 273 4374 sunt
393 4331 470 4382 (10)
514 4329 661 4371 ceteris
698 4326 898 4382 personis]
939 4326 1074 4366 tertiis
1111 4327 1397 4379 Augustanfis]
1444 4327 1515 4367 le.

182 4389 251 4438 (11)
281 4407 335 4423 ===
369 4387 441 4427 Th.
475 4388 540 4436 11,
570 4394 624 4437 12,
654 4394 674 4426 3
817 4382 892 4434 (12)
922 4384 982 4423 sic
1015 4382 1103 4433 Th„
1131 4382 1279 4424 florum
1311 4381 1433 4430 SUB,
1465 4384 1516 4434 cs.

186 4445 250 4495 10,
267 4451 325 4495 72,
340 4452 360 4485 4
444 4443 518 4494 (13)
541 4442 600 4483 sic
629 4441 716 4492 Th„
740 4439 910 4479 illicitas
932 4439 984 4488 R,
1009 4437 1173 4478 inlicita
1192 4437 1223 4479 G
1307 4442 1380 4492 (14)
1397 4441 1519 4479 verba

185 4507 356 4540 extrema
386 4513 434 4539 esc
463 4498 533 4538 Th.
555 4499 619 4547 13,
635 4507 669 4549 5,
686 4505 730 4538 24
762 4497 907 4536 addita
933 4503 1026 4535 sunt
1095 4495 1169 4546 (15)
1194 4514 1251 4530 ε-
1278 4496 1349 4536 ΤΙι.
1369 4497 1406 4543 4,
1425 4503 1477 4544 12,
1497 4503 1516 4534 6

185 4555 261 4608 (16)
290 4566 554 4607 personarum
579 4568 651 4594 om.
674 4554 744 4593 Th.
820 4551 893 4602 (17)
919 4571 973 4586 =
1003 4549 1074 4591 Th.
1101 4551 1141 4600 4,
1163 4559 1218 4599 12,
1242 4559 1262 4592 8
1336 4552 1412 4600 (18)
1436 4549 1516 4588 val.

184 4609 342 4663 (valens
364 4607 414 4660 C)
439 4611 545 4662 grat.
575 4609 669 4650 libri
763 4609 838 4659 (19)
864 4628 918 4643 ε-
948 4606 1019 4647 ΤΙι.
1038 4608 1077 4658 4,
1094 4613 1148 4656 12,
1165 4615 1186 4648 9
1284 4609 1364 4659 (2ο)
1386 4607 1444 4646 sic
1474 4603 1517 4651 0,

1521 120 1615 179 187

2589 124 2692 175 ΠΗ
2733 126 2934 178 60-62

1607 278 1712 332 bus,
1754 289 1864 332 quas
1895 276 1948 321 de
1975 275 2084 320 locis
2113 276 2326 332 propriis,
2369 277 2485 322 unde
2523 277 2809 333 conveniunt,
2848 276 2938 326 huc

1606 333 1858 389 deportant,
1912 331 2125 377 octavarii
2161 333 2346 387 vectigal
2383 334 2631 390 accipiant:
2689 347 2799 390 quas
2833 347 2937 379 vero

1606 402 1661 433 ex
1696 389 1895 433 Romano
1935 389 2056 439 solo,
2098 399 2210 442 quae
2249 394 2353 432 sunt
2386 392 2535 434 tamen
2562 391 2658 446 lege
2688 402 2938 443 concessae,

1606 444 1663 488 ad
1705 445 1888 501 propria
1931 443 2158 496 deferunt,
2207 444 2287 488 has
2332 446 2528 489 habeant
2568 459 2596 490 a
2638 445 2940 502 praestatione

1604 501 1815 545 immunes
1864 514 1918 545 ac
1964 500 2139 544 liberas.
2216 498 2272 544 D.
2303 501 2428 559 prid.
2469 515 2572 545 non.
2605 500 2691 544 Iul.
2724 499 2940 544 Constan-

1608 556 1811 613 tinopoli.
1852 570 1944 601 aco.
1990 567 2071 600 ΧΠ
2117 554 2161 599 lc.
2205 557 2320 614 Auq.
2367 556 2567 615 Syaqrio
2617 561 2662 599 et
2713 554 2941 662 Epchggzss

1607 624 1753 654 conss.
2774 622 2816 653 a.

1661 663 1692 712 9
1730 665 1891 710 ¹⁹Idem
1920 668 2052 711 AAA.
2083 662 2309 710 ffPalladio
2342 667 2496 712 comiti
2531 677 2766 710 sacrarum
2804 663 2944 721 larqi-

1607 720 1788 764 tionum.
1847 721 2190 778 Usurpationem
2223 723 2363 767 totius
2400 722 2607 766 licentiae
2635 720 2944 763 submovemus

1607 776 1725 820 circa
1777 776 1966 830 vectigal
2009 778 2292 821 alabarchiae
2305 778 2343 804 ²⁰
2393 790 2474 832 per
2518 777 2767 831 Aegyptum
2810 776 2946 829 atque

1604 831 2002 885 Augustamnicam
2043 834 2330 876 constitutum
2344 865 2354 883 ‚
2394 831 2591 886 nihilque
2630 842 2763 884 super
2797 831 2944 872 trans-

1606 886 1812 930 ductione
1854 885 2132 936 animalium,
2186 898 2300 941 quae
2354 885 2450 929 sine
2493 885 2769 940 praebitione
2814 884 2946 928 solita

1604 941 1782 986 minime
1825 940 2122 997 permittenda
2163 945 2252 994 est,
2306 941 2556 984 temeritate
2602 952 2682 996 per
2724 940 2947 983 licentiam

1604 997 1819 1042 vindicari
1850 996 2143 1040 concedimus.

1663 1052 1727 1100 10
1760 1052 1907 1111 Impp.
1922 1051 2149 1096 Arcadius
2170 1056 2215 1096 et
2240 1050 2476 1096 Honorius
2495 1052 2588 1095 AA.
2606 1049 2842 1095 Anthemio
2862 1064 2944 1108 pp.

1605 1109 1872 1165 Vectigalia,
1923 1120 2225 1164 quaecumque
2265 1107 2494 1162 quaelibet
2532 1107 2732 1152 civitates
2769 1106 2855 1150 sibi
2893 1119 2948 1150 ac

1606 1166 1699 1211 suis
1739 1165 1874 1209 curiis
1923 1164 1981 1208 ad
2029 1163 2337 1220 angustiarum
2380 1176 2563 1208 suarum
2603 1162 2773 1207 solacia
2814 1174 2947 1227 quae-

1607 1223 1800 1273 sierunt,
1850 1220 1941 1264 sive
1989 1220 2068 1264 illa
2118 1220 2424 1264 functionibus
2469 1220 2702 1263 curialium
2745 1217 2949 1263 ordinum

1606 1278 1842 1334 profutura
1878 1278 2031 1321 sunt²²
2070 1289 2149 1320 seu
2189 1277 2452 1332 quibuscum
2484 1288 2540 1319 ue
2577 1275 2674 1319 aliis
2709 1274 2950 1319 earundem

1607 1333 1834 1377 civitatum
1873 1333 2029 1376 usibus
2068 1332 2355 1387 designantur
2366 1333 2419 1386 ²²,
2492 1344 2587 1375 rma
2624 1331 2693 1375 his
2729 1334 2863 1387 atque
2891 1330 2950 1374 ad

1605 1389 1859 1434 habendum
1883 1391 2102 1444 perpetua
2126 1401 2305 1432 manere
2328 1388 2623 1445 praecipimus
2649 1399 2792 1442 neque
2815 1387 2950 1431 ullam

1606 1445 1873 1545 coratrariam
1913 1445 2261 1501 supplicantium
2300 1457 2434 1500 super
2471 1444 2542 1488 his
2581 1443 2827 1488 molestiam
2856 1442 2949 1487 for-

1605 1516 1666 1545 m1
1697 1515 1778 1544 ar1.

1664 1556 1720 1603 11
1762 1556 1889 1600 Idem
1920 1556 2011 1599 AA.
2044 1554 2296 1613 lampadio
2318 1555 2447 1614 pp.‘²³
2511 1554 2557 1598 Si
2595 1556 2693 1611 quis
2724 1555 2819 1599 sine
2847 1568 2948 1611 per-

1607 1626 1717 1657 sona
1744 1612 2011 1667 mancipum,
2039 1610 2086 1654 id
2116 1613 2185 1654 est
2206 1611 2448 1654 salinarum
2471 1611 2802 1664 conductorum,
2834 1612 2949 1655 sales

1608 1669 1763 1713 emerit
1800 1669 2044 1711 vendereve
2074 1667 2375 1721 temptaverit,
2418 1667 2508 1710 sive
2546 1668 2726 1723 propria
2761 1667 2949 1711 audacia

1607 1726 1699 1769 sive
1727 1725 1883 1768 nostro
1912 1722 2109 1765 munitus
2139 1723 2334 1777 oraculo,
2366 1722 2483 1766 sales
2512 1722 2598 1779 ipsi
2627 1736 2718 1766 una
2749 1736 2849 1766 cum
2875 1736 2949 1768 eo-

1605 1793 1704 1823 rum
1733 1779 1878 1834 pretio
1908 1778 2188 1834 mancipibus
2218 1778 2497 1822 addicantur.

1664 1834 1729 1881 12
1771 1833 1920 1892 Impp.
1962 1833 2200 1878 Honorius
2236 1839 2283 1878 et
2322 1833 2600 1879 Theodosius
2626 1834 2719 1878 AA.
2762 1833 2950 1878 Gaisoni

1606 1891 1758 1935 comiti
1809 1903 2046 1934 sacrarum
2099 1889 2394 1948 larqitionum
2404 1890 2453 1933 ²⁴.
2527 1889 2749 1946 Quidquid
2795 1893 2953 1935 contra

1607 1946 1844 2002 vectigales
1887 1946 2232 2000 largitionalium
2274 1946 2506 1992 titulorum
2547 1947 2617 1990 vel
2666 1947 2951 2003 pragmaticis

1606 2002 1746 2047 sacris
1795 2003 1865 2047 vel
1912 2002 2279 2046 adnotationibus
2327 2002 2468 2046 fuerit
2516 2002 2734 2059 elicitum,
2793 2002 2953 2048 effectu

1606 2062 1652 2104 et
1687 2059 1855 2103 viribus
1897 2071 2050 2102 care-re
2090 2071 2335 2103 censemus.
2403 2058 2459 2104 D.
2500 2070 2620 2103 VJJJJ
2654 2058 2698 2103 lc.
2734 2058 2828 2104 Oct.
2858 2058 2950 2103 Ra-

1605 2129 1786 2160 vennae.
2622 2118 2678 2168 [a.
2710 2118 2948 2168 408-412]

1664 2168 1728 2218 13
1762 2169 1903 2229 2⁵Imp
1941 2205 1950 2215 .
1979 2169 2259 2215 Theodosius
2287 2175 2333 2215 et
2357 2170 2704 2215 Valentinianus
2726 2171 2818 2216 AA.
2846 2171 2952 2215 Fla-

1605 2227 1739 2272 viano
1762 2241 1846 2285 pp.
1934 2226 2106 2282 xceptis
2128 2227 2197 2272 his
2222 2227 2525 2282 vectigalibus,
2557 2240 2670 2282 quae
2694 2227 2752 2271 ad
2775 2239 2951 2271 sacrum

1604 2283 1915 2339 patrimonium
1954 2286 2158 2326 nostrum
2197 2295 2474 2338 quocumque
2511 2286 2712 2338 tempore
2739 2296 2950 2339 pervene-

1604 2343 1722 2391 runt,
1754 2341 1905 2383 cetera
1915 2340 1953 2365 ²⁶
1991 2339 2056 2382 rei
2094 2339 2301 2394 publicae
2330 2339 2555 2383 civitatum
2585 2342 2719 2395 atque
2748 2339 2951 2383 ordinum

1604 2394 1850 2438 aestimatis
1890 2394 2153 2449 dispendiis,
2195 2407 2308 2450 quae
2340 2408 2422 2450 pro
2453 2395 2646 2450 publicis
2675 2396 2950 2439 necessitati-

1605 2452 1690 2495 bus
1730 2450 1922 2494 tolerare
1959 2464 2050 2493 non
2088 2450 2319 2500 desinunt,
2359 2454 2661 2502 reserventur,
2703 2464 2804 2495 cum
2837 2450 2950 2495 duas

1604 2506 1831 2563 portiones
1875 2507 2048 2550 aerario
2092 2510 2244 2550 nostro
2290 2506 2485 2551 conferri
2536 2507 2686 2564 prisca
2727 2506 2949 2552 institutio

1605 2563 1908 2617 disposuerat:
1955 2567 2089 2617 atque
2125 2562 2243 2606 hanc
2283 2565 2461 2608 tertiam
2503 2565 2705 2609 iubemus
2749 2565 2860 2609 adeo
2903 2563 2950 2608 in

1606 2619 1780 2662 dicione
1790 2620 1828 2645 2⁷
1855 2619 2029 2662 urbium
2045 2619 2404 2675 municipumque
2421 2620 2674 2670 consistere,
2705 2623 2757 2664 ut
2781 2622 2950 2677 proprii

1606 2674 1854 2732 compendii
1884 2688 2035 2719 curam
2066 2689 2157 2719 non
2186 2675 2233 2719 in
2273 2677 2417 2720 alieno
2447 2677 2595 2731 potius
2626 2689 2757 2731 quam
2786 2678 2834 2720 in
2868 2690 2949 2722 suo

1608 2738 1627 2775 1
1689 2732 1873 2775 arbitrio
1914 2731 2116 2774 noverint
2156 2732 2459 2776 constitutam.
2519 2732 2790 2788 Designatae
2818 2733 2950 2788 igitur

1606 2788 1879 2832 consortium
1906 2788 2123 2844 portionis
2154 2791 2338 2832 eatenus
2361 2788 2450 2831 iuri
2475 2788 2678 2832 ordinum
2703 2789 2949 2833 civitatum-

1605 2856 1690 2900 que
1720 2843 1961 2887 obnoxium
1989 2846 2188 2898 maneat,
2228 2848 2279 2888 ut
2319 2845 2451 2888 etiam
2478 2844 2656 2889 locandi
2685 2845 2839 2900 quanti
2868 2858 2950 2890 sua

1603 2900 1790 2944 interest
1817 2899 2043 2943 licentiam
2074 2899 2159 2944 sibi
2188 2901 2391 2945 noverint
2419 2901 2718 2945 contributam
2731 2902 2788 2941 2⁸.

2180 3071 2369 3119 ΙΛΧΙΙ.29

1688 3151 2038 3193 VECTIGALIA
2066 3151 2220 3193 NOVA
2249 3150 2498 3192 INSTITUI
2528 3151 2646 3192 NON
2674 3152 2854 3193 POSSE.

1663 3232 1687 3281 1
1725 3232 1794 3276 Im
1863 3268 1871 3277 .
1905 3232 2097 3277 Severus
2135 3236 2181 3276 et
2206 3232 2463 3277 Antoninus
2490 3233 2582 3276 AA.
2618 3231 2758 3279 Gavio
2800 3234 2947 3279 Victo-

1603 3290 1719 3334 rino.
1824 3302 1882 3333 on
1911 3287 2086 3344 quidem
2114 3290 2279 3332 temere
2307 3288 2601 3344 permittenda
2639 3293 2707 3333 est
2735 3302 2946 3335 novorum

1605 3345 1882 3400 vectigalium
1922 3344 2120 3388 exactio:
2163 3344 2241 3388 sed
2282 3345 2321 3388 si
2360 3344 2472 3389 adeo
2511 3345 2657 3389 tenuis
2696 3350 2765 3390 est
2801 3348 2947 3402 patria

1603 3405 1704 3453 tua,
1743 3405 1795 3444 ut
1833 3399 2182 3444 extraordinario
2213 3400 2382 3445 auxilio
2411 3401 2553 3444 iuvari
2584 3401 2758 3453 debeat,
2793 3403 2948 3459 adlega

1605 3456 1797 3513 praesidi
1835 3456 2090 3512 provinciae
2130 3469 2242 3512 quae
2281 3457 2328 3500 in
2356 3457 2554 3501 libellum
2583 3459 2832 3502 contulisti:
2871 3459 2944 3515 qui

1605 3526 1654 3556 re
1685 3513 1917 3568 diligenter
1944 3512 2148 3567 inspecta
2185 3512 2426 3557 utilitatem
2455 3526 2730 3558 communem
2758 3515 2945 3559 intuitus

1605 3569 1772 3613 scribet
1807 3568 1935 3611 nobis
1976 3580 2090 3623 quae
2129 3569 2415 3624 compererit,
2460 3572 2506 3614 et
2542 3582 2601 3612 an
2641 3570 2848 3614 habenda
2887 3571 2946 3615 sit

2731 3625 2826 3670 ΡΡ.
2867 3638 2947 3670 XII

1605 3680 1648 3724 k'
1661 3681 1864 3782 2Aulqdem
1912 3736 2005 3780 AA.
2061 3735 2304 3781 Venatio—³0
2351 3735 2627 3781 callistiano.
2698 3736 2944 3792 Vectigalia

1604 3805 1719 3837 nova
1749 3806 1831 3837 nec
1861 3792 2040 3836 decreto
2072 3792 2299 3837 civitatum
2327 3792 2497 3836 institui
2524 3797 2725 3849 possunt.

1662 3846 1692 3896 3
1738 3848 1884 3906 Impp.
1941 3846 2210 3893 Valerianus
2261 3854 2307 3893 et
2349 3847 2579 3892 Gallienus
2619 3849 2712 3892 AA.
2756 3847 2941 3893 Aurelio

1608 3904 1750 3949 Tusco
1791 3910 1835 3949 et
1872 3903 1988 3948 aliis.
2055 3903 2159 3948 Non
2197 3905 2340 3949 solent
2375 3916 2488 3947 nova
2516 3904 2749 3958 vectigalia
2786 3904 2941 3948 incon-

1604 3625 1718 3668 ratio
1762 3625 1896 3668 vestri
1942 3626 1986 3667 et
2028 3627 2267 3680 quatenus,
2314 3626 2657 3670 aestimabimus.

1601 4045 1864 4086 arabarchiae
1884 4045 1938 4095 R,
1970 4047 2023 4096 cf.
2039 4046 2262 4088 Iustiniani
2289 4047 2457 4086 edictum
2487 4053 2508 4085 2
2537 4059 2568 4085 c.
2588 4053 2621 4085 2.
2638 4053 2658 4085 3
2690 4044 2942 4097 Marquardt

1603 4101 1995 4156 Staatsverwaltunq
2023 4106 2058 4154 1,
2086 4111 2156 4145 289
2251 4103 2325 4153 (21)
2355 4102 2453 4140 sunt
2475 4099 2567 4151 PR,
2597 4116 2668 4141 om.
2691 4098 2724 4141 C
2778 4103 2856 4152 (22)
2881 4102 2940 4141 sic

1604 4158 1695 4208 PR,
1735 4157 1995 4198 destinantur
2032 4157 2067 4199 G
2205 4159 2282 4211 (23)
2313 4169 2382 4208 pu.
2417 4154 2538 4204 Colm,
2571 4157 2624 4209 cs
2659 4155 2791 4197 Orelli
2818 4157 2936 4196 inser.

1604 4216 1640 4263 3,
1660 4222 1774 4255 7215a
1846 4213 1925 4267 (24)
1953 4215 2077 4255 locum
2108 4214 2313 4262 Gaisonis,
2341 4213 2413 4265 qm·
2434 4212 2645 4252 secundum
2674 4212 2744 4252 Th.
2770 4213 2810 4262 9,
2827 4220 2937 4261 38,11

1604 4286 1641 4310 a.
1672 4278 1736 4311 410
1776 4283 1871 4310 com.
1901 4283 1934 4310 s.
1968 4270 2069 4324 lar-9.
2091 4272 2191 4324 fuit,
2232 4284 2269 4309 a.
2302 4276 2364 4309 412
2404 4269 2526 4308 tenuit
2554 4267 2731 4318 Probus,
2775 4267 2825 4320 cf.
2863 4265 2935 4306 Th.

1604 4327 1642 4373 8,
1659 4334 1694 4376 4,
1712 4333 1754 4366 24
1814 4324 1893 4378 (25)
1908 4327 2091 4378 fiir-tasse
2113 4325 2317 4380 iunyenda
2341 4332 2399 4364 est
2427 4325 2491 4373 11,
2508 4332 2564 4365 75.
2584 4333 2602 4362 5
2662 4322 2743 4373 (26)
2767 4323 2827 4363 sic
2850 4319 2935 4368 Mb,

1603 4383 1830 4422 ceterarum
1858 4379 2005 4422 CRMa
2090 4382 2169 4434 (27)
2197 4381 2242 4421 in
2266 4379 2427 4419 dicione
2456 4376 2536 4426 Mb,
2568 4379 2612 4416 in
2634 4377 2875 4417 condicione
2892 4377 2935 4427 C,

1602 4436 1830 4477 indictione
1859 4437 1914 4487 R,
1943 4436 2184 4478 inductione
2215 4437 2286 4476 Ma
2400 4435 2480 4485 (28)
2511 4435 2560 4473 D.
2593 4446 2643 4472 111
2675 4434 2713 4472 k.
2734 4432 2833 4473 Mai.
2854 4432 2934 4472 Ra-

1601 4505 1757 4532 vennae
1771 4494 1895 4532 Basso
1925 4495 1965 4532 et
1980 4494 2186 4533 Antiocho
2215 4503 2342 4531 conss,
2377 4491 2432 4542 (a.
2451 4490 2527 4539 431)
2561 4491 2620 4538 ll,
2639 4498 2695 4540 75,
2714 4499 2732 4530 5
2792 4489 2873 4539 (29)
2892 4489 2935 4528 Β

1602 4551 1667 4598 56,
1699 4557 1720 4589 4
1833 4550 1912 4600 (30)
1941 4548 2137 4589 Ventidio
2167 4564 2243 4588 scr.

2516 4669 2601 4711 24*
