3106 4724
134 123 630 204 'f'uuaMADMonum

112 279 124 339 η’
191 284 553 340 ‚quemadmodum
582 284 723 326 civilia
749 293 921 324 munera
949 281 1193 322 indicuntur
1253 280 1295 323 0.
1329 281 1392 330 10,
1424 279 1476 318 43

192 340 553 396 quemadmodum
581 340 795 382 servitutes
822 338 1072 378 amittuntur
1129 339 1181 379 D.
1213 340 1251 390 8,
1282 339 1307 378 6

98 395 131 436 .”
193 399 270 451 qui
296 409 486 437 accusare
514 410 599 437 non
625 395 796 450 possunt
852 391 895 434 G.
925 395 966 445 9,
1002 396 1017 434 1

98 456 110 492 y
193 455 271 506 qui
297 452 460 493 admitti
498 452 549 492 ad
583 452 782 493 bonorum
807 448 1098 500 possessionem
1126 449 1298 502 possunt
1333 447 1375 486 et
1408 443 1520 484 intra

274 507 385 560 quod
412 511 574 561 tempus
629 505 672 548 C.
702 507 742 558 6,
771 505 796 546 9

195 565 271 617 qui
297 566 431 605 aetate
489 563 532 606 0.
561 566 602 615 5,
630 564 681 604 67

195 621 273 672 qui
297 622 430 660 aetate
456 631 499 659 se
525 617 719 659 excusant
778 613 819 656 0.
855 617 919 666 10,
950 617 1001 656 50

195 677 272 728 qui
297 675 417 716 bonis
441 673 584 715 cedere
608 673 779 725 possunt
838 668 880 712 C.
912 673 950 722 7,
981 674 1030 712 71

195 732 351 783 quibus
375 730 428 772 ad
453 727 764 771 conductionem
797 726 1058 778 praediorum
1095 725 1294 766 fiscalium
1330 721 1521 764 accedere

276 798 362 828 non
387 785 487 828 licet
543 782 584 825 0.
619 785 682 835 11,
713 784 765 823 73

196 844 351 896 quibus
374 841 427 883 ad
451 837 682 880 libertatem
709 836 963 890 proclamare
991 850 1075 877 non
1103 837 1203 877 licet
1256 835 1309 876 D.
1341 835 1408 885 40,
1442 833 1492 873 13

195 898 350 952 quibus
373 894 426 937 ad
451 893 682 934 libertatem
709 893 963 946 proclamare
999 906 1084 933 non
1114 893 1212 933 lieet
1246 894 1287 932 et
1322 889 1372 930 de
1399 888 1522 929 rebus

274 963 436 1046 80111111θ
445 948 519 1001 qui
546 948 598 989 ad
624 948 857 990 libertatem
885 948 1138 1001 proclamare
1176 961 1260 988 non
1297 944 1520 1000 prohiben-

273 1008 345 1048 tux
432 1036 444 1047 .
479 1006 519 1056 7,
550 1006 600 1047 18

89 1087 149 1108 .=
369 1059 550 1101 alienare
579 1060 679 1101 licet
707 1058 772 1101 vel
801 1073 887 1100 non
943 1060 981 1101 J.
1013 1062 1052 1112 2,
1083 1062 1106 1102 8

98 1126 106 1164 ’,·
132 1115 145 1142 ἲ
188 1117 344 1171 quibus
371 1127 420 1156 ex
446 1116 580 1157 causis
607 1116 653 1156 in
680 1116 972 1169 possessionem
1001 1118 1118 1156 eatur
1174 1115 1228 1156 D.
1259 1115 1327 1166 42,
1356 1114 1383 1154 4

188 1172 342 1227 quibus
369 1183 419 1212 ex
446 1173 579 1213 causis
606 1173 781 1212 maiores
818 1172 863 1212 in
892 1173 1102 1223 integrum
1141 1170 1419 1211 restituuntur
1478 1163 1520 1206 G.

187 1258 342 1337 quibus
367 1282 499 1323 modis
524 1284 591 1324 ius
618 1283 832 1335 potestatis
860 1282 1036 1323 solvitur
1091 1283 1129 1323 J.
1166 1283 1200 1333 1,
1234 1282 1283 1322 12

186 1340 342 1392 quibus
368 1338 501 1379 modis
528 1339 728 1392 obligatio
758 1339 923 1379 tollitur
978 1339 1018 1380 J.
1048 1341 1086 1390 3,
1119 1340 1170 1379 29

185 1395 340 1448 quibus
366 1393 499 1435 modis
525 1396 678 1448 pignus
706 1394 770 1435 vel
801 1395 1029 1448 hypotheca
1056 1393 1233 1434 solvitur
1288 1391 1342 1431 D.
1373 1391 1440 1442 20,
1467 1389 1492 1429 6

186 1452 342 1504 quibus
368 1451 501 1491 modis
527 1465 572 1492 re
599 1451 861 1492 contrahitur
890 1449 1090 1502 obligatio
1146 1449 1184 1490 J.
1217 1451 1256 1500 3,
1290 1449 1340 1488 14

185 1507 343 1560 quibus
369 1506 502 1547 modis
529 1510 772 1548 testamenta
799 1507 1064 1546 infirmantur
1119 1504 1158 1545 J.
1189 1506 1227 1554 2,
1263 1505 1310 1544 17

186 1564 342 1615 quibus
369 1562 500 1604 modis
526 1563 659 1604 tutela
686 1562 832 1603 finitur
888 1562 926 1603 J.
963 1564 999 1614 1,
1028 1562 1081 1602 22

186 1619 341 1671 quibus
367 1618 499 1658 modis
527 1631 624 1658 usus
651 1618 813 1658 fructus
851 1616 918 1656 vel
950 1629 1047 1656 usus
1075 1614 1284 1656 amittitur
1339 1612 1393 1653 D.
1426 1613 1465 1664 7,
1488 1613 1521 1675 ,4

185 1675 341 1727 quibus
366 1673 606 1714 muneribus
634 1674 883 1714 excusantur
910 1673 943 1712 ii
984 1672 1058 1723 qui
1084 1674 1177 1724 post
1203 1668 1415 1721 impletam
1443 1680 1521 1706 1111-

266 1728 402 1770 litiam
445 1728 512 1769 181
546 1729 854 1770 advocationem
895 1742 970 1781 per
1011 1726 1245 1781 provincias
1286 1724 1371 1765 suis
1414 1736 1520 1763 com-

266 1785 399 1826 modis
426 1788 616 1825 vacantes
644 1787 950 1826 commorantur
979 1787 1020 1824 et
1048 1783 1098 1823 de
1120 1781 1353 1835 privilegiis
1380 1792 1521 1821 eorum

185 1897 234 1938 de
262 1839 418 1950 gabli&
444 1843 686 1938 {funeribus
723 1896 788 1936 vel
816 1893 1164 1948 praestationibus
1202 1892 1360 1934 nemini
1398 1891 1524 1932 liceat

267 1966 310 1994 se
337 1965 528 1994 excusare
587 1951 630 1994 C.
666 1954 729 2004 10,
758 1953 812 1993 49

184 2010 340 2061 quibus
365 2021 451 2050 non
479 2008 674 2062 competit
701 2007 904 2048 bonorum
931 2005 1129 2059 possessio
1185 2005 1242 2046 D.
1272 2006 1339 2056 38,
1377 2007 1422 2045 13

186 2065 341 2117 quibus
367 2077 452 2106 non
482 2067 542 2105 est
568 2064 810 2117 permissum
837 2064 1082 2104 testamenta
1108 2061 1242 2102 facere
1300 2060 1338 2104 J.
1370 2062 1409 2112 2,
1444 2061 1492 2101 12

186 2122 341 2173 quibus
382 2133 465 2162 non
508 2120 714 2161 obiciatur
755 2119 873 2172 longi
915 2117 1113 2171 temporis
1147 2117 1418 2170 praescriptio
1479 2115 1521 2159 C.

186 2231 235 2272 de
265 2207 418 2284 quibus
445 2231 567 2272 rebus
594 2231 647 2271 ad
675 2230 850 2271 eundem
876 2230 1057 2271 iudicem
1085 2231 1203 2270 eatur
1259 2229 1314 2271 D.
1349 2231 1413 2282 11,
1444 2230 1467 2270 2

0 2294 5 2338 ᾗ
20 2282 45 2352 ξ
185 2290 340 2341 quibus
370 2300 436 2328 res
462 2287 646 2328 iudicata
673 2300 759 2327 non
788 2289 910 2327 nocet
970 2285 1012 2328 C.
1044 2288 1084 2338 7,
1115 2287 1168 2328 56

2 2374 3 2377 ,
185 2345 263 2396 qui
288 2343 385 2384 dare
412 2345 570 2384 tutores
607 2342 672 2384 vel
701 2346 911 2383 curatores
948 2345 989 2383 et
1025 2341 1099 2393 qui
1127 2340 1218 2381 dari
1246 2342 1419 2392 possunt
1478 2338 1520 2382 C.

185 2457 263 2508 qui
290 2431 382 2495 dari
407 2456 566 2495 tutores
593 2455 837 2494 testamento
863 2457 1035 2504 possunt
1090 2453 1128 2494 J.
1163 2455 1199 2505 1,
1235 2455 1285 2494 14

185 2513 262 2564 qui
289 2513 331 2551 et
357 2509 551 2551 adversus
588 2522 690 2561 quos
716 2509 764 2549 in
792 2509 1002 2560 integrum
1031 2508 1195 2548 restitui
1230 2521 1315 2548 non
1350 2508 1524 2559 possunt

186 2623 263 2674 qui
290 2623 333 2662 et
359 2597 387 2662 a,
411 2620 562 2673 quibus
581 2618 821 2660 manumissi
842 2618 965 2658 liberi
993 2631 1076 2659 non
1106 2618 1213 2658 fiunt
1242 2621 1284 2660 et
1310 2618 1363 2658 ad
1391 2617 1523 2670 legem

270 2676 430 2718 Aeliam
458 2676 642 2717 Sentiam
698 2676 753 2717 D.
783 2677 852 2727 40,
880 2675 906 2715 9

185 2734 263 2786 qui
290 2735 331 2773 et
358 2731 509 2784 quibus
536 2744 586 2772 ex
605 2732 738 2772 causis
757 2729 1048 2771 manumittere
1068 2741 1152 2770 non
1172 2732 1344 2782 possunt
1386 2730 1425 2773 J.
1445 2733 1481 2783 1,
1498 2732 1522 2770 6

185 2789 262 2841 qui
289 2799 338 2828 ex
368 2787 519 2839 quibus
546 2787 679 2827 causis
706 2787 997 2827 manumittere
1026 2798 1111 2826 non
1139 2789 1312 2838 possunt
1368 2786 1407 2827 J.
1431 2788 1465 2838 1,
1498 2789 1522 2828 6

185 2845 262 2897 qui
296 2844 430 2884 facere
467 2844 757 2884 testamentum
798 2844 971 2894 possunt
1012 2840 1078 2882 vel
1120 2854 1206 2881 non
1247 2843 1420 2894 possunt
1479 2840 1520 2884 C.

186 2957 263 3008 qui
298 2931 532 3007 ’legitimam
573 2966 788 3006 personam
829 2953 876 2993 in
918 2952 1087 2994 iudiciis
1127 2952 1282 2994 habent
1329 2953 1394 2994 vel
1437 2966 1522 2994 non

187 3069 263 3120 qui
288 3042 579 3107 mariumittere
607 3077 691 3105 non
718 3066 891 3117 possunt
926 3065 967 3105 et
1004 3076 1057 3105 ne
1094 3063 1140 3104 in
1169 3064 1355 3105 fraudem
1391 3065 1521 3105 credi-

269 3125 406 3164 torum
433 3121 752 3163 manumittatur
813 3119 854 3162 C.
888 3122 926 3173 7,
962 3121 1005 3162 11

187 3180 266 3232 qui
291 3177 471 3219 militare
497 3179 670 3230 possunt
698 3175 762 3216 vel
797 3188 883 3217 non
923 3177 964 3216 et
1001 3175 1051 3216 de
1080 3176 1206 3216 servis
1241 3176 1293 3216 ad
1328 3175 1522 3216 militiam

270 3234 335 3274 vel
379 3233 624 3286 dignitatem
666 3231 972 3285 adspirantibus
1018 3234 1060 3272 et
1106 3234 1155 3272 ut
1202 3245 1321 3272 nemo
1364 3231 1523 3285 duplici

270 3289 422 3330 militia
461 3289 527 3329 vel
570 3288 774 3339 dignitate
822 3289 862 3327 et
903 3287 1057 3327 militia
1103 3287 1227 3327 simul
1275 3290 1419 3328 utatur
1478 3288 1522 3330 C.

189 3403 267 3454 qui
294 3377 436 3440 m’orbo

189 3459 266 3510 qui
293 3469 378 3497 11011
404 3455 576 3508 possunt
603 3452 655 3494 ad
682 3452 914 3494 libertatem
942 3452 1157 3505 pervenire
1216 3452 1259 3495 C.
1291 3456 1330 3506 7,
1363 3456 1411 3495 12

189 3515 267 3566 qui
293 3525 464 3552 numero
492 3510 717 3551 liberorum
745 3522 787 3549 se
816 3512 1012 3549 excusant
1070 3507 1113 3550 G.
1150 3511 1188 3561 5,
1219 3511 1272 3550 66

189 3570 266 3622 qui
292 3581 465 3608 numero
493 3565 718 3606 tutelarum
777 3563 821 3606 0.
852 3568 890 3617 5,
922 3566 974 3606 69

189 3627 266 3678 qui
290 3625 436 3676 petant
462 3625 620 3662 tutores
646 3620 713 3662 vel
742 3622 952 3662 curatores
1011 3618 1053 3662 C.
1083 3621 1122 3673 5,
1151 3623 1200 3662 31

190 3682 267 3733 qui
291 3680 435 3732 petant
474 3680 632 3718 tutores
674 3675 738 3716 vel
781 3679 991 3717 curatores
1026 3677 1067 3716 et
1104 3676 1178 3716 ubi
1216 3678 1412 3728 petantur
1468 3677 1521 3719 D.

191 3795 266 3844 qui
293 3767 474 3843 pdtiores
500 3788 546 3828 in
573 3787 747 3841 pignore
775 3787 1008 3828 habeantur
1067 3787 1110 3829 0.
1142 3789 1180 3839 8,
1216 3790 1262 3828 17

191 3848 268 3900 qui
291 3845 472 3898 potiores
498 3844 544 3884 in
570 3844 744 3897 pignore
773 3843 838 3884 vel
866 3844 1096 3896 hypotheca
1125 3843 1354 3884 habeantur
1393 3845 1433 3883 et
1473 3843 1523 3884 de

273 3901 338 3941 his
366 3901 440 3952 qui
467 3900 512 3940 in
539 3900 726 3951 priorum
755 3899 1004 3939 creditorum
1032 3898 1169 3939 locum
1196 3899 1420 3940 succedunt
1466 3900 1521 3941 D.

192 4015 269 4067 qui
301 3988 378 4064 pio
415 4023 489 4051 sua
522 4009 809 4050 iurisdictione
842 4008 999 4050 iudices
1041 4008 1136 4050 dare
1175 4009 1314 4050 darive
1352 4013 1524 4063 possunt

192 4125 290 4177 quis
317 4136 342 4163 a
370 4099 452 4174 duo
480 4118 711 4173 appelletur
766 4119 821 4160 D.
853 4118 921 4170 49,
954 4119 978 4158 3

162 4203 171 4215 ι
192 4182 268 4233 qui
299 4178 495 4219 satisdare
533 4177 734 4228 cogantur
768 4173 834 4214 vel
868 4174 1005 4215 iurato
1038 4176 1283 4227 promittant
1322 4176 1386 4218 vel
1425 4190 1522 4218 suae

271 4232 534 4287 promissioni
562 4231 872 4271 committantur
928 4230 982 4272 D.
1014 4232 1053 4282 2,
1083 4232 1107 4271 8

191 4292 269 4343 qui
307 4290 396 4331 sine
436 4287 754 4329 manumissione
797 4285 850 4326 ad
888 4285 1122 4326 libertatem
1163 4287 1412 4338 perveniunt
1468 4288 1520 4328 D.

191 4403 288 4454 quis
315 4377 416 4441 cirdo
443 4400 490 4440 in
517 4396 838 4452 possessionibus
865 4398 1049 4437 servetur
1105 4396 1159 4438 D.
1191 4399 1257 4449 38,
1292 4399 1340 4440 15

191 4459 269 4509 qui
293 4457 535 4497 testamenta
565 4455 698 4495 facere
733 4454 904 4506 possunt
939 4453 979 4492 et
1017 4452 1358 4503 quemadmodum
1398 4455 1520 4494 testa—

273 4514 412 4552 menta
437 4511 541 4552 fiant
595 4510 649 4551 D.
681 4510 748 4562 28,
783 4511 799 4550 1

193 4570 270 4623 qui
295 4569 537 4609 testamento
565 4567 722 4607 tutores
750 4564 840 4605 dari
867 4564 1039 4616 possunt
1093 4563 1131 4606 J.
1166 4565 1202 4616 1,
1238 4565 1289 4606 14

496 3397 539 3441 0.
569 3401 609 3451 5,
640 3399 706 3440 es.
742 3400 805 3450 10,
835 3399 886 3438 51

1508 126 1611 182 XV

2674 141 2930 182 REPUDIIS

1603 278 1722 331 quod
1746 278 2040 327 cuiuscumque
2069 279 2350 319 universitatis
2378 278 2543 317 nomine
2582 277 2643 317 vel
2675 281 2816 319 contra
2844 293 2930 320 eam

1686 336 1835 386 agatur
1890 333 1945 373 D.
1977 337 2014 383 3,
2046 336 2070 372 4

1604 390 1722 442 quod
1761 400 1856 428 cum
1899 400 1946 428 eo
1991 388 2064 437 qui
2105 388 2150 426 in
2193 387 2330 428 aliena
2372 389 2432 427 est
2476 390 2675 440 potestate
2723 392 2930 441 negotium

1687 445 1848 496 gestum
1877 455 1960 483 esse
1989 442 2163 493 dicitur,
2203 443 2269 483 vel
2297 443 2347 483 de
2374 443 2540 495 peculio
2576 456 2646 483 seu
2685 446 2793 495 quod
2822 448 2931 487 iussu

1687 501 1761 540 aut
1788 498 1838 538 de
1868 498 1914 538 in
1943 511 2029 538 rem
2059 510 2174 537 verso
2234 497 2276 539 C.
2306 501 2346 550 4,
2378 501 2431 539 26

1604 555 1722 609 quod
1747 566 1842 594 cum
1870 566 1918 593 eo
1947 553 2022 604 qui
2049 553 2095 592 in
2124 553 2261 593 aliena
2288 555 2488 605 potestate
2517 554 2578 593 est
2610 555 2819 605 negotium
2847 569 2933 607 ges·

1687 613 1778 650 tum
1806 621 1890 649 esse
1919 609 2073 649 dicitur
2128 608 2167 649 J.
2199 611 2238 661 4,
2270 611 2289 648 7
2350 609 2404 650 D.
2441 612 2504 660 14,
2533 614 2557 650 5

1604 665 1723 720 quod
1748 663 1851 704 falso
1879 666 2018 705 tutore
2046 666 2213 704 auctore
2241 666 2401 715 gestum
2432 677 2514 705 esse
2542 664 2704 704 dicatur
2759 665 2812 707 D.
2830 669 2895 718 27,
2911 672 2934 707 6

1605 721 1723 775 quod
1748 721 1863 760 iussu
1921 719 1976 761 D.
2008 722 2073 771 15,
2103 721 2130 760 4

1604 776 1722 830 quod
1747 775 1981 828 legatorum
2036 775 2091 817 D.
2122 777 2190 826 43,
2221 777 2245 816 3

1604 831 1724 886 quod
1747 834 1881 871 metus
1910 843 2032 871 causa
2059 834 2219 883 gestum
2250 830 2329 871 erit
2385 830 2438 872 D.
2469 833 2509 883 4,
2539 833 2563 872 2

1604 887 1723 941 quod
1749 887 1923 939 quisque
1950 887 2055 927 iuris
2084 887 2130 926 in
2159 886 2335 927 alterum
2362 887 2576 939 statuerit,
2613 889 2661 928 ut
2687 888 2774 940 ipse
2803 888 2940 928 eodem

1687 943 1780 983 iure
1807 946 1953 983 utatur
2010 943 2063 984 D.
2095 944 2134 994 2,
2165 944 2189 984 2

1604 999 1724 1052 quod
1750 998 1793 1038 vi
1820 1002 1895 1039 aut
1922 998 2027 1038 clam
2084 998 2139 1039 D.
2170 1000 2238 1051 43,
2268 1000 2322 1041 24

1605 1055 1819 1108 quomodo
1864 1057 1905 1095 ct
1939 1054 2105 1106 quando
2146 1054 2272 1095 iudex
2314 1055 2559 1095 sententiam
2600 1054 2784 1108 proferre
2826 1054 2945 1094 debet

1685 1110 1970 1164 praesentibus
2017 1110 2205 1163 partibus
2253 1109 2319 1151 vel
2371 1123 2457 1150 una
2508 1113 2625 1163 parte
2677 1110 2841 1151 absente
2900 1109 2944 1151 0.

1605 1236 1690 1276 quo
1718 1199 1895 1275 iluisque
1924 1221 2069 1263 ordine
2098 1222 2369 1262 conveniatur
2429 1220 2470 1262 G.
2507 1223 2570 1274 11,
2602 1224 2654 1263 36

1605 1292 1793 1332 quorum
1821 1277 2118 1331 appellationes
2148 1291 2231 1318 non
2260 1278 2517 1331 recipiantur
2576 1276 2618 1319 G.
2655 1281 2694 1331 7,
2723 1280 2775 1319 65

1606 1348 1793 1388 quorum
1820 1334 2024 1375 bonorum
2080 1335 2135 1375 D.
2165 1338 2233 1387 43,
2264 1336 2289 1376 2
2349 1333 2392 1376 C.
2423 1335 2462 1387 8,
2492 1335 2518 1375 2

1606 1404 1791 1444 quorum
1819 1389 2051 1444 legatorum
2112 1389 2155 1431 C.
2185 1393 2224 1443 8,
2254 1393 2286 1433 3.

2242 1518 2305 1572 R.

1606 1612 1656 1653 de
1685 1616 1818 1708 riaptu
1847 1612 2056 1710 vCirginum
2083 1626 2155 1655 seu
2183 1615 2402 1655 viduarum
2435 1628 2511 1656 nec
2539 1628 2624 1656 non
2653 1614 2940 1656 sanctimonia·

1706 1668 1794 1708 ium
1887 1700 1913 1710 ..
1928 1671 1968 1721 9,
2004 1672 2050 1711 13

1604 1729 1749 1765 ratam
1777 1738 1863 1765 rem
1891 1725 2036 1765 haberi
2066 1727 2107 1765 et
2134 1725 2184 1766 de
2214 1726 2510 1767 ratihabitione
2565 1727 2620 1769 D.
2649 1730 2719 1781 46,
2750 1730 2773 1768 8

1606 1781 1655 1822 (18
1683 1781 1932 1821 ratiociniis
1962 1794 2131 1832 operum
2158 1782 2423 1834 publicorum
2462 1787 2503 1823 et
2538 1782 2588 1823 de
2615 1783 2803 1835 patribus
2843 1783 2941 1822 civi-

1690 1839 1823 1876 tatum
1884 1836 1926 1878 0.
1957 1839 1997 1889 8,
2032 1839 2079 1878 12

1606 1892 1656 1934 (18
1685 1892 1822 1933 officio
1848 1893 2128 1946 procuratoris
2157 1892 2341 1934 Caesaris
2369 1893 2435 1934 181
2463 1894 2699 1935 rationalis
2755 1894 2807 1936 D.
2834 1896 2869 1947 1,
2897 1896 2942 1935 19

1606 1950 1656 1990 de
1684 1947 1840 1989 tutelae
1868 1951 1910 1989 et
1936 1951 2185 1990 rationibus
2213 1949 2488 1991 distrahendis
2521 1954 2562 1990 et
2590 1950 2688 1990 utili
2718 1951 2945 1991 curationis

1690 2017 1813 2045 causa
1840 2005 2003 2046 actione
2058 2005 2113 2047 D.
2145 2007 2212 2058 27,
2242 2007 2266 2046 3

1606 2062 1656 2103 (18
1683 2062 1812 2102 rebus
1846 2061 1994 2102 alienis
2029 2074 2114 2102 non
2152 2060 2383 2102 alienandis
2420 2064 2463 2102 et
2490 2062 2539 2103 de
2567 2061 2778 2114 prohibita
2806 2076 2941 2103 rerum

1661 2116 1911 2157 alienatione
1940 2117 2006 2158 vel
2034 2118 2265 2171 hypotheca
2325 2117 2367 2159 C.
2399 2120 2438 2171 4,
2468 2121 2517 2161 51

1605 2174 1656 2215 (18
1684 2175 1813 2214 rebus
1850 2175 2096 2215 auctoritate
2129 2174 2279 2214 iudicis
2313 2173 2568 2227 possidendis
2607 2187 2679 2215 seu
2714 2174 2945 2215 vendundis

1689 2229 1743 2271 D.
1774 2231 1842 2282 42,
1871 2232 1895 2270 5

1606 2285 1655 2326 (18
1684 2286 1814 2326 rebus
1840 2285 2008 2326 creditis
2036 2288 2077 2326 et
2104 2285 2154 2326 de
2182 2285 2453 2326 iureiurando
2514 2284 2557 2327 G.
2586 2288 2628 2338 4,
2662 2289 2679 2328 1

1607 2342 1656 2382 de
1683 2343 1814 2382 rebus
1850 2341 2019 2382 creditis
2052 2342 2087 2382 si
2124 2346 2282 2382 certum
2317 2344 2482 2394 petetur
2517 2344 2558 2382 et
2597 2342 2647 2382 de
2684 2342 2943 2383 condictione

1690 2398 1745 2439 D.
1778 2399 1843 2450 12,
1877 2401 1894 2438 1

1606 2454 1655 2494 de
1683 2454 1813 2493 rebus
1840 2451 1978 2493 dubiis
2031 2452 2086 2493 D.
2118 2453 2186 2504 34,
2215 2455 2238 2492 5

1606 2509 1656 2549 (18
1684 2509 1814 2548 rebus
1841 2521 1981 2548 eorum
2019 2508 2092 2559 qui
2126 2508 2202 2548 sub
2231 2506 2362 2547 tutela
2399 2507 2466 2548 vel
2493 2521 2593 2549 cura
2621 2511 2719 2548 sunt
2757 2509 2845 2550 sine
2874 2509 2942 2550 de-

1689 2566 1802 2604 creto
1831 2576 1916 2603 non
1945 2562 2174 2604 alienandis
2202 2562 2269 2604 vel
2297 2564 2575 2616 supponendis
2635 2565 2686 2608 D.
2718 2567 2785 2617 27,
2815 2569 2840 2607 9

1606 2619 1655 2661 (18
1683 2621 1813 2660 rebus
1839 2618 2170 2671 incorporalibus
2225 2619 2264 2661 J.
2295 2621 2335 2672 2,
2365 2621 2390 2661 2

1606 2676 1656 2716 de
1683 2677 2027 2729 receptatoribus
2082 2675 2138 2715 D.
2167 2676 2235 2728 47,
2270 2677 2319 2717 16

1607 2731 1656 2772 (18
1683 2733 1868 2784 receptis
1927 2729 1969 2773 0.
2001 2732 2041 2783 2,
2072 2733 2125 2773 55

1607 2787 1656 2828 (18
1691 2789 1876 2840 receptis
1917 2786 1991 2838 qui
2033 2786 2253 2826 arbitrium
2296 2789 2559 2840 receperunt,
2603 2790 2652 2828 ut
2698 2790 2941 2830 sententiam

1690 2842 1832 2882 dicant
1886 2842 1941 2884 D.
1971 2845 2012 2894 4,
2043 2843 2067 2883 8

1606 2898 1656 2939 de
1685 2897 1858 2951 captivis
1886 2899 1928 2938 et
1955 2897 2004 2938 de
2030 2896 2288 2950 postliminio
2327 2899 2368 2938 et
2395 2898 2445 2940 de
2473 2899 2706 2953 redemptis
2735 2900 2786 2941 ab
2815 2902 2943 2942 hosti-

1689 2953 1767 2995 bus
1821 2954 1875 2996 D.
1906 2955 1974 3005 49,
2009 2957 2058 2997 15
2118 2953 2160 2996 G.
2191 2955 2230 3006 8,
2260 2956 2314 2995 50

1606 3010 1656 3051 (18
1691 3009 1884 3050 aedilicio
1922 3010 2055 3051 edicto
2091 3013 2133 3051 et
2167 3010 2460 3051 redhibitione
2501 3012 2540 3051 et
2584 3012 2730 3062 quanti
2773 3013 2944 3054 minoris

1691 3066 1745 3107 D.
1775 3068 1843 3118 21,
1876 3068 1893 3107 1

1606 3122 1656 3163 de
1683 3121 1841 3174 regula
1871 3121 2103 3162 Catoniana
2158 3120 2212 3162 D.
2244 3122 2311 3173 34,
2341 3123 2363 3162 7

1606 3179 1656 3219 (18
1684 3178 1856 3218 diversis
1882 3177 2050 3229 regulis
2077 3177 2182 3216 iuris
2201 3177 2367 3228 antiqui
2422 3178 2476 3220 D.
2509 3182 2574 3228 50,
2609 3182 2655 3219 17

1606 3235 1656 3274 (18
1684 3247 1735 3274 re
1761 3233 1945 3273 iudicata
2004 3232 2046 3274 C.
2073 3235 2113 3285 7,
2144 3234 2195 3274 52

1600 3290 1656 3332 ..de
1683 3302 1733 3329 re
1760 3288 1944 3328 iudicata
1982 3290 2023 3328 et
2058 3287 2107 3328 de
2144 3288 2291 3328 effectu
2319 3290 2614 3330 sententiarum
2653 3293 2694 3331 et
2733 3292 2783 3332 de
2813 3293 2940 3333 inter-

1689 3343 1970 3384 locutionibus
2024 3343 2078 3384 D.
2109 3345 2178 3395 42,
2212 3345 2230 3385 1

1607 3401 1656 3441 de
1684 3402 1772 3440 reis
1799 3398 2017 3451 postulatis
2077 3397 2119 3440 G.
2154 3401 2218 3451 10,
2249 3402 2301 3441 60

1607 3457 1656 3496 (18
1684 3457 1752 3495 rei
1778 3455 2058 3495 vindicatione
2111 3455 2166 3496 D.
2198 3458 2237 3507 6,
2271 3459 2289 3497 1
2353 3454 2395 3498 G.
2426 3458 2465 3509 3,
2496 3459 2548 3499 32

1606 3512 1656 3552 de
1684 3524 1750 3551 rez
1778 3511 1948 3551 uxoriae
1975 3511 2136 3551 actione
2174 3511 2220 3551 in
2250 3524 2298 3552 ex
2326 3512 2528 3565 stipulatu
2567 3513 2768 3554 actionem
2807 3516 2938 3556 trans-

1688 3566 1779 3606 fusa
1807 3569 1849 3606 et
1877 3566 1926 3607 de
1954 3570 2104 3606 natura
2133 3566 2297 3607 dotibus
2324 3570 2521 3620 praestita
2580 3569 2621 3611 C.
2653 3573 2693 3622 5,
2727 3572 2774 3612 13

1607 3622 1656 3662 de
1683 3621 1972 3662 relationibus
2029 3622 2072 3664 G.
2103 3625 2142 3675 7,
2172 3625 2221 3664 61

1607 3677 1656 3718 (18
1684 3676 2035 3730 appellationibus
2063 3680 2105 3718 et
2130 3678 2418 3719 relationibus
2474 3680 2527 3721 D.
2559 3683 2626 3733 49,
2661 3685 2674 3721 1

1607 3733 1656 3773 (18
1685 3732 1905 3785 religiosis
1932 3735 1974 3774 et
2000 3734 2230 3786 sumptibus
2258 3735 2452 3775 funerum
2512 3735 2554 3778 C.
2585 3738 2624 3789 3,
2655 3739 2710 3779 44
2762 3783 2767 3788 ¹

1607 3789 1656 3829 de
1684 3788 1905 3883 {eligius-is
1933 3792 1974 3830 et
2000 3790 2231 3842 sumptibus
2259 3790 2453 3830 funerum
2492 3797 2532 3832 et
2561 3795 2608 3832 ut
2636 3793 2763 3833 funus
2791 3794 2939 3836 ducere

1705 3844 1812 3884 iceat
1866 3845 1921 3888 D.
1957 3848 2020 3898 11,
2052 3847 2075 3886 7

1605 3912 1697 3939 rem
1734 3898 1912 3940 alienam
1953 3900 2194 3952 gerentibus
2231 3913 2315 3941 non
2357 3901 2552 3942 interdici
2590 3917 2728 3944 rerum
2770 3918 2937 3947 suarum

1688 3953 1938 3996 alienatione
1997 3955 2039 3997 C.
2066 3958 2106 4008 4,
2136 3959 2188 3998 53

1606 4009 1655 4050 (18
1683 4023 1733 4050 re
1758 4010 1932 4051 militari
1987 4012 2040 4053 D.
2072 4013 2140 4063 49,
2175 4014 2223 4054 16
2284 4010 2327 4053 C.
2363 4014 2427 4065 12,
2457 4015 2510 4055 36

1606 4065 1655 4106 (18
1684 4068 1938 4107 remissione
1964 4067 2153 4119 pignoris
2212 4066 2254 4109 C.
2286 4069 2325 4119 8,
2355 4069 2406 4109 25

1607 4120 1655 4160 de
1683 4123 2007 4162 remissionibus
2061 4123 2115 4164 D.
2147 4125 2214 4174 43,
2243 4125 2295 4164 25

1604 4189 1696 4216 rem
1722 4177 1876 4229 pupilli
1903 4177 1969 4218 vel
1996 4178 2268 4219 adulescentis
2295 4177 2448 4219 salvam
2478 4180 2564 4220 fore
2619 4180 2672 4222 D.
2704 4185 2769 4233 46,
2798 4184 2824 4224 6

1605 4231 1657 4271 ad
1684 4231 1814 4284 legem
1843 4232 1994 4273 Iuliam
2023 4234 2364 4287 repetundarum
2422 4234 2464 4277 G.
2496 4239 2535 4287 9,
2566 4239 2616 4279 27

1606 4287 1654 4326 (18
1682 4286 1773 4339 lege
1799 4287 1912 4328 Iulia
1938 4289 2282 4342 repetundarum
2337 4291 2391 4332 D.
2421 4293 2489 4343 48,
2524 4295 2566 4333 11

1605 4342 1655 4382 de
1681 4342 2038 4396 replicationibus
2094 4345 2132 4386 J.
2163 4347 2202 4397 4,
2236 4347 2286 4387 14

1605 4397 1654 4437 de
1682 4399 1956 4451 repudianda
1984 4400 2186 4440 bonorum
2214 4401 2462 4452 possessione
2523 4400 2563 4442 C.
2595 4404 2632 4453 6,
2667 4403 2716 4442 19

1605 4452 1654 4492 (18
1681 4454 1957 4506 repudianda
1985 4455 2050 4496 vel
2078 4455 2319 4496 abstinenda
2347 4457 2573 4498 hereditate
2632 4456 2673 4498 C.
2705 4460 2744 4509 6,
2775 4459 2823 4500 31

1604 4507 1653 4548 (18
1682 4508 1871 4550 divortiis
1900 4513 1940 4551 et
1967 4511 2163 4563 repudiis
2218 4511 2271 4552 D.
2304 4514 2371 4564 24,
2401 4514 2425 4552 2

1605 4562 1655 4604 de
1681 4565 1878 4618 repudiis
1906 4568 1947 4607 et
1973 4566 2129 4608 iudicio
2158 4566 2208 4608 de
2235 4567 2418 4608 moribus
2445 4566 2606 4607 sublato
2664 4566 2707 4609 0.
2737 4571 2777 4619 5,
2810 4571 2859 4611 17
