<?xml version="1.0" encoding="UTF-8"?>
<!DOCTYPE html PUBLIC "-//W3C//DTD XHTML 1.0 Transitional//EN"
    "http://www.w3.org/TR/xhtml1/DTD/xhtml1-transitional.dtd">
<html xmlns="http://www.w3.org/1999/xhtml" xml:lang="en" lang="en">
 <head>
  <title>
</title>
<meta http-equiv="Content-Type" content="text/html;charset=utf-8" />
  <meta name='ocr-system' content='tesseract 3.04.00' />
  <meta name='ocr-capabilities' content='ocr_page ocr_carea ocr_par ocr_line ocrx_word'/>
</head>
<body>
  <div class='ocr_page' id='page_1' title='image "./corpusiuriscivil02krueuoft_0084.png"; bbox 0 0 3138 4776; ppageno 0'>
   <div class='ocr_carea' id='block_1_1' title="bbox 221 161 1621 239">
    <p class='ocr_par' dir='ltr' id='par_1_1' title="bbox 221 161 1621 239">
     <span class='ocr_line' id='line_1_1' title="bbox 221 161 1621 239; baseline -0.006 0"><span class='ocrx_word' id='word_1_1' title='bbox 221 188 309 239; x_wconf 70' lang='grc' dir='ltr'><strong><em>ιι</em></strong></span> <span class='ocrx_word' id='word_1_2' title='bbox 920 161 922 164; x_wconf 80' lang='grc'><strong>’</strong></span> <span class='ocrx_word' id='word_1_3' title='bbox 1553 172 1621 230; x_wconf 80' lang='lat'><strong><em>48</em></strong></span> 
     </span>
    </p>
   </div>
   <div class='ocr_carea' id='block_1_2' title="bbox 211 327 1566 2459">
    <p class='ocr_par' dir='ltr' id='par_1_2' title="bbox 211 327 1566 2459">
     <span class='ocr_line' id='line_1_2' title="bbox 220 327 1555 393; baseline -0.007 -15"><span class='ocrx_word' id='word_1_4' title='bbox 220 337 327 393; x_wconf 77' lang='grc' dir='ltr'><strong><em>ημᾶς</em></strong></span> <span class='ocrx_word' id='word_1_5' title='bbox 365 334 567 389; x_wconf 78' lang='grc' dir='ltr'><strong><em>πολιτείᾳ</em></strong></span> <span class='ocrx_word' id='word_1_6' title='bbox 606 337 677 377; x_wconf 85' lang='grc' dir='ltr'><strong><em>καὶ</em></strong></span> <span class='ocrx_word' id='word_1_7' title='bbox 708 329 892 384; x_wconf 76' lang='grc' dir='ltr'><strong><em>αὔξησιν</em></strong></span> <span class='ocrx_word' id='word_1_8' title='bbox 921 334 1213 390; x_wconf 82' lang='grc' dir='ltr'><strong><em>παρέχονται·</em></strong></span> <span class='ocrx_word' id='word_1_9' title='bbox 1246 328 1305 375; x_wconf 82' lang='grc' dir='ltr'><strong><em>δι’</em></strong></span> <span class='ocrx_word' id='word_1_10' title='bbox 1336 327 1401 372; x_wconf 81' lang='grc' dir='ltr'><strong><em>ὡν</em></strong></span> <span class='ocrx_word' id='word_1_11' title='bbox 1429 328 1555 370; x_wconf 81' lang='grc' dir='ltr'><strong><em>ἔστιν</em></strong></span> 
     </span>
     <span class='ocr_line' id='line_1_3' title="bbox 218 384 1556 457; baseline -0.007 -23"><span class='ocrx_word' id='word_1_12' title='bbox 218 392 324 447; x_wconf 82' lang='grc' dir='ltr'><strong><em>ἡμῖν</em></strong></span> <span class='ocrx_word' id='word_1_13' title='bbox 366 395 442 433; x_wconf 78' lang='grc' dir='ltr'><strong><em>καὶ</em></strong></span> <span class='ocrx_word' id='word_1_14' title='bbox 483 390 631 449; x_wconf 89' lang='grc' dir='ltr'><strong><em>βαρβά</em></strong></span> <span class='ocrx_word' id='word_1_15' title='bbox 662 405 727 431; x_wconf 90' lang='grc' dir='ltr'><strong><em>ων</em></strong></span> <span class='ocrx_word' id='word_1_16' title='bbox 768 389 949 445; x_wconf 79' lang='grc' dir='ltr'><strong><em>κρατεῖν</em></strong></span> <span class='ocrx_word' id='word_1_17' title='bbox 989 393 1066 431; x_wconf 76' lang='grc' dir='ltr'><strong><em>καὶ</em></strong></span> <span class='ocrx_word' id='word_1_18' title='bbox 1111 389 1325 448; x_wconf 88' lang='grc' dir='ltr'><strong><em>γίνεσθαι</em></strong></span> <span class='ocrx_word' id='word_1_19' title='bbox 1367 384 1556 457; x_wconf 32' lang='grc' dir='ltr'><strong><em>κυρίοις,1</em></strong></span> 
     </span>
     <span class='ocr_line' id='line_1_4' title="bbox 218 438 1560 504; baseline -0.006 -14"><span class='ocrx_word' id='word_1_20' title='bbox 218 451 415 500; x_wconf 80' lang='grc' dir='ltr'><strong><em>ἐκείνων,</em></strong></span> <span class='ocrx_word' id='word_1_21' title='bbox 451 443 481 489; x_wconf 78' lang='grc' dir='ltr'><em>ἃ</em></span> <span class='ocrx_word' id='word_1_22' title='bbox 508 445 626 504; x_wconf 89' lang='grc' dir='ltr'><strong><em>πρόσ</em></strong></span> <span class='ocrx_word' id='word_1_23' title='bbox 665 459 714 485; x_wconf 89' lang='grc' dir='ltr'><strong><em>εν</em></strong></span> <span class='ocrx_word' id='word_1_24' title='bbox 741 438 820 484; x_wconf 75' lang='grc' dir='ltr'><strong><em>οὐκ</em></strong></span> <span class='ocrx_word' id='word_1_25' title='bbox 850 440 1037 498; x_wconf 82' lang='grc' dir='ltr'><strong><em>εἴχομεν.</em></strong></span> <span class='ocrx_word' id='word_1_26' title='bbox 1103 448 1179 487; x_wconf 86' lang='grc' dir='ltr'><strong><em>καὶ</em></strong></span> <span class='ocrx_word' id='word_1_27' title='bbox 1208 440 1386 499; x_wconf 77' lang='grc' dir='ltr'><strong><em>ὅσῳπερ</em></strong></span> <span class='ocrx_word' id='word_1_28' title='bbox 1417 457 1474 483; x_wconf 93' lang='grc' dir='ltr'><strong><em>αν</em></strong></span> <span class='ocrx_word' id='word_1_29' title='bbox 1502 455 1560 482; x_wconf 89' lang='grc' dir='ltr'><strong><em>τα</em></strong></span> 
     </span>
     <span class='ocr_line' id='line_1_5' title="bbox 218 494 1557 557; baseline -0.007 -10"><span class='ocrx_word' id='word_1_30' title='bbox 218 505 294 557; x_wconf 85' lang='grc' dir='ltr'><strong><em>τῆς</em></strong></span> <span class='ocrx_word' id='word_1_31' title='bbox 332 499 487 546; x_wconf 77' lang='grc' dir='ltr'><strong><em>αὐτῶν</em></strong></span> <span class='ocrx_word' id='word_1_32' title='bbox 526 500 710 551; x_wconf 75' lang='grc' dir='ltr'><em>αὔξηται</em></span> <span class='ocrx_word' id='word_1_33' title='bbox 747 495 1015 552; x_wconf 86' lang='grc' dir='ltr'><strong><em>σεμνότητός</em></strong></span> <span class='ocrx_word' id='word_1_34' title='bbox 1058 516 1108 542; x_wconf 86' lang='grc' dir='ltr'><strong><em>τε</em></strong></span> <span class='ocrx_word' id='word_1_35' title='bbox 1146 504 1220 542; x_wconf 85' lang='grc' dir='ltr'><strong><em>καὶ</em></strong></span> <span class='ocrx_word' id='word_1_36' title='bbox 1258 513 1338 541; x_wconf 86' lang='grc' dir='ltr'><strong><em>κοσ</em></strong></span> <span class='ocrx_word' id='word_1_37' title='bbox 1372 494 1557 550; x_wconf 86' lang='grc' dir='ltr'><strong><em>ιότητος,</em></strong></span> 
     </span>
     <span class='ocr_line' id='line_1_6' title="bbox 217 516 1557 612; baseline -0.007 -10"><span class='ocrx_word' id='word_1_38' title='bbox 217 559 419 612; x_wconf 79' lang='grc' dir='ltr'><strong><em>τοσούτῳ</em></strong></span> <span class='ocrx_word' id='word_1_39' title='bbox 460 560 533 600; x_wconf 89' lang='grc' dir='ltr'><strong><em>καὶ</em></strong></span> <span class='ocrx_word' id='word_1_40' title='bbox 570 554 652 608; x_wconf 84' lang='grc' dir='ltr'><strong><em>τὴν</em></strong></span> <span class='ocrx_word' id='word_1_41' title='bbox 681 549 899 611; x_wconf 74' lang='grc' dir='ltr'><strong><em>ἡμετέραν</em></strong></span> <span class='ocrx_word' id='word_1_42' title='bbox 927 553 1162 598; x_wconf 74' lang='grc' dir='ltr'><strong><em>πολιτείαν</em></strong></span> <span class='ocrx_word' id='word_1_43' title='bbox 1200 516 1453 600; x_wconf 66' lang='grc' dir='ltr'><strong><em>ἐπιδιδόναι</em></strong></span> <span class='ocrx_word' id='word_1_44' title='bbox 1486 568 1557 596; x_wconf 88' lang='grc' dir='ltr'><strong><em>πι·</em></strong></span> 
     </span>
     <span class='ocr_line' id='line_1_7' title="bbox 218 605 1559 670; baseline -0.007 -12"><span class='ocrx_word' id='word_1_45' title='bbox 218 613 442 670; x_wconf 87' lang='grc' dir='ltr'><strong><em>στεύομεν.</em></strong></span> <span class='ocrx_word' id='word_1_46' title='bbox 506 612 545 653; x_wconf 87' lang='grc' dir='ltr'><strong><em>εἰ</em></strong></span> <span class='ocrx_word' id='word_1_47' title='bbox 578 609 661 668; x_wconf 85' lang='grc' dir='ltr'><strong><em>γὰρ</em></strong></span> <span class='ocrx_word' id='word_1_48' title='bbox 699 607 745 650; x_wconf 86' lang='grc' dir='ltr'><strong><em>οἱ</em></strong></span> <span class='ocrx_word' id='word_1_49' title='bbox 769 609 854 663; x_wconf 71' lang='grc' dir='ltr'><strong><em>μὲν</em></strong></span> <span class='ocrx_word' id='word_1_50' title='bbox 881 613 1149 670; x_wconf 79' lang='grc' dir='ltr'><strong><em>παρέχοιντο</em></strong></span> <span class='ocrx_word' id='word_1_51' title='bbox 1184 615 1286 667; x_wconf 88' lang='grc' dir='ltr'><strong><em>βίον</em></strong></span> <span class='ocrx_word' id='word_1_52' title='bbox 1315 605 1480 664; x_wconf 90' lang='grc' dir='ltr'><strong><em>σεμνόν</em></strong></span> <span class='ocrx_word' id='word_1_53' title='bbox 1509 623 1559 650; x_wconf 85' lang='grc' dir='ltr'><strong><em>τε</em></strong></span> 
     </span>
     <span class='ocr_line' id='line_1_8' title="bbox 218 659 1560 720; baseline -0.006 -7"><span class='ocrx_word' id='word_1_54' title='bbox 218 673 291 713; x_wconf 81' lang='grc' dir='ltr'><strong><em>καὶ</em></strong></span> <span class='ocrx_word' id='word_1_55' title='bbox 321 665 613 720; x_wconf 74' lang='grc' dir='ltr'><strong><em>πανταχόθεν</em></strong></span> <span class='ocrx_word' id='word_1_56' title='bbox 642 661 962 718; x_wconf 87' lang='grc' dir='ltr'><strong><em>ἀνεπίληπτον,</em></strong></span> <span class='ocrx_word' id='word_1_57' title='bbox 1000 665 1082 709; x_wconf 84' lang='grc' dir='ltr'><strong><em>τὸν</em></strong></span> <span class='ocrx_word' id='word_1_58' title='bbox 1111 664 1161 709; x_wconf 76' lang='grc' dir='ltr'><strong><em>δὲ</em></strong></span> <span class='ocrx_word' id='word_1_59' title='bbox 1190 663 1348 709; x_wconf 88' lang='grc' dir='ltr'><strong><em>λοιπὸν</em></strong></span> <span class='ocrx_word' id='word_1_60' title='bbox 1375 659 1560 708; x_wconf 80' lang='grc' dir='ltr'><strong><em>ἅπαντα</em></strong></span> 
     </span>
     <span class='ocr_line' id='line_1_9' title="bbox 217 715 1559 781; baseline -0.005 -13"><span class='ocrx_word' id='word_1_61' title='bbox 217 725 326 768; x_wconf 88' lang='grc' dir='ltr'><strong><em>λαὸν</em></strong></span> <span class='ocrx_word' id='word_1_62' title='bbox 366 723 644 771; x_wconf 84' lang='grc' dir='ltr'><strong><em>νουθετοῖεν,</em></strong></span> <span class='ocrx_word' id='word_1_63' title='bbox 689 715 809 762; x_wconf 68' lang='grc' dir='ltr'><strong><em>ὥστε</em></strong></span> <span class='ocrx_word' id='word_1_64' title='bbox 851 719 961 781; x_wconf 84' lang='grc' dir='ltr'><strong><em>πρὸς</em></strong></span> <span class='ocrx_word' id='word_1_65' title='bbox 993 720 1077 776; x_wconf 83' lang='grc' dir='ltr'><strong><em>τὴν</em></strong></span> <span class='ocrx_word' id='word_1_66' title='bbox 1114 719 1268 765; x_wconf 76' lang='grc' dir='ltr'><strong><em>αὐτῶν</em></strong></span> <span class='ocrx_word' id='word_1_67' title='bbox 1307 719 1559 777; x_wconf 90' lang='grc' dir='ltr'><strong><em>σεμνότητα</em></strong></span> 
     </span>
     <span class='ocr_line' id='line_1_10' title="bbox 215 771 1559 837; baseline -0.005 -14"><span class='ocrx_word' id='word_1_68' title='bbox 215 780 443 837; x_wconf 79' lang='grc' dir='ltr'><strong><em>βλέποντα</em></strong></span> <span class='ocrx_word' id='word_1_69' title='bbox 507 777 604 818; x_wconf 84' lang='grc' dir='ltr'><strong><em>τῶν</em></strong></span> <span class='ocrx_word' id='word_1_70' title='bbox 660 773 844 819; x_wconf 79' lang='grc' dir='ltr'><strong><em>πολλῶν</em></strong></span> <span class='ocrx_word' id='word_1_71' title='bbox 899 771 1238 837; x_wconf 75' lang='grc' dir='ltr'><strong><em>ἁμαρτημάτων</em></strong></span> <span class='ocrx_word' id='word_1_72' title='bbox 1293 773 1559 830; x_wconf 85' lang='grc' dir='ltr'><strong><em>ἀπέχεσθαι,</em></strong></span> 
     </span>
     <span class='ocr_line' id='line_1_11' title="bbox 217 827 1561 901; baseline -0.004 -24"><span class='ocrx_word' id='word_1_73' title='bbox 217 834 453 895; x_wconf 83' lang='grc' dir='ltr'><strong><em>πρόδηλον,</em></strong></span> <span class='ocrx_word' id='word_1_74' title='bbox 499 827 557 874; x_wconf 62' lang='lat' dir='ltr'><strong><em>ais</em></strong></span> <span class='ocrx_word' id='word_1_75' title='bbox 600 831 819 874; x_wconf 78' lang='grc' dir='ltr'><strong><em>ἐντεῦθεν</em></strong></span> <span class='ocrx_word' id='word_1_76' title='bbox 863 833 916 875; x_wconf 84' lang='grc' dir='ltr'><strong><em>αἴ</em></strong></span> <span class='ocrx_word' id='word_1_77' title='bbox 952 850 1003 876; x_wconf 85' lang='grc' dir='ltr'><strong><em>τε</em></strong></span> <span class='ocrx_word' id='word_1_78' title='bbox 1038 837 1174 901; x_wconf 70' lang='grc' dir='ltr'><strong><em>φυχαὶ</em></strong></span> <span class='ocrx_word' id='word_1_79' title='bbox 1215 834 1326 876; x_wconf 84' lang='grc' dir='ltr'><strong><em>πᾶσι</em></strong></span> <span class='ocrx_word' id='word_1_80' title='bbox 1361 831 1561 889; x_wconf 78' lang='grc' dir='ltr'><strong><em>βελτίους</em></strong></span> 
     </span>
     <span class='ocr_line' id='line_1_12' title="bbox 215 882 1559 947; baseline -0.004 -14"><span class='ocrx_word' id='word_1_81' title='bbox 215 894 393 933; x_wconf 78' lang='grc' dir='ltr'><strong><em>ἔσονται</em></strong></span> <span class='ocrx_word' id='word_1_82' title='bbox 430 890 504 930; x_wconf 85' lang='grc' dir='ltr'><strong><em>καὶ</em></strong></span> <span class='ocrx_word' id='word_1_83' title='bbox 543 884 709 946; x_wconf 76' lang='grc' dir='ltr'><strong><em>ῥᾳδίως</em></strong></span> <span class='ocrx_word' id='word_1_84' title='bbox 745 882 849 943; x_wconf 83' lang='grc' dir='ltr'><strong><em>ἡμῖν</em></strong></span> <span class='ocrx_word' id='word_1_85' title='bbox 886 886 1185 943; x_wconf 81' lang='grc' dir='ltr'><strong><em>ἑνδοθησεται</em></strong></span> <span class='ocrx_word' id='word_1_86' title='bbox 1221 887 1345 947; x_wconf 83' lang='grc' dir='ltr'><strong><em>παρὰ</em></strong></span> <span class='ocrx_word' id='word_1_87' title='bbox 1378 889 1459 931; x_wconf 88' lang='grc' dir='ltr'><strong><em>τοῦ</em></strong></span> <span class='ocrx_word' id='word_1_88' title='bbox 1486 903 1559 944; x_wconf 89' lang='grc' dir='ltr'><strong><em>με-</em></strong></span> 
     </span>
     <span class='ocr_line' id='line_1_13' title="bbox 212 939 1560 1005; baseline -0.002 -17"><span class='ocrx_word' id='word_1_89' title='bbox 212 945 346 1005; x_wconf 90' lang='grc' dir='ltr'><strong><em>γάλου</em></strong></span> <span class='ocrx_word' id='word_1_90' title='bbox 375 944 486 986; x_wconf 93' lang='grc' dir='ltr'><strong><em>θεοῦ</em></strong></span> <span class='ocrx_word' id='word_1_91' title='bbox 515 946 587 984; x_wconf 86' lang='grc' dir='ltr'><strong><em>καὶ</em></strong></span> <span class='ocrx_word' id='word_1_92' title='bbox 617 943 816 1002; x_wconf 83' lang='grc' dir='ltr'><strong><em>σωτῆρος</em></strong></span> <span class='ocrx_word' id='word_1_93' title='bbox 850 939 978 1000; x_wconf 81' lang='grc' dir='ltr'><strong><em>ἡμῶν</em></strong></span> <span class='ocrx_word' id='word_1_94' title='bbox 1001 945 1146 999; x_wconf 82' lang='grc' dir='ltr'><strong><em>Ἰησοῦ</em></strong></span> <span class='ocrx_word' id='word_1_95' title='bbox 1175 946 1376 1004; x_wconf 79' lang='grc' dir='ltr'><strong><em>Χριστοῦ</em></strong></span> <span class='ocrx_word' id='word_1_96' title='bbox 1405 942 1560 1002; x_wconf 89' lang='grc' dir='ltr'><strong><em>φιλαν-</em></strong></span> 
     </span>
     <span class='ocr_line' id='line_1_14' title="bbox 219 997 1559 1059; baseline -0.003 -14"><span class='ocrx_word' id='word_1_97' title='bbox 219 1008 234 1045; x_wconf 89' lang='lat'>1</span> <span class='ocrx_word' id='word_1_98' title='bbox 297 1002 487 1059; x_wconf 88' lang='grc' dir='ltr'><strong><em>θρωπία</em></strong></span> <span class='ocrx_word' id='word_1_99' title='bbox 531 997 828 1055; x_wconf 87' lang='grc' dir='ltr'><strong><em>προσήκουσα.</em></strong></span> <span class='ocrx_word' id='word_1_100' title='bbox 908 1001 1055 1044; x_wconf 87' lang='grc' dir='ltr'><strong><em>Ταῦτα</em></strong></span> <span class='ocrx_word' id='word_1_101' title='bbox 1106 1006 1260 1043; x_wconf 85' lang='grc' dir='ltr'><strong><em>τοίνυν</em></strong></span> <span class='ocrx_word' id='word_1_102' title='bbox 1303 998 1408 1057; x_wconf 82' lang='grc' dir='ltr'><strong><em>ἡμῖν</em></strong></span> <span class='ocrx_word' id='word_1_103' title='bbox 1453 997 1559 1042; x_wconf 88' lang='grc' dir='ltr'><strong><em>ἀνα-</em></strong></span> 
     </span>
     <span class='ocr_line' id='line_1_15' title="bbox 214 1051 1560 1114; baseline -0.001 -15"><span class='ocrx_word' id='word_1_104' title='bbox 214 1058 525 1111; x_wconf 82' lang='grc' dir='ltr'><strong><em>σκοπουμένοις</em></strong></span> <span class='ocrx_word' id='word_1_105' title='bbox 554 1053 880 1113; x_wconf 78' lang='grc' dir='ltr'><strong><em>προσήγγελται</em></strong></span> <span class='ocrx_word' id='word_1_106' title='bbox 908 1054 1177 1114; x_wconf 81' lang='grc' dir='ltr'><strong><em>παραδόξως</em></strong></span> <span class='ocrx_word' id='word_1_107' title='bbox 1211 1055 1336 1100; x_wconf 83' lang='grc' dir='ltr'><strong><em>τινὰς</em></strong></span> <span class='ocrx_word' id='word_1_108' title='bbox 1369 1058 1467 1099; x_wconf 89' lang='grc' dir='ltr'><strong><em>τῶν</em></strong></span> <span class='ocrx_word' id='word_1_109' title='bbox 1496 1051 1560 1097; x_wconf 81' lang='grc' dir='ltr'><strong><em>εὖ·</em></strong></span> 
     </span>
     <span class='ocr_line' id='line_1_16' title="bbox 214 1107 1562 1174; baseline -0.003 -18"><span class='ocrx_word' id='word_1_110' title='bbox 214 1110 505 1168; x_wconf 87' lang='grc' dir='ltr'><strong><em>λαβεστάτων</em></strong></span> <span class='ocrx_word' id='word_1_111' title='bbox 544 1107 791 1163; x_wconf 87' lang='grc' dir='ltr'><strong><em>διακόνων,</em></strong></span> <span class='ocrx_word' id='word_1_112' title='bbox 838 1111 908 1154; x_wconf 67' lang='grc' dir='ltr'><strong><em>ἔτι</em></strong></span> <span class='ocrx_word' id='word_1_113' title='bbox 941 1129 992 1174; x_wconf 83' lang='grc' dir='ltr'><strong><em>γε</em></strong></span> <span class='ocrx_word' id='word_1_114' title='bbox 1018 1111 1108 1167; x_wconf 82' lang='grc' dir='ltr'><strong><em>μὴν</em></strong></span> <span class='ocrx_word' id='word_1_115' title='bbox 1137 1116 1211 1154; x_wconf 80' lang='grc' dir='ltr'><strong><em>καὶ</em></strong></span> <span class='ocrx_word' id='word_1_116' title='bbox 1241 1114 1562 1170; x_wconf 78' lang='grc' dir='ltr'><strong><em>πρεσβυτέρων</em></strong></span> 
     </span>
     <span class='ocr_line' id='line_1_17' title="bbox 214 1166 1560 1227; baseline -0.001 -16"><span class='ocrx_word' id='word_1_117' title='bbox 214 1169 281 1223; x_wconf 87' lang='grc' dir='ltr'><strong><em>(τὸ</em></strong></span> <span class='ocrx_word' id='word_1_118' title='bbox 319 1167 403 1227; x_wconf 83' lang='grc' dir='ltr'><strong><em>γὰρ</em></strong></span> <span class='ocrx_word' id='word_1_119' title='bbox 442 1167 511 1208; x_wconf 78' lang='grc' dir='ltr'><strong><em>ἔτι</em></strong></span> <span class='ocrx_word' id='word_1_120' title='bbox 549 1170 822 1225; x_wconf 89' lang='grc' dir='ltr'><strong><em>πορρωτέρω</em></strong></span> <span class='ocrx_word' id='word_1_121' title='bbox 860 1166 1020 1210; x_wconf 88' lang='grc' dir='ltr'><strong><em>τούτου</em></strong></span> <span class='ocrx_word' id='word_1_122' title='bbox 1054 1172 1130 1210; x_wconf 84' lang='grc' dir='ltr'><strong><em>καὶ</em></strong></span> <span class='ocrx_word' id='word_1_123' title='bbox 1167 1169 1312 1212; x_wconf 88' lang='grc' dir='ltr'><strong><em>εἰπεῖν</em></strong></span> <span class='ocrx_word' id='word_1_124' title='bbox 1341 1168 1560 1226; x_wconf 79' lang='grc' dir='ltr'><strong><em>ἐρυθριῶ-</em></strong></span> 
     </span>
     <span class='ocr_line' id='line_1_18' title="bbox 211 1217 1564 1281; baseline -0.001 -15"><span class='ocrx_word' id='word_1_125' title='bbox 211 1242 306 1281; x_wconf 86' lang='grc' dir='ltr'><strong><em>μεν,</em></strong></span> <span class='ocrx_word' id='word_1_126' title='bbox 352 1224 500 1279; x_wconf 76' lang='grc' dir='ltr'><strong><em>φαμὲν</em></strong></span> <span class='ocrx_word' id='word_1_127' title='bbox 542 1219 598 1276; x_wconf 86' lang='grc' dir='ltr'><strong><em>δὴ</em></strong></span> <span class='ocrx_word' id='word_1_128' title='bbox 639 1220 692 1265; x_wconf 79' lang='grc' dir='ltr'><strong><em>τὸ</em></strong></span> <span class='ocrx_word' id='word_1_129' title='bbox 735 1224 834 1266; x_wconf 88' lang='grc' dir='ltr'><strong><em>τῶν</em></strong></span> <span class='ocrx_word' id='word_1_130' title='bbox 877 1221 1113 1280; x_wconf 75' lang='grc' dir='ltr'><strong><em>θεοφιλῶν</em></strong></span> <span class='ocrx_word' id='word_1_131' title='bbox 1155 1223 1457 1276; x_wconf 81' lang='grc' dir='ltr'><strong><em>ἐπισκόπων),</em></strong></span> <span class='ocrx_word' id='word_1_132' title='bbox 1504 1217 1564 1265; x_wconf 82' lang='grc' dir='ltr'><strong><em>ῶς</em></strong></span> 
     </span>
     <span class='ocr_line' id='line_1_19' title="bbox 212 1274 1562 1334; baseline -0.001 -11"><span class='ocrx_word' id='word_1_133' title='bbox 212 1277 389 1323; x_wconf 89' lang='grc' dir='ltr'><strong><em>τούτων</em></strong></span> <span class='ocrx_word' id='word_1_134' title='bbox 416 1280 533 1321; x_wconf 81' lang='grc' dir='ltr'><strong><em>τινὲς</em></strong></span> <span class='ocrx_word' id='word_1_135' title='bbox 561 1274 640 1320; x_wconf 78' lang='grc' dir='ltr'><strong><em>οὐκ</em></strong></span> <span class='ocrx_word' id='word_1_136' title='bbox 671 1278 959 1331; x_wconf 82' lang='grc' dir='ltr'><strong><em>αἰσχύνονται</em></strong></span> <span class='ocrx_word' id='word_1_137' title='bbox 991 1279 1035 1321; x_wconf 90' lang='grc' dir='ltr'><strong><em>οἱ</em></strong></span> <span class='ocrx_word' id='word_1_138' title='bbox 1061 1281 1147 1334; x_wconf 79' lang='grc' dir='ltr'><strong><em>μὲν</em></strong></span> <span class='ocrx_word' id='word_1_139' title='bbox 1176 1276 1379 1322; x_wconf 75' lang='grc' dir='ltr'><strong><em>αὐτόθεν</em></strong></span> <span class='ocrx_word' id='word_1_140' title='bbox 1407 1276 1562 1333; x_wconf 83' lang='grc' dir='ltr'><strong><em>κύβων</em></strong></span> 
     </span>
     <span class='ocr_line' id='line_1_20' title="bbox 213 1331 1563 1389; baseline -0.002 -9"><span class='ocrx_word' id='word_1_141' title='bbox 213 1333 443 1380; x_wconf 80' lang='grc' dir='ltr'><strong><em>ἅπτεσθαι</em></strong></span> <span class='ocrx_word' id='word_1_142' title='bbox 487 1337 562 1383; x_wconf 71' lang='grc' dir='ltr'><strong><em>καὶ</em></strong></span> <span class='ocrx_word' id='word_1_143' title='bbox 605 1333 690 1388; x_wconf 85' lang='grc' dir='ltr'><strong><em>τὴν</em></strong></span> <span class='ocrx_word' id='word_1_144' title='bbox 719 1331 861 1376; x_wconf 77' lang='grc' dir='ltr'><strong><em>οὕτως</em></strong></span> <span class='ocrx_word' id='word_1_145' title='bbox 903 1331 1134 1389; x_wconf 77' lang='grc' dir='ltr'><strong><em>ἀσχήμονα</em></strong></span> <span class='ocrx_word' id='word_1_146' title='bbox 1169 1339 1246 1377; x_wconf 84' lang='grc' dir='ltr'><strong><em>καὶ</em></strong></span> <span class='ocrx_word' id='word_1_147' title='bbox 1284 1331 1434 1377; x_wconf 77' lang='grc' dir='ltr'><strong><em>αὐτοῖς</em></strong></span> <span class='ocrx_word' id='word_1_148' title='bbox 1472 1338 1563 1377; x_wconf 83' lang='grc' dir='ltr'><strong><em>τοῖς</em></strong></span> 
     </span>
     <span class='ocr_line' id='line_1_21' title="bbox 214 1385 1561 1449; baseline -0.002 -14"><span class='ocrx_word' id='word_1_149' title='bbox 214 1391 412 1435; x_wconf 79' lang='grc' dir='ltr'><strong><em>ἰδιώταις</em></strong></span> <span class='ocrx_word' id='word_1_150' title='bbox 448 1385 559 1447; x_wconf 77' lang='grc' dir='ltr'><strong><em>παρ’</em></strong></span> <span class='ocrx_word' id='word_1_151' title='bbox 599 1387 758 1445; x_wconf 58' lang='grc' dir='ltr'><strong><em>ήμῶνῖ</em></strong></span> <span class='ocrx_word' id='word_1_152' title='bbox 795 1388 908 1432; x_wconf 81' lang='grc' dir='ltr'><strong><em>κατὰ</em></strong></span> <span class='ocrx_word' id='word_1_153' title='bbox 945 1389 997 1432; x_wconf 84' lang='grc' dir='ltr'><strong><em>τὸ</em></strong></span> <span class='ocrx_word' id='word_1_154' title='bbox 1027 1389 1240 1433; x_wconf 89' lang='grc' dir='ltr'><strong><em>πλεῖστον</em></strong></span> <span class='ocrx_word' id='word_1_155' title='bbox 1267 1386 1561 1449; x_wconf 83' lang='grc' dir='ltr'><strong><em>ἀπηγορευμέ-</em></strong></span> 
     </span>
     <span class='ocr_line' id='line_1_22' title="bbox 212 1443 1563 1514; baseline -0.002 -22"><span class='ocrx_word' id='word_1_156' title='bbox 212 1465 296 1503; x_wconf 90' lang='grc' dir='ltr'><strong><em>νην</em></strong></span> <span class='ocrx_word' id='word_1_157' title='bbox 333 1448 483 1490; x_wconf 78' lang='grc' dir='ltr'><strong><em>θέαν3</em></strong></span> <span class='ocrx_word' id='word_1_158' title='bbox 525 1449 746 1501; x_wconf 86' lang='grc' dir='ltr'><strong><em>μετιέναι,</em></strong></span> <span class='ocrx_word' id='word_1_159' title='bbox 789 1445 835 1488; x_wconf 88' lang='grc' dir='ltr'><strong><em>οἱ</em></strong></span> <span class='ocrx_word' id='word_1_160' title='bbox 873 1443 924 1488; x_wconf 76' lang='grc' dir='ltr'><strong><em>δὲ</em></strong></span> <span class='ocrx_word' id='word_1_161' title='bbox 964 1444 1048 1499; x_wconf 83' lang='grc' dir='ltr'><strong><em>τὴν</em></strong></span> <span class='ocrx_word' id='word_1_162' title='bbox 1089 1444 1307 1500; x_wconf 82' lang='grc' dir='ltr'><strong><em>τοιαύτην</em></strong></span> <span class='ocrx_word' id='word_1_163' title='bbox 1346 1451 1563 1514; x_wconf 79' lang='grc' dir='ltr'><strong><em>παιγνίαν</em></strong></span> 
     </span>
     <span class='ocr_line' id='line_1_23' title="bbox 212 1497 1561 1563; baseline -0.002 -15"><span class='ocrx_word' id='word_1_164' title='bbox 212 1503 288 1548; x_wconf 77' lang='grc' dir='ltr'><strong><em>οὐκ</em></strong></span> <span class='ocrx_word' id='word_1_165' title='bbox 328 1501 647 1561; x_wconf 82' lang='grc' dir='ltr'><strong><em>αύτουργοῦσιν</em></strong></span> <span class='ocrx_word' id='word_1_166' title='bbox 658 1502 690 1554; x_wconf 74' lang='lat'><strong><em>⁴,</em></strong></span> <span class='ocrx_word' id='word_1_167' title='bbox 730 1497 831 1544; x_wconf 75' lang='grc' dir='ltr'><strong><em>ἀλλ’</em></strong></span> <span class='ocrx_word' id='word_1_168' title='bbox 875 1497 902 1556; x_wconf 80' lang='grc' dir='ltr'>ἢ</span> <span class='ocrx_word' id='word_1_169' title='bbox 930 1503 1196 1545; x_wconf 83' lang='grc' dir='ltr'><strong><em>κοινωνοῦσι</em></strong></span> <span class='ocrx_word' id='word_1_170' title='bbox 1223 1506 1316 1545; x_wconf 91' lang='grc' dir='ltr'><strong><em>τοῖς</em></strong></span> <span class='ocrx_word' id='word_1_171' title='bbox 1344 1519 1561 1563; x_wconf 87' lang='grc' dir='ltr'><strong><em>πραττου·</em></strong></span> 
     </span>
     <span class='ocr_line' id='line_1_24' title="bbox 214 1554 1562 1616; baseline -0.001 -13"><span class='ocrx_word' id='word_1_172' title='bbox 214 1575 286 1603; x_wconf 93' lang='grc' dir='ltr'><strong><em>σιν</em></strong></span> <span class='ocrx_word' id='word_1_173' title='bbox 314 1555 342 1614; x_wconf 82' lang='grc' dir='ltr'>ἢ</span> <span class='ocrx_word' id='word_1_174' title='bbox 370 1556 599 1612; x_wconf 73' lang='grc' dir='ltr'><strong><em>κάθηνται</em></strong></span> <span class='ocrx_word' id='word_1_175' title='bbox 630 1558 799 1601; x_wconf 85' lang='grc' dir='ltr'><strong><em>θεαταὶ</em></strong></span> <span class='ocrx_word' id='word_1_176' title='bbox 828 1554 1032 1616; x_wconf 81' lang='grc' dir='ltr'><strong><em>πράξεως</em></strong></span> <span class='ocrx_word' id='word_1_177' title='bbox 1059 1555 1232 1601; x_wconf 82' lang='grc' dir='ltr'><strong><em>ἀτόπου</em></strong></span> <span class='ocrx_word' id='word_1_178' title='bbox 1242 1560 1272 1611; x_wconf 84' lang='lat'><strong><em>⁵,</em></strong></span> <span class='ocrx_word' id='word_1_179' title='bbox 1310 1563 1385 1602; x_wconf 83' lang='grc' dir='ltr'><strong><em>καὶ</em></strong></span> <span class='ocrx_word' id='word_1_180' title='bbox 1402 1559 1562 1601; x_wconf 78' lang='grc' dir='ltr'><strong><em>θεῶν·</em></strong></span> 
     </span>
     <span class='ocr_line' id='line_1_25' title="bbox 213 1611 1561 1673; baseline -0.002 -14"><span class='ocrx_word' id='word_1_181' title='bbox 213 1634 288 1659; x_wconf 93' lang='grc' dir='ltr'><strong><em>ται</em></strong></span> <span class='ocrx_word' id='word_1_182' title='bbox 323 1617 407 1671; x_wconf 79' lang='grc' dir='ltr'><strong><em>μὲν</em></strong></span> <span class='ocrx_word' id='word_1_183' title='bbox 436 1613 519 1657; x_wconf 78' lang='grc' dir='ltr'><strong><em>σῦν</em></strong></span> <span class='ocrx_word' id='word_1_184' title='bbox 555 1614 781 1669; x_wconf 79' lang='grc' dir='ltr'><strong><em>ἐπιθυμίᾳ</em></strong></span> <span class='ocrx_word' id='word_1_185' title='bbox 810 1613 932 1673; x_wconf 83' lang='grc' dir='ltr'><strong><em>πάσῃ</em></strong></span> <span class='ocrx_word' id='word_1_186' title='bbox 965 1611 1022 1656; x_wconf 80' lang='grc' dir='ltr'><strong><em>τά</em></strong></span> <span class='ocrx_word' id='word_1_187' title='bbox 1051 1612 1244 1657; x_wconf 89' lang='grc' dir='ltr'><strong><em>πάντων</em></strong></span> <span class='ocrx_word' id='word_1_188' title='bbox 1271 1611 1561 1666; x_wconf 79' lang='grc' dir='ltr'><strong><em>ἀτοπώτατα,</em></strong></span> 
     </span>
     <span class='ocr_line' id='line_1_26' title="bbox 214 1666 1564 1730; baseline -0.001 -15"><span class='ocrx_word' id='word_1_189' title='bbox 214 1670 360 1730; x_wconf 89' lang='grc' dir='ltr'><strong><em>λόγων</em></strong></span> <span class='ocrx_word' id='word_1_190' title='bbox 390 1667 440 1713; x_wconf 81' lang='grc' dir='ltr'><strong><em>δὲ</em></strong></span> <span class='ocrx_word' id='word_1_191' title='bbox 467 1666 673 1713; x_wconf 82' lang='grc' dir='ltr'><strong><em>ἀκούουσι</em></strong></span> <span class='ocrx_word' id='word_1_192' title='bbox 701 1667 1002 1728; x_wconf 89' lang='grc' dir='ltr'><strong><em>βλασφήμων,</em></strong></span> <span class='ocrx_word' id='word_1_193' title='bbox 1043 1666 1116 1713; x_wconf 70' lang='grc' dir='ltr'><strong><em>οὓς</em></strong></span> <span class='ocrx_word' id='word_1_194' title='bbox 1152 1673 1202 1713; x_wconf 79' lang='grc' dir='ltr'><strong><em>ἐν</em></strong></span> <span class='ocrx_word' id='word_1_195' title='bbox 1230 1674 1322 1714; x_wconf 86' lang='grc' dir='ltr'><strong><em>τοῖς</em></strong></span> <span class='ocrx_word' id='word_1_196' title='bbox 1349 1669 1564 1714; x_wconf 80' lang='grc' dir='ltr'><strong><em>τοιούτοις</em></strong></span> 
     </span>
     <span class='ocr_line' id='line_1_27' title="bbox 213 1722 1563 1788; baseline -0.001 -18"><span class='ocrx_word' id='word_1_197' title='bbox 213 1726 378 1788; x_wconf 80' lang='grc' dir='ltr'><strong><em>ἀνάγκη</em></strong></span> <span class='ocrx_word' id='word_1_198' title='bbox 421 1727 654 1786; x_wconf 90' lang='grc' dir='ltr'><strong><em>γίνεσθαι,</em></strong></span> <span class='ocrx_word' id='word_1_199' title='bbox 698 1722 942 1782; x_wconf 88' lang='grc' dir='ltr'><strong><em>μολύνουσί</em></strong></span> <span class='ocrx_word' id='word_1_200' title='bbox 982 1742 1032 1768; x_wconf 86' lang='grc' dir='ltr'><strong><em>τε</em></strong></span> <span class='ocrx_word' id='word_1_201' title='bbox 1075 1725 1153 1770; x_wconf 86' lang='grc' dir='ltr'><strong><em>τὰς</em></strong></span> <span class='ocrx_word' id='word_1_202' title='bbox 1199 1727 1376 1770; x_wconf 77' lang='grc' dir='ltr'><strong><em>ἑαυτῶν</em></strong></span> <span class='ocrx_word' id='word_1_203' title='bbox 1419 1731 1563 1786; x_wconf 86' lang='grc' dir='ltr'><strong><em>χεῖρας</em></strong></span> 
     </span>
     <span class='ocr_line' id='line_1_28' title="bbox 213 1778 1562 1842; baseline -0.001 -15"><span class='ocrx_word' id='word_1_204' title='bbox 213 1782 290 1828; x_wconf 89' lang='grc' dir='ltr'><strong><em>τάς</em></strong></span> <span class='ocrx_word' id='word_1_205' title='bbox 332 1800 383 1827; x_wconf 86' lang='grc' dir='ltr'><strong><em>τε</em></strong></span> <span class='ocrx_word' id='word_1_206' title='bbox 419 1779 594 1840; x_wconf 82' lang='grc' dir='ltr'><strong><em>ὁράσεις</em></strong></span> <span class='ocrx_word' id='word_1_207' title='bbox 635 1778 715 1824; x_wconf 91' lang='grc' dir='ltr'><strong><em>τάς</em></strong></span> <span class='ocrx_word' id='word_1_208' title='bbox 758 1798 809 1824; x_wconf 87' lang='grc' dir='ltr'><strong><em>τε</em></strong></span> <span class='ocrx_word' id='word_1_209' title='bbox 851 1779 982 1825; x_wconf 85' lang='grc' dir='ltr'><strong><em>ἀκοὰς</em></strong></span> <span class='ocrx_word' id='word_1_210' title='bbox 1018 1778 1139 1826; x_wconf 71' lang='grc' dir='ltr'><strong><em>οὕτω</em></strong></span> <span class='ocrx_word' id='word_1_211' title='bbox 1178 1787 1562 1842; x_wconf 84' lang='grc' dir='ltr'><strong><em>κατεγνωσμένοις</em></strong></span> 
     </span>
     <span class='ocr_line' id='line_1_29' title="bbox 213 1835 1562 1899; baseline -0.002 -16"><span class='ocrx_word' id='word_1_212' title='bbox 213 1844 287 1883; x_wconf 80' lang='grc' dir='ltr'><strong><em>καὶ</em></strong></span> <span class='ocrx_word' id='word_1_213' title='bbox 325 1836 728 1899; x_wconf 63' lang='grc' dir='ltr'><strong><em>ἀπηγορευμένοιςθ</em></strong></span> <span class='ocrx_word' id='word_1_214' title='bbox 768 1843 1008 1897; x_wconf 78' lang='grc' dir='ltr'><strong><em>παιγνίοις·</em></strong></span> <span class='ocrx_word' id='word_1_215' title='bbox 1054 1838 1099 1881; x_wconf 88' lang='grc' dir='ltr'><strong><em>οἱ</em></strong></span> <span class='ocrx_word' id='word_1_216' title='bbox 1134 1835 1184 1881; x_wconf 74' lang='grc' dir='ltr'><strong><em>δὲ</em></strong></span> <span class='ocrx_word' id='word_1_217' title='bbox 1221 1842 1295 1881; x_wconf 80' lang='grc' dir='ltr'><strong><em>καὶ</em></strong></span> <span class='ocrx_word' id='word_1_218' title='bbox 1333 1836 1562 1898; x_wconf 88' lang='grc' dir='ltr'><strong><em>ἀπαρακα-</em></strong></span> 
     </span>
     <span class='ocr_line' id='line_1_30' title="bbox 215 1891 1565 1954; baseline -0.001 -15"><span class='ocrx_word' id='word_1_219' title='bbox 215 1895 393 1941; x_wconf 88' lang='grc' dir='ltr'><strong><em>λύπτως</em></strong></span> <span class='ocrx_word' id='word_1_220' title='bbox 421 1891 449 1949; x_wconf 84' lang='grc' dir='ltr'><em>ἢ</em></span> <span class='ocrx_word' id='word_1_221' title='bbox 478 1899 576 1938; x_wconf 88' lang='grc' dir='ltr'><strong><em>ταῖς</em></strong></span> <span class='ocrx_word' id='word_1_222' title='bbox 604 1895 701 1937; x_wconf 89' lang='grc' dir='ltr'><strong><em>τῶν</em></strong></span> <span class='ocrx_word' id='word_1_223' title='bbox 730 1895 889 1938; x_wconf 82' lang='grc' dir='ltr'><strong><em>ἵππων</em></strong></span> <span class='ocrx_word' id='word_1_224' title='bbox 910 1891 1113 1950; x_wconf 80' lang='grc' dir='ltr'><strong><em>ἁμίλλαις</em></strong></span> <span class='ocrx_word' id='word_1_225' title='bbox 1142 1891 1170 1949; x_wconf 84' lang='grc' dir='ltr'>ἢ</span> <span class='ocrx_word' id='word_1_226' title='bbox 1197 1894 1565 1954; x_wconf 86' lang='grc' dir='ltr'><strong><em>παραβάλλουσιν</em></strong></span> 
     </span>
     <span class='ocr_line' id='line_1_31' title="bbox 220 1946 1564 2011; baseline -0.001 -16"><span class='ocrx_word' id='word_1_227' title='bbox 220 1950 240 1964; x_wconf 73' lang='grc'><strong>”</strong></span> <span class='ocrx_word' id='word_1_228' title='bbox 269 1956 343 1995; x_wconf 78' lang='grc' dir='ltr'><strong><em>καὶ</em></strong></span> <span class='ocrx_word' id='word_1_229' title='bbox 373 1950 707 2011; x_wconf 84' lang='grc' dir='ltr'><strong><em>προκαλοῦνταί</em></strong></span> <span class='ocrx_word' id='word_1_230' title='bbox 732 1965 858 1993; x_wconf 90' lang='grc' dir='ltr'><strong><em>τινας</em></strong></span> <span class='ocrx_word' id='word_1_231' title='bbox 885 1946 997 2009; x_wconf 77' lang='grc' dir='ltr'><strong><em>ὑπὲρ</em></strong></span> <span class='ocrx_word' id='word_1_232' title='bbox 1025 1952 1102 2006; x_wconf 76' lang='grc' dir='ltr'><strong><em>τῆς</em></strong></span> <span class='ocrx_word' id='word_1_233' title='bbox 1130 1953 1227 1994; x_wconf 87' lang='grc' dir='ltr'><strong><em>τῶν</em></strong></span> <span class='ocrx_word' id='word_1_234' title='bbox 1251 1952 1410 1996; x_wconf 84' lang='grc' dir='ltr'><strong><em>ἵππων</em></strong></span> <span class='ocrx_word' id='word_1_235' title='bbox 1432 1948 1564 2005; x_wconf 77' lang='grc' dir='ltr'><strong><em>ἥττης</em></strong></span> 
     </span>
     <span class='ocr_line' id='line_1_32' title="bbox 214 2003 1563 2067; baseline -0.003 -15"><span class='ocrx_word' id='word_1_236' title='bbox 214 2028 242 2065; x_wconf 90' lang='grc' dir='ltr'><strong><em>η</em></strong></span> <span class='ocrx_word' id='word_1_237' title='bbox 268 2013 400 2063; x_wconf 88' lang='grc' dir='ltr'><strong><em>νίκης,</em></strong></span> <span class='ocrx_word' id='word_1_238' title='bbox 429 2003 457 2061; x_wconf 84' lang='grc' dir='ltr'><em>ἢ</em></span> <span class='ocrx_word' id='word_1_239' title='bbox 486 2003 551 2050; x_wconf 78' lang='grc' dir='ltr'><strong><em>δι’</em></strong></span> <span class='ocrx_word' id='word_1_240' title='bbox 585 2006 760 2050; x_wconf 84' lang='grc' dir='ltr'><strong><em>ἑαυτῶν</em></strong></span> <span class='ocrx_word' id='word_1_241' title='bbox 789 2003 817 2060; x_wconf 85' lang='grc' dir='ltr'><em>ἢ</em></span> <span class='ocrx_word' id='word_1_242' title='bbox 847 2003 920 2048; x_wconf 90' lang='grc' dir='ltr'><strong><em>διά</em></strong></span> <span class='ocrx_word' id='word_1_243' title='bbox 948 2023 1091 2050; x_wconf 91' lang='grc' dir='ltr'><strong><em>τινων</em></strong></span> <span class='ocrx_word' id='word_1_244' title='bbox 1120 2007 1289 2067; x_wconf 84' lang='grc' dir='ltr'><strong><em>ἑτέρων</em></strong></span> <span class='ocrx_word' id='word_1_245' title='bbox 1305 2006 1383 2050; x_wconf 83' lang='grc' dir='ltr'><strong><em>οὐκ</em></strong></span> <span class='ocrx_word' id='word_1_246' title='bbox 1415 2006 1563 2061; x_wconf 80' lang='grc' dir='ltr'><strong><em>εὐσχη-</em></strong></span> 
     </span>
     <span class='ocr_line' id='line_1_33' title="bbox 213 2060 1565 2122; baseline -0.002 -14"><span class='ocrx_word' id='word_1_247' title='bbox 213 2064 363 2122; x_wconf 85' lang='grc' dir='ltr'><strong><em>μόνως</em></strong></span> <span class='ocrx_word' id='word_1_248' title='bbox 405 2062 462 2106; x_wconf 84' lang='grc' dir='ltr'><strong><em>τά</em></strong></span> <span class='ocrx_word' id='word_1_249' title='bbox 505 2063 690 2106; x_wconf 85' lang='grc' dir='ltr'><strong><em>τοιαῦτα</em></strong></span> <span class='ocrx_word' id='word_1_250' title='bbox 734 2064 990 2116; x_wconf 83' lang='grc' dir='ltr'><strong><em>παίζοντες,</em></strong></span> <span class='ocrx_word' id='word_1_251' title='bbox 1034 2060 1062 2117; x_wconf 85' lang='grc' dir='ltr'><em>ἢ</em></span> <span class='ocrx_word' id='word_1_252' title='bbox 1096 2065 1194 2106; x_wconf 82' lang='grc' dir='ltr'><strong><em>τῶν</em></strong></span> <span class='ocrx_word' id='word_1_253' title='bbox 1232 2065 1282 2106; x_wconf 83' lang='grc' dir='ltr'><strong><em>ἐν</em></strong></span> <span class='ocrx_word' id='word_1_254' title='bbox 1322 2065 1462 2122; x_wconf 84' lang='grc' dir='ltr'><strong><em>σκηνῇ</em></strong></span> <span class='ocrx_word' id='word_1_255' title='bbox 1491 2066 1565 2106; x_wconf 88' lang='grc' dir='ltr'><strong><em>καὶ</em></strong></span> 
     </span>
     <span class='ocr_line' id='line_1_34' title="bbox 214 2116 1563 2178; baseline -0.004 -13"><span class='ocrx_word' id='word_1_256' title='bbox 214 2119 431 2178; x_wconf 87' lang='grc' dir='ltr'><strong><em>θυμέλαις</em></strong></span> <span class='ocrx_word' id='word_1_257' title='bbox 467 2119 635 2162; x_wconf 84' lang='grc' dir='ltr'><strong><em>θεαταὶ</em></strong></span> <span class='ocrx_word' id='word_1_258' title='bbox 671 2123 876 2178; x_wconf 85' lang='grc' dir='ltr'><strong><em>γίνονται</em></strong></span> <span class='ocrx_word' id='word_1_259' title='bbox 916 2124 1154 2177; x_wconf 87' lang='grc' dir='ltr'><strong><em>παιγνίων,</em></strong></span> <span class='ocrx_word' id='word_1_260' title='bbox 1196 2116 1222 2173; x_wconf 85' lang='grc' dir='ltr'><em>ἢ</em></span> <span class='ocrx_word' id='word_1_261' title='bbox 1252 2124 1348 2162; x_wconf 87' lang='grc' dir='ltr'><strong><em>ταῖς</em></strong></span> <span class='ocrx_word' id='word_1_262' title='bbox 1377 2123 1427 2162; x_wconf 83' lang='grc' dir='ltr'><strong><em>ἐν</em></strong></span> <span class='ocrx_word' id='word_1_263' title='bbox 1457 2116 1563 2162; x_wconf 89' lang='grc' dir='ltr'><strong><em>θεά-</em></strong></span> 
     </span>
     <span class='ocr_line' id='line_1_35' title="bbox 215 2172 1564 2248; baseline -0.003 -27"><span class='ocrx_word' id='word_1_264' title='bbox 215 2192 334 2238; x_wconf 88' lang='grc' dir='ltr'><strong><em>τροις</em></strong></span> <span class='ocrx_word' id='word_1_265' title='bbox 377 2177 475 2219; x_wconf 90' lang='grc' dir='ltr'><strong><em>τῶν</em></strong></span> <span class='ocrx_word' id='word_1_266' title='bbox 519 2178 785 2231; x_wconf 86' lang='grc' dir='ltr'><strong><em>μαχομένων</em></strong></span> <span class='ocrx_word' id='word_1_267' title='bbox 823 2172 932 2232; x_wconf 85' lang='grc' dir='ltr'><strong><em>πρὸς</em></strong></span> <span class='ocrx_word' id='word_1_268' title='bbox 970 2173 1027 2217; x_wconf 81' lang='grc' dir='ltr'><strong><em>τὰ</em></strong></span> <span class='ocrx_word' id='word_1_269' title='bbox 1064 2174 1207 2248; x_wconf 81' lang='grc' dir='ltr'><strong><em>θηρία</em></strong></span> <span class='ocrx_word' id='word_1_270' title='bbox 1233 2172 1394 2232; x_wconf 85' lang='grc' dir='ltr'><strong><em>μάχαις</em></strong></span> <span class='ocrx_word' id='word_1_271' title='bbox 1423 2192 1564 2234; x_wconf 87' lang='grc' dir='ltr'><strong><em>παρα-</em></strong></span> 
     </span>
     <span class='ocr_line' id='line_1_36' title="bbox 214 2227 1563 2294; baseline -0.002 -17"><span class='ocrx_word' id='word_1_272' title='bbox 214 2239 418 2294; x_wconf 87' lang='grc' dir='ltr'><strong><em>γίνονται</em></strong></span> <span class='ocrx_word' id='word_1_273' title='bbox 454 2235 529 2274; x_wconf 85' lang='grc' dir='ltr'><strong><em>καὶ</em></strong></span> <span class='ocrx_word' id='word_1_274' title='bbox 564 2229 643 2274; x_wconf 80' lang='grc' dir='ltr'><strong><em>οὐκ</em></strong></span> <span class='ocrx_word' id='word_1_275' title='bbox 672 2231 916 2282; x_wconf 77' lang='grc' dir='ltr'><strong><em>ἐννοοῦσιν,</em></strong></span> <span class='ocrx_word' id='word_1_276' title='bbox 957 2227 1044 2273; x_wconf 81' lang='grc' dir='ltr'><strong><em>ῶς7</em></strong></span> <span class='ocrx_word' id='word_1_277' title='bbox 1083 2249 1157 2274; x_wconf 89' lang='grc' dir='ltr'><strong><em>και</em></strong></span> <span class='ocrx_word' id='word_1_278' title='bbox 1186 2236 1278 2275; x_wconf 91' lang='grc' dir='ltr'><strong><em>τοῖς</em></strong></span> <span class='ocrx_word' id='word_1_279' title='bbox 1305 2232 1407 2288; x_wconf 81' lang='grc' dir='ltr'><strong><em>ἄρτι</em></strong></span> <span class='ocrx_word' id='word_1_280' title='bbox 1435 2248 1563 2288; x_wconf 90' lang='grc' dir='ltr'><strong><em>μυου-</em></strong></span> 
     </span>
     <span class='ocr_line' id='line_1_37' title="bbox 216 2284 1566 2347; baseline -0.004 -13"><span class='ocrx_word' id='word_1_281' title='bbox 216 2293 360 2335; x_wconf 78' lang='grc' dir='ltr'><strong><em>μένοις</em></strong></span> <span class='ocrx_word' id='word_1_282' title='bbox 398 2291 472 2331; x_wconf 83' lang='grc' dir='ltr'><strong><em>καὶ</em></strong></span> <span class='ocrx_word' id='word_1_283' title='bbox 513 2288 610 2330; x_wconf 90' lang='grc' dir='ltr'><strong><em>τῶν</em></strong></span> <span class='ocrx_word' id='word_1_284' title='bbox 647 2288 972 2347; x_wconf 85' lang='grc' dir='ltr'><strong><em>προσκυνητῶν</em></strong></span> <span class='ocrx_word' id='word_1_285' title='bbox 1007 2284 1279 2343; x_wconf 78' lang='grc' dir='ltr'><strong><em>ἀξιουμένοις</em></strong></span> <span class='ocrx_word' id='word_1_286' title='bbox 1303 2292 1566 2346; x_wconf 89' lang='grc' dir='ltr'><strong><em>μυστηρίων</em></strong></span> 
     </span>
     <span class='ocr_line' id='line_1_38' title="bbox 217 2339 1563 2403; baseline -0.002 -15"><span class='ocrx_word' id='word_1_287' title='bbox 217 2344 342 2389; x_wconf 79' lang='grc' dir='ltr'><strong><em>αὐτοὶ</em></strong></span> <span class='ocrx_word' id='word_1_288' title='bbox 380 2340 762 2403; x_wconf 86' lang='grc' dir='ltr'><strong><em>προκηρύττουσιν</em></strong></span> <span class='ocrx_word' id='word_1_289' title='bbox 801 2339 1146 2386; x_wconf 85' lang='grc' dir='ltr'><strong><em>ἀποτάττεσθαι</em></strong></span> <span class='ocrx_word' id='word_1_290' title='bbox 1183 2341 1241 2403; x_wconf 83' lang='grc' dir='ltr'><strong><em>τῇ</em></strong></span> <span class='ocrx_word' id='word_1_291' title='bbox 1269 2345 1349 2386; x_wconf 78' lang='grc' dir='ltr'><strong><em>τοῦ</em></strong></span> <span class='ocrx_word' id='word_1_292' title='bbox 1377 2341 1563 2386; x_wconf 88' lang='grc' dir='ltr'><strong><em>ἀντικει-</em></strong></span> 
     </span>
     <span class='ocr_line' id='line_1_39' title="bbox 215 2389 1563 2459; baseline -0.002 -14"><span class='ocrx_word' id='word_1_293' title='bbox 215 2406 347 2450; x_wconf 81' lang='grc' dir='ltr'><strong><em>μένου</em></strong></span> <span class='ocrx_word' id='word_1_294' title='bbox 384 2399 594 2449; x_wconf 85' lang='grc' dir='ltr'><strong><em>δαίμονος</em></strong></span> <span class='ocrx_word' id='word_1_295' title='bbox 631 2397 814 2457; x_wconf 75' lang='grc' dir='ltr'><strong><em>λατρεία</em></strong></span> <span class='ocrx_word' id='word_1_296' title='bbox 849 2414 899 2441; x_wconf 84' lang='grc' dir='ltr'><strong><em>τε</em></strong></span> <span class='ocrx_word' id='word_1_297' title='bbox 934 2402 1008 2442; x_wconf 86' lang='grc' dir='ltr'><strong><em>καὶ</em></strong></span> <span class='ocrx_word' id='word_1_298' title='bbox 1038 2395 1161 2459; x_wconf 83' lang='grc' dir='ltr'><strong><em>πάσῃ</em></strong></span> <span class='ocrx_word' id='word_1_299' title='bbox 1191 2401 1364 2459; x_wconf 84' lang='grc' dir='ltr'><strong><em>πομπῇ,</em></strong></span> <span class='ocrx_word' id='word_1_300' title='bbox 1403 2389 1452 2454; x_wconf 75' lang='grc' dir='ltr'><strong><em>ἧς</em></strong></span> <span class='ocrx_word' id='word_1_301' title='bbox 1484 2395 1563 2442; x_wconf 77' lang='grc' dir='ltr'><strong><em>οὐκ</em></strong></span> 
     </span>
    </p>
   </div>
   <div class='ocr_carea' id='block_1_3' title="bbox 218 2563 1559 2739">
    <p class='ocr_par' dir='ltr' id='par_1_3' title="bbox 218 2563 1559 2739">
     <span class='ocr_line' id='line_1_40' title="bbox 218 2563 1559 2629; baseline -0.004 -16"><span class='ocrx_word' id='word_1_302' title='bbox 218 2572 268 2625; x_wconf 99' lang='grc'><strong><em>(1)</em></strong></span> <span class='ocrx_word' id='word_1_303' title='bbox 300 2566 440 2629; x_wconf 89' lang='grc' dir='ltr'><strong><em>κύριοι</em></strong></span> <span class='ocrx_word' id='word_1_304' title='bbox 468 2571 634 2612; x_wconf 87' lang='lat' dir='ltr'><em>Nomoc.</em></span> <span class='ocrx_word' id='word_1_305' title='bbox 749 2569 805 2622; x_wconf 73' lang='lat'><strong><em>(2)</em></strong></span> <span class='ocrx_word' id='word_1_306' title='bbox 837 2578 872 2621; x_wconf 86' lang='lat'><strong><em>3,</em></strong></span> <span class='ocrx_word' id='word_1_307' title='bbox 889 2577 932 2611; x_wconf 82' lang='grc'><strong><em>43</em></strong></span> <span class='ocrx_word' id='word_1_308' title='bbox 1046 2569 1102 2622; x_wconf 81' lang='grc'><strong><em>(3)</em></strong></span> <span class='ocrx_word' id='word_1_309' title='bbox 1133 2563 1322 2610; x_wconf 88' lang='grc' dir='ltr'><strong><em>παιδιάν</em></strong></span> <span class='ocrx_word' id='word_1_310' title='bbox 1338 2568 1559 2609; x_wconf 82' lang='lat' dir='ltr'><strong><em>Mommsen</em></strong></span> 
     </span>
     <span class='ocr_line' id='line_1_41' title="bbox 218 2619 1559 2684; baseline -0.002 -17"><span class='ocrx_word' id='word_1_311' title='bbox 218 2630 271 2680; x_wconf 74' lang='grc'><strong><em>(4)</em></strong></span> <span class='ocrx_word' id='word_1_312' title='bbox 301 2622 351 2667; x_wconf 80' lang='grc' dir='ltr'><strong><em>οὗ</em></strong></span> <span class='ocrx_word' id='word_1_313' title='bbox 382 2625 680 2684; x_wconf 86' lang='grc' dir='ltr'><strong><em>καταργοῦσιν</em></strong></span> <span class='ocrx_word' id='word_1_314' title='bbox 709 2625 876 2667; x_wconf 85' lang='lat' dir='ltr'><em>Nomoc.</em></span> <span class='ocrx_word' id='word_1_315' title='bbox 1057 2624 1112 2676; x_wconf 85' lang='lat'><strong><em>(5)</em></strong></span> <span class='ocrx_word' id='word_1_316' title='bbox 1144 2621 1348 2683; x_wconf 81' lang='grc' dir='ltr'><strong><em>πράξεως</em></strong></span> <span class='ocrx_word' id='word_1_317' title='bbox 1388 2619 1559 2665; x_wconf 86' lang='grc' dir='ltr'><strong><em>ἀτόπου</em></strong></span> 
     </span>
     <span class='ocr_line' id='line_1_42' title="bbox 222 2675 1559 2739; baseline -0.004 -13"><span class='ocrx_word' id='word_1_318' title='bbox 222 2681 334 2733; x_wconf 67' lang='lat' dir='ltr'><em>Coti,</em></span> <span class='ocrx_word' id='word_1_319' title='bbox 364 2677 506 2735; x_wconf 88' lang='grc' dir='ltr'><strong><em>πάσης</em></strong></span> <span class='ocrx_word' id='word_1_320' title='bbox 534 2675 704 2724; x_wconf 85' lang='grc' dir='ltr'><strong><em>ἀτόπου</em></strong></span> <span class='ocrx_word' id='word_1_321' title='bbox 734 2676 936 2739; x_wconf 84' lang='grc' dir='ltr'><strong><em>πράξεως</em></strong></span> <span class='ocrx_word' id='word_1_322' title='bbox 965 2681 1133 2723; x_wconf 84' lang='grc' dir='ltr'><strong><em>Νοπιοε.</em></strong></span> <span class='ocrx_word' id='word_1_323' title='bbox 1270 2682 1326 2735; x_wconf 87' lang='grc'><strong><em>(6)</em></strong></span> <span class='ocrx_word' id='word_1_324' title='bbox 1358 2675 1559 2737; x_wconf 86' lang='grc' dir='ltr'><strong><em>ἀπεγνω-</em></strong></span> 
     </span>
    </p>
   </div>
   <div class='ocr_carea' id='block_1_4' title="bbox 221 2871 1570 4716">
    <p class='ocr_par' dir='ltr' id='par_1_4' title="bbox 221 2871 1570 4716">
     <span class='ocr_line' id='line_1_43' title="bbox 222 2871 1565 2930; baseline 0 -15"><span class='ocrx_word' id='word_1_325' title='bbox 222 2876 404 2916; x_wconf 88' lang='lat' dir='ltr'><em>nostrae</em></span> <span class='ocrx_word' id='word_1_326' title='bbox 447 2876 819 2928; x_wconf 74' lang='lat' dir='ltr'><em>aitqmentumque</em></span> <span class='ocrx_word' id='word_1_327' title='bbox 859 2886 1042 2930; x_wconf 91' lang='lat' dir='ltr'><em>parare.</em></span> <span class='ocrx_word' id='word_1_328' title='bbox 1114 2872 1232 2917; x_wconf 87' lang='lat' dir='ltr'><em>unde</em></span> <span class='ocrx_word' id='word_1_329' title='bbox 1270 2877 1315 2917; x_wconf 88' lang='lat' dir='ltr'><strong><em>et</em></strong></span> <span class='ocrx_word' id='word_1_330' title='bbox 1357 2871 1565 2916; x_wconf 88' lang='lat' dir='ltr'><em>barbaris</em></span> 
     </span>
     <span class='ocr_line' id='line_1_44' title="bbox 222 2926 1566 2990; baseline 0.001 -20"><span class='ocrx_word' id='word_1_331' title='bbox 222 2929 444 2986; x_wconf 88' lang='lat' dir='ltr'><em>imperare</em></span> <span class='ocrx_word' id='word_1_332' title='bbox 481 2926 749 2990; x_wconf 43' lang='lat' dir='ltr'><em>nobis-licet</em></span> <span class='ocrx_word' id='word_1_333' title='bbox 783 2926 1076 2985; x_wconf 83' lang='lat' dir='ltr'><em>dominosque</em></span> <span class='ocrx_word' id='word_1_334' title='bbox 1106 2928 1211 2983; x_wconf 84' lang='lat' dir='ltr'><em>sieri</em></span> <span class='ocrx_word' id='word_1_335' title='bbox 1237 2928 1420 2972; x_wconf 88' lang='lat' dir='ltr'><em>illorum</em></span> <span class='ocrx_word' id='word_1_336' title='bbox 1480 2942 1566 2972; x_wconf 89' lang='lat' dir='ltr'><strong><em>uae</em></strong></span> 
     </span>
     <span class='ocr_line' id='line_1_45' title="bbox 223 2984 1566 3040; baseline 0 -13"><span class='ocrx_word' id='word_1_337' title='bbox 223 2988 357 3028; x_wconf 90' lang='lat' dir='ltr'><em>antea</em></span> <span class='ocrx_word' id='word_1_338' title='bbox 385 2996 478 3027; x_wconf 90' lang='lat' dir='ltr'><strong><em>non</em></strong></span> <span class='ocrx_word' id='word_1_339' title='bbox 507 2987 739 3027; x_wconf 76' lang='lat' dir='ltr'><em>tenuimus.</em></span> <span class='ocrx_word' id='word_1_340' title='bbox 793 2996 848 3027; x_wconf 90' lang='lat' dir='ltr'><em>ac</em></span> <span class='ocrx_word' id='word_1_341' title='bbox 877 2988 1047 3040; x_wconf 82' lang='lat' dir='ltr'><em>quanto</em></span> <span class='ocrx_word' id='word_1_342' title='bbox 1078 2984 1330 3030; x_wconf 88' lang='lat' dir='ltr'><em>auctoritas</em></span> <span class='ocrx_word' id='word_1_343' title='bbox 1357 2988 1404 3028; x_wconf 91' lang='lat' dir='ltr'><strong><em>et</em></strong></span> <span class='ocrx_word' id='word_1_344' title='bbox 1462 2997 1566 3028; x_wconf 90' lang='lat' dir='ltr'><em>ecus</em></span> 
     </span>
     <span class='ocr_line' id='line_1_46' title="bbox 222 3039 1566 3098; baseline 0 -15"><span class='ocrx_word' id='word_1_345' title='bbox 222 3053 378 3084; x_wconf 88' lang='lat' dir='ltr'><em>eorum</em></span> <span class='ocrx_word' id='word_1_346' title='bbox 420 3042 603 3091; x_wconf 90' lang='lat' dir='ltr'><em>crescet,</em></span> <span class='ocrx_word' id='word_1_347' title='bbox 643 3042 816 3082; x_wconf 89' lang='lat' dir='ltr'><em>tantum</em></span> <span class='ocrx_word' id='word_1_348' title='bbox 861 3039 994 3083; x_wconf 90' lang='lat' dir='ltr'><em>etiam</em></span> <span class='ocrx_word' id='word_1_349' title='bbox 1032 3039 1100 3083; x_wconf 93' lang='lat' dir='ltr'><strong><em>rei</em></strong></span> <span class='ocrx_word' id='word_1_350' title='bbox 1132 3039 1344 3098; x_wconf 87' lang='lat' dir='ltr'><em>publicae</em></span> <span class='ocrx_word' id='word_1_351' title='bbox 1381 3044 1566 3084; x_wconf 90' lang='lat' dir='ltr'><em>nostrae</em></span> 
     </span>
     <span class='ocr_line' id='line_1_47' title="bbox 222 3096 1565 3153; baseline -0.001 -14"><span class='ocrx_word' id='word_1_352' title='bbox 222 3096 539 3139; x_wconf 89' lang='lat' dir='ltr'><em>incrementum</em></span> <span class='ocrx_word' id='word_1_353' title='bbox 577 3107 860 3138; x_wconf 89' lang='lat' dir='ltr'><em>accessurum</em></span> <span class='ocrx_word' id='word_1_354' title='bbox 898 3109 1146 3153; x_wconf 87' lang='lat' dir='ltr'><em>speramus.</em></span> <span class='ocrx_word' id='word_1_355' title='bbox 1208 3110 1312 3139; x_wconf 90' lang='lat' dir='ltr'><strong><em>nam</em></strong></span> <span class='ocrx_word' id='word_1_356' title='bbox 1349 3096 1392 3139; x_wconf 89' lang='lat' dir='ltr'><strong><em>si</em></strong></span> <span class='ocrx_word' id='word_1_357' title='bbox 1429 3096 1565 3141; x_wconf 89' lang='lat' dir='ltr'><em>vitam</em></span> 
     </span>
     <span class='ocr_line' id='line_1_48' title="bbox 222 3149 1567 3249; baseline 0.001 -55"><span class='ocrx_word' id='word_1_358' title='bbox 222 3164 403 3209; x_wconf 76' lang='lat' dir='ltr'><em>qravem</em></span> <span class='ocrx_word' id='word_1_359' title='bbox 454 3149 662 3206; x_wconf 87' lang='lat' dir='ltr'><em>omnique</em></span> <span class='ocrx_word' id='word_1_360' title='bbox 713 3149 1044 3249; x_wconf 49' lang='lat' dir='ltr'><em>vitibperatione</em></span> <span class='ocrx_word' id='word_1_361' title='bbox 1097 3165 1282 3196; x_wconf 88' lang='lat' dir='ltr'><em>vacuam</em></span> <span class='ocrx_word' id='word_1_362' title='bbox 1330 3157 1474 3210; x_wconf 77' lang='lat' dir='ltr'><em>aqunt</em></span> <span class='ocrx_word' id='word_1_363' title='bbox 1523 3156 1567 3196; x_wconf 87' lang='lat' dir='ltr'><strong><em>et</em></strong></span> 
     </span>
     <span class='ocr_line' id='line_1_49' title="bbox 223 3205 1568 3272; baseline 0.001 -22"><span class='ocrx_word' id='word_1_364' title='bbox 223 3207 444 3264; x_wconf 82' lang='lat' dir='ltr'><em>reliquum</em></span> <span class='ocrx_word' id='word_1_365' title='bbox 478 3205 704 3264; x_wconf 89' lang='lat' dir='ltr'><em>populum</em></span> <span class='ocrx_word' id='word_1_366' title='bbox 747 3219 776 3249; x_wconf 93' lang='lat' dir='ltr'><em>a</em></span> <span class='ocrx_word' id='word_1_367' title='bbox 848 3220 977 3250; x_wconf 91' lang='lat' dir='ltr'><em>suam</em></span> <span class='ocrx_word' id='word_1_368' title='bbox 1021 3220 1226 3251; x_wconf 90' lang='lat' dir='ltr'><em>normam</em></span> <span class='ocrx_word' id='word_1_369' title='bbox 1270 3207 1485 3272; x_wconf 55' lang='lat' dir='ltr'><em>dirigunt,</em></span> <span class='ocrx_word' id='word_1_370' title='bbox 1516 3212 1568 3251; x_wconf 92' lang='lat' dir='ltr'><strong><em>ut</em></strong></span> 
     </span>
     <span class='ocr_line' id='line_1_50' title="bbox 223 3261 1567 3322; baseline 0.001 -16"><span class='ocrx_word' id='word_1_371' title='bbox 223 3262 284 3306; x_wconf 91' lang='lat' dir='ltr'><em>ad</em></span> <span class='ocrx_word' id='word_1_372' title='bbox 340 3275 494 3306; x_wconf 91' lang='lat' dir='ltr'><em>eorum</em></span> <span class='ocrx_word' id='word_1_373' title='bbox 549 3261 818 3319; x_wconf 73' lang='lat' dir='ltr'><em>qravitatem</em></span> <span class='ocrx_word' id='word_1_374' title='bbox 874 3262 1118 3320; x_wconf 79' lang='lat' dir='ltr'><em>respiciens</em></span> <span class='ocrx_word' id='word_1_375' title='bbox 1175 3263 1390 3322; x_wconf 80' lang='lat' dir='ltr'><em>plurimis</em></span> <span class='ocrx_word' id='word_1_376' title='bbox 1445 3264 1567 3308; x_wconf 89' lang='lat' dir='ltr'><em>vitiis</em></span> 
     </span>
     <span class='ocr_line' id='line_1_51' title="bbox 223 3317 1567 3375; baseline 0.001 -13"><span class='ocrx_word' id='word_1_377' title='bbox 223 3318 468 3371; x_wconf 87' lang='lat' dir='ltr'><em>abstineat,</em></span> <span class='ocrx_word' id='word_1_378' title='bbox 498 3317 659 3375; x_wconf 90' lang='lat' dir='ltr'><em>palam</em></span> <span class='ocrx_word' id='word_1_379' title='bbox 693 3323 761 3362; x_wconf 93' lang='lat' dir='ltr'><strong><em>est</em></strong></span> <span class='ocrx_word' id='word_1_380' title='bbox 795 3318 970 3362; x_wconf 90' lang='lat' dir='ltr'><em>animos</em></span> <span class='ocrx_word' id='word_1_381' title='bbox 997 3318 1101 3363; x_wconf 90' lang='lat' dir='ltr'><em>inde</em></span> <span class='ocrx_word' id='word_1_382' title='bbox 1129 3319 1334 3364; x_wconf 87' lang='lat' dir='ltr'><em>meliores</em></span> <span class='ocrx_word' id='word_1_383' title='bbox 1363 3319 1567 3364; x_wconf 89' lang='lat' dir='ltr'><em>omnibus</em></span> 
     </span>
     <span class='ocr_line' id='line_1_52' title="bbox 221 3373 1566 3431; baseline 0.002 -13"><span class='ocrx_word' id='word_1_384' title='bbox 221 3376 409 3431; x_wconf 83' lang='lat' dir='ltr'><em>futuros</em></span> <span class='ocrx_word' id='word_1_385' title='bbox 450 3386 545 3418; x_wconf 92' lang='lat' dir='ltr'><em>esse</em></span> <span class='ocrx_word' id='word_1_386' title='bbox 589 3378 634 3417; x_wconf 94' lang='lat' dir='ltr'><strong><em>et</em></strong></span> <span class='ocrx_word' id='word_1_387' title='bbox 674 3373 801 3417; x_wconf 91' lang='lat' dir='ltr'><em>nobis</em></span> <span class='ocrx_word' id='word_1_388' title='bbox 836 3374 979 3431; x_wconf 84' lang='lat' dir='ltr'><em>facile</em></span> <span class='ocrx_word' id='word_1_389' title='bbox 1016 3375 1346 3420; x_wconf 88' lang='lat' dir='ltr'><em>convenientem</em></span> <span class='ocrx_word' id='word_1_390' title='bbox 1382 3375 1566 3421; x_wconf 90' lang='lat' dir='ltr'><em>benevo-</em></span> 
     </span>
     <span class='ocr_line' id='line_1_53' title="bbox 225 3429 1566 3486; baseline 0.001 -12"><span class='ocrx_word' id='word_1_391' title='bbox 225 3430 405 3474; x_wconf 78' lang='lat' dir='ltr'><em>lentiam</em></span> <span class='ocrx_word' id='word_1_392' title='bbox 462 3443 492 3472; x_wconf 94' lang='lat' dir='ltr'><em>a</em></span> <span class='ocrx_word' id='word_1_393' title='bbox 547 3443 712 3486; x_wconf 64' lang='lat' dir='ltr'><em>maeno</em></span> <span class='ocrx_word' id='word_1_394' title='bbox 770 3429 853 3474; x_wconf 90' lang='lat' dir='ltr'><strong><em>deo</em></strong></span> <span class='ocrx_word' id='word_1_395' title='bbox 898 3435 943 3474; x_wconf 89' lang='lat' dir='ltr'><strong><em>et</em></strong></span> <span class='ocrx_word' id='word_1_396' title='bbox 987 3431 1215 3475; x_wconf 84' lang='lat' dir='ltr'><em>salvatore</em></span> <span class='ocrx_word' id='word_1_397' title='bbox 1256 3436 1415 3476; x_wconf 89' lang='lat' dir='ltr'><em>nostro</em></span> <span class='ocrx_word' id='word_1_398' title='bbox 1460 3430 1566 3476; x_wconf 89' lang='lat' dir='ltr'><em>Iesu</em></span> 
     </span>
     <span class='ocr_line' id='line_1_54' title="bbox 230 3485 1566 3551; baseline 0.001 -22"><span class='ocrx_word' id='word_1_399' title='bbox 230 3491 248 3529; x_wconf 91' lang='lat'>1</span> <span class='ocrx_word' id='word_1_400' title='bbox 311 3485 486 3530; x_wconf 74' lang='lat' dir='ltr'><em>Christo</em></span> <span class='ocrx_word' id='word_1_401' title='bbox 516 3485 792 3543; x_wconf 87' lang='lat' dir='ltr'><em>applicatum</em></span> <span class='ocrx_word' id='word_1_402' title='bbox 822 3486 891 3530; x_wconf 90' lang='lat' dir='ltr'><em>iri.</em></span> <span class='ocrx_word' id='word_1_403' title='bbox 952 3485 1078 3530; x_wconf 88' lang='lat' dir='ltr'><em>Haec</em></span> <span class='ocrx_word' id='word_1_404' title='bbox 1108 3487 1249 3551; x_wconf 62' lang='lat' dir='ltr'><em>iqitur</em></span> <span class='ocrx_word' id='word_1_405' title='bbox 1277 3487 1566 3532; x_wconf 86' lang='lat' dir='ltr'><em>consideran-</em></span> 
     </span>
     <span class='ocr_line' id='line_1_55' title="bbox 228 3540 1566 3607; baseline 0.003 -22"><span class='ocrx_word' id='word_1_406' title='bbox 228 3541 341 3586; x_wconf 83' lang='lat' dir='ltr'><em>tibus</em></span> <span class='ocrx_word' id='word_1_407' title='bbox 382 3540 513 3584; x_wconf 89' lang='lat' dir='ltr'><em>nobis</em></span> <span class='ocrx_word' id='word_1_408' title='bbox 554 3542 806 3584; x_wconf 87' lang='lat' dir='ltr'><em>nuntiatum</em></span> <span class='ocrx_word' id='word_1_409' title='bbox 860 3547 928 3586; x_wconf 91' lang='lat' dir='ltr'><strong><em>est</em></strong></span> <span class='ocrx_word' id='word_1_410' title='bbox 967 3549 1237 3607; x_wconf 81' lang='lat' dir='ltr'><em>necopinato</em></span> <span class='ocrx_word' id='word_1_411' title='bbox 1288 3557 1384 3588; x_wconf 87' lang='lat' dir='ltr'><em>esse</em></span> <span class='ocrx_word' id='word_1_412' title='bbox 1434 3544 1566 3589; x_wconf 86' lang='lat' dir='ltr'><em>devo-</em></span> 
     </span>
     <span class='ocr_line' id='line_1_56' title="bbox 228 3595 1565 3658; baseline 0.002 -18"><span class='ocrx_word' id='word_1_413' title='bbox 228 3597 496 3641; x_wconf 87' lang='lat' dir='ltr'><em>tissimorum</em></span> <span class='ocrx_word' id='word_1_414' title='bbox 535 3595 842 3650; x_wconf 89' lang='lat' dir='ltr'><em>diaconorum,</em></span> <span class='ocrx_word' id='word_1_415' title='bbox 884 3598 993 3655; x_wconf 85' lang='lat' dir='ltr'><em>quin</em></span> <span class='ocrx_word' id='word_1_416' title='bbox 1032 3604 1165 3642; x_wconf 75' lang='lat' dir='ltr'><em>etiam</em></span> <span class='ocrx_word' id='word_1_417' title='bbox 1190 3600 1329 3658; x_wconf 88' lang='lat' dir='ltr'><em>presb</em></span> <span class='ocrx_word' id='word_1_418' title='bbox 1368 3605 1565 3645; x_wconf 80' lang='lat' dir='ltr'><em>terarum</em></span> 
     </span>
     <span class='ocr_line' id='line_1_57' title="bbox 225 3651 1564 3711; baseline 0.004 -16"><span class='ocrx_word' id='word_1_419' title='bbox 225 3655 253 3707; x_wconf 84' lang='lat'><em>(</em></span> <span class='ocrx_word' id='word_1_420' title='bbox 253 3667 357 3711; x_wconf 86' lang='lat' dir='ltr'><strong><em>nam</em></strong></span> <span class='ocrx_word' id='word_1_421' title='bbox 399 3652 523 3696; x_wconf 89' lang='lat' dir='ltr'><em>ultra</em></span> <span class='ocrx_word' id='word_1_422' title='bbox 565 3651 683 3696; x_wconf 76' lang='lat' dir='ltr'><em>bunc</em></span> <span class='ocrx_word' id='word_1_423' title='bbox 724 3653 917 3711; x_wconf 76' lang='lat' dir='ltr'><em>qradum</em></span> <span class='ocrx_word' id='word_1_424' title='bbox 956 3654 1025 3699; x_wconf 88' lang='lat' dir='ltr'><strong><em>vel</em></strong></span> <span class='ocrx_word' id='word_1_425' title='bbox 1070 3654 1216 3700; x_wconf 85' lang='lat' dir='ltr'><em>dicere</em></span> <span class='ocrx_word' id='word_1_426' title='bbox 1254 3671 1332 3700; x_wconf 87' lang='lat' dir='ltr'><strong><em>eru</em></strong></span> <span class='ocrx_word' id='word_1_427' title='bbox 1363 3656 1564 3709; x_wconf 89' lang='lat' dir='ltr'><em>escimus,</em></span> 
     </span>
     <span class='ocr_line' id='line_1_58' title="bbox 225 3708 1564 3770; baseline 0.003 -18"><span class='ocrx_word' id='word_1_428' title='bbox 225 3708 540 3766; x_wconf 74' lang='lat' dir='ltr'><em>reliqiosorum</em></span> <span class='ocrx_word' id='word_1_429' title='bbox 593 3708 907 3767; x_wconf 86' lang='lat' dir='ltr'><em>episcoporum</em></span> <span class='ocrx_word' id='word_1_430' title='bbox 959 3710 1205 3766; x_wconf 86' lang='lat' dir='ltr'><em>videlicet),</em></span> <span class='ocrx_word' id='word_1_431' title='bbox 1240 3726 1302 3757; x_wconf 82' lang='lat' dir='ltr'><strong><em>ex</em></strong></span> <span class='ocrx_word' id='word_1_432' title='bbox 1345 3712 1415 3756; x_wconf 76' lang='lat' dir='ltr'><em>liis</em></span> <span class='ocrx_word' id='word_1_433' title='bbox 1454 3726 1564 3770; x_wconf 74' lang='lat' dir='ltr'><em>erqo</em></span> 
     </span>
     <span class='ocr_line' id='line_1_59' title="bbox 225 3765 1565 3824; baseline 0.001 -15"><span class='ocrx_word' id='word_1_434' title='bbox 225 3779 336 3818; x_wconf 88' lang='lat' dir='ltr'><em>esse,</em></span> <span class='ocrx_word' id='word_1_435' title='bbox 374 3777 490 3822; x_wconf 84' lang='lat' dir='ltr'><em>quos</em></span> <span class='ocrx_word' id='word_1_436' title='bbox 517 3777 610 3808; x_wconf 90' lang='lat' dir='ltr'><strong><em>non</em></strong></span> <span class='ocrx_word' id='word_1_437' title='bbox 628 3765 807 3822; x_wconf 90' lang='lat' dir='ltr'><em>pudeat</em></span> <span class='ocrx_word' id='word_1_438' title='bbox 826 3766 1000 3823; x_wconf 87' lang='lat' dir='ltr'><em>partim</em></span> <span class='ocrx_word' id='word_1_439' title='bbox 1020 3781 1111 3824; x_wconf 91' lang='lat' dir='ltr'><strong><em>per</em></strong></span> <span class='ocrx_word' id='word_1_440' title='bbox 1147 3781 1196 3811; x_wconf 92' lang='lat' dir='ltr'><strong><em>se</em></strong></span> <span class='ocrx_word' id='word_1_441' title='bbox 1227 3775 1418 3813; x_wconf 81' lang='lat' dir='ltr'><em>tesseras</em></span> <span class='ocrx_word' id='word_1_442' title='bbox 1449 3773 1565 3813; x_wconf 90' lang='lat' dir='ltr'><em>trac-</em></span> 
     </span>
     <span class='ocr_line' id='line_1_60' title="bbox 229 3820 1565 3882; baseline 0.003 -18"><span class='ocrx_word' id='word_1_443' title='bbox 229 3826 325 3865; x_wconf 88' lang='lat' dir='ltr'><em>tare</em></span> <span class='ocrx_word' id='word_1_444' title='bbox 367 3825 412 3864; x_wconf 91' lang='lat' dir='ltr'><strong><em>et</em></strong></span> <span class='ocrx_word' id='word_1_445' title='bbox 455 3824 544 3864; x_wconf 89' lang='lat' dir='ltr'><strong><em>tam</em></strong></span> <span class='ocrx_word' id='word_1_446' title='bbox 578 3820 794 3878; x_wconf 85' lang='lat' dir='ltr'><em>pudendo</em></span> <span class='ocrx_word' id='word_1_447' title='bbox 831 3826 876 3865; x_wconf 91' lang='lat' dir='ltr'><strong><em>et</em></strong></span> <span class='ocrx_word' id='word_1_448' title='bbox 913 3822 1042 3865; x_wconf 85' lang='lat' dir='ltr'><em>laicis</em></span> <span class='ocrx_word' id='word_1_449' title='bbox 1076 3823 1187 3880; x_wconf 85' lang='lat' dir='ltr'><em>ipsis</em></span> <span class='ocrx_word' id='word_1_450' title='bbox 1215 3838 1244 3867; x_wconf 92' lang='lat' dir='ltr'><em>a</em></span> <span class='ocrx_word' id='word_1_451' title='bbox 1272 3824 1401 3868; x_wconf 89' lang='lat' dir='ltr'><em>nobis</em></span> <span class='ocrx_word' id='word_1_452' title='bbox 1430 3839 1565 3882; x_wconf 86' lang='lat' dir='ltr'><em>quam</em></span> 
     </span>
     <span class='ocr_line' id='line_1_61' title="bbox 227 3875 1566 3925; baseline 0.003 -6"><span class='ocrx_word' id='word_1_453' title='bbox 227 3875 421 3921; x_wconf 78' lang='lat' dir='ltr'><em>maxime</em></span> <span class='ocrx_word' id='word_1_454' title='bbox 458 3876 696 3920; x_wconf 86' lang='lat' dir='ltr'><em>interdicto</em></span> <span class='ocrx_word' id='word_1_455' title='bbox 735 3876 841 3921; x_wconf 89' lang='lat' dir='ltr'><em>ludo</em></span> <span class='ocrx_word' id='word_1_456' title='bbox 881 3877 1094 3922; x_wconf 87' lang='lat' dir='ltr'><em>interesse</em></span> <span class='ocrx_word' id='word_1_457' title='bbox 1171 3881 1304 3924; x_wconf 88' lang='lat' dir='ltr'><em>artim</em></span> <span class='ocrx_word' id='word_1_458' title='bbox 1349 3881 1566 3925; x_wconf 87' lang='lat' dir='ltr'><em>eiusmodi</em></span> 
     </span>
     <span class='ocr_line' id='line_1_62' title="bbox 227 3932 1566 3990; baseline 0.004 -15"><span class='ocrx_word' id='word_1_459' title='bbox 227 3932 378 3976; x_wconf 89' lang='lat' dir='ltr'><em>ludum</em></span> <span class='ocrx_word' id='word_1_460' title='bbox 449 3946 498 3976; x_wconf 87' lang='lat' dir='ltr'><strong><em>er</em></strong></span> <span class='ocrx_word' id='word_1_461' title='bbox 531 3945 580 3976; x_wconf 90' lang='lat' dir='ltr'><strong><em>se</em></strong></span> <span class='ocrx_word' id='word_1_462' title='bbox 615 3945 706 3976; x_wconf 92' lang='lat' dir='ltr'><strong><em>non</em></strong></span> <span class='ocrx_word' id='word_1_463' title='bbox 741 3933 923 3990; x_wconf 84' lang='lat' dir='ltr'><em>facere,</em></span> <span class='ocrx_word' id='word_1_464' title='bbox 959 3933 1040 3977; x_wconf 89' lang='lat' dir='ltr'><strong><em>sed</em></strong></span> <span class='ocrx_word' id='word_1_465' title='bbox 1074 3949 1124 3979; x_wconf 89' lang='lat' dir='ltr'><strong><em>ve</em></strong></span> <span class='ocrx_word' id='word_1_466' title='bbox 1179 3937 1438 3986; x_wconf 86' lang='lat' dir='ltr'><em>conversari</em></span> <span class='ocrx_word' id='word_1_467' title='bbox 1467 3950 1566 3980; x_wconf 89' lang='lat' dir='ltr'><strong><em>cum</em></strong></span> 
     </span>
     <span class='ocr_line' id='line_1_63' title="bbox 227 3987 1569 4058; baseline 0.003 -27"><span class='ocrx_word' id='word_1_468' title='bbox 227 3987 396 4032; x_wconf 90' lang='lat' dir='ltr'><em>ludenti</em></span> <span class='ocrx_word' id='word_1_469' title='bbox 426 4001 479 4030; x_wconf 92' lang='lat' dir='ltr'><strong><em>us</em></strong></span> <span class='ocrx_word' id='word_1_470' title='bbox 520 3988 589 4032; x_wconf 87' lang='lat' dir='ltr'><strong><em>vel</em></strong></span> <span class='ocrx_word' id='word_1_471' title='bbox 628 3988 785 4032; x_wconf 90' lang='lat' dir='ltr'><em>sedere</em></span> <span class='ocrx_word' id='word_1_472' title='bbox 827 3995 1103 4047; x_wconf 78' lang='lat' dir='ltr'><em>spectatores</em></span> <span class='ocrx_word' id='word_1_473' title='bbox 1150 3998 1278 4036; x_wconf 88' lang='lat' dir='ltr'><em>actus</em></span> <span class='ocrx_word' id='word_1_474' title='bbox 1314 3992 1457 4058; x_wconf 80' lang='lat' dir='ltr'><em>inepti</em></span> <span class='ocrx_word' id='word_1_475' title='bbox 1499 3992 1569 4037; x_wconf 88' lang='lat' dir='ltr'><strong><em>vel</em></strong></span> 
     </span>
     <span class='ocr_line' id='line_1_64' title="bbox 226 4043 1567 4107; baseline 0.004 -20"><span class='ocrx_word' id='word_1_476' title='bbox 226 4057 397 4087; x_wconf 85' lang='lat' dir='ltr'><em>summa</em></span> <span class='ocrx_word' id='word_1_477' title='bbox 426 4057 523 4086; x_wconf 91' lang='lat' dir='ltr'><strong><em>cum</em></strong></span> <span class='ocrx_word' id='word_1_478' title='bbox 553 4043 799 4102; x_wconf 87' lang='lat' dir='ltr'><em>cupiditate</em></span> <span class='ocrx_word' id='word_1_479' title='bbox 826 4051 1031 4102; x_wconf 87' lang='lat' dir='ltr'><em>spectare</em></span> <span class='ocrx_word' id='word_1_480' title='bbox 1060 4060 1132 4090; x_wconf 89' lang='lat' dir='ltr'><strong><em>res</em></strong></span> <span class='ocrx_word' id='word_1_481' title='bbox 1162 4049 1354 4091; x_wconf 88' lang='lat' dir='ltr'><em>omnium</em></span> <span class='ocrx_word' id='word_1_482' title='bbox 1383 4049 1567 4107; x_wconf 78' lang='lat' dir='ltr'><em>ineptis-</em></span> 
     </span>
     <span class='ocr_line' id='line_1_65' title="bbox 227 4099 1568 4158; baseline 0.005 -16"><span class='ocrx_word' id='word_1_483' title='bbox 227 4100 378 4152; x_wconf 86' lang='lat' dir='ltr'><em>simas,</em></span> <span class='ocrx_word' id='word_1_484' title='bbox 409 4099 610 4143; x_wconf 88' lang='lat' dir='ltr'><em>convicia</em></span> <span class='ocrx_word' id='word_1_485' title='bbox 639 4099 810 4152; x_wconf 90' lang='lat' dir='ltr'><em>audire,</em></span> <span class='ocrx_word' id='word_1_486' title='bbox 841 4115 958 4158; x_wconf 81' lang='lat' dir='ltr'><em>quae</em></span> <span class='ocrx_word' id='word_1_487' title='bbox 986 4102 1033 4144; x_wconf 92' lang='lat' dir='ltr'><strong><em>in</em></strong></span> <span class='ocrx_word' id='word_1_488' title='bbox 1060 4102 1221 4146; x_wconf 89' lang='lat' dir='ltr'><em>talibus</em></span> <span class='ocrx_word' id='word_1_489' title='bbox 1251 4105 1362 4147; x_wconf 88' lang='lat' dir='ltr'><em>oriri</em></span> <span class='ocrx_word' id='word_1_490' title='bbox 1391 4118 1568 4149; x_wconf 87' lang='lat' dir='ltr'><em>necesse</em></span> 
     </span>
     <span class='ocr_line' id='line_1_66' title="bbox 228 4157 1568 4210; baseline 0.004 -11"><span class='ocrx_word' id='word_1_491' title='bbox 228 4160 308 4208; x_wconf 90' lang='lat' dir='ltr'><em>est,</em></span> <span class='ocrx_word' id='word_1_492' title='bbox 347 4159 393 4199; x_wconf 90' lang='lat' dir='ltr'><strong><em>et</em></strong></span> <span class='ocrx_word' id='word_1_493' title='bbox 418 4168 577 4198; x_wconf 88' lang='lat' dir='ltr'><em>manus</em></span> <span class='ocrx_word' id='word_1_494' title='bbox 605 4169 726 4208; x_wconf 90' lang='lat' dir='ltr'><em>suas,</em></span> <span class='ocrx_word' id='word_1_495' title='bbox 768 4157 936 4210; x_wconf 89' lang='lat' dir='ltr'><em>oculos,</em></span> <span class='ocrx_word' id='word_1_496' title='bbox 967 4171 1101 4201; x_wconf 89' lang='lat' dir='ltr'><em>aures</em></span> <span class='ocrx_word' id='word_1_497' title='bbox 1130 4158 1240 4202; x_wconf 86' lang='lat' dir='ltr'><em>adeo</em></span> <span class='ocrx_word' id='word_1_498' title='bbox 1271 4160 1497 4204; x_wconf 86' lang='lat' dir='ltr'><em>damnatis</em></span> <span class='ocrx_word' id='word_1_499' title='bbox 1525 4164 1568 4204; x_wconf 88' lang='lat' dir='ltr'><strong><em>et</em></strong></span> 
     </span>
     <span class='ocr_line' id='line_1_67' title="bbox 224 4209 1570 4276; baseline 0.004 -23"><span class='ocrx_word' id='word_1_500' title='bbox 224 4209 467 4268; x_wconf 76' lang='lat' dir='ltr'><em>prohibitis</em></span> <span class='ocrx_word' id='word_1_501' title='bbox 505 4210 621 4254; x_wconf 87' lang='lat' dir='ltr'><em>ludis</em></span> <span class='ocrx_word' id='word_1_502' title='bbox 649 4211 882 4276; x_wconf 86' lang='lat' dir='ltr'><em>polluere:</em></span> <span class='ocrx_word' id='word_1_503' title='bbox 921 4213 1001 4256; x_wconf 86' lang='lat' dir='ltr'><em>alii</em></span> <span class='ocrx_word' id='word_1_504' title='bbox 1037 4214 1169 4257; x_wconf 91' lang='lat' dir='ltr'><em>etiam</em></span> <span class='ocrx_word' id='word_1_505' title='bbox 1206 4215 1254 4258; x_wconf 88' lang='lat' dir='ltr'><strong><em>in</em></strong></span> <span class='ocrx_word' id='word_1_506' title='bbox 1289 4217 1469 4274; x_wconf 87' lang='lat' dir='ltr'><em>publico</em></span> <span class='ocrx_word' id='word_1_507' title='bbox 1501 4216 1570 4261; x_wconf 90' lang='lat' dir='ltr'><strong><em>vel</em></strong></span> 
     </span>
     <span class='ocr_line' id='line_1_68' title="bbox 230 4266 1568 4323; baseline 0.004 -13"><span class='ocrx_word' id='word_1_508' title='bbox 230 4280 444 4323; x_wconf 85' lang='lat' dir='ltr'><em>equorum</em></span> <span class='ocrx_word' id='word_1_509' title='bbox 480 4266 791 4310; x_wconf 76' lang='lat' dir='ltr'><em>certaminibus</em></span> <span class='ocrx_word' id='word_1_510' title='bbox 825 4282 872 4311; x_wconf 92' lang='lat' dir='ltr'><strong><em>se</em></strong></span> <span class='ocrx_word' id='word_1_511' title='bbox 907 4269 1159 4313; x_wconf 85' lang='lat' dir='ltr'><em>immiscunt</em></span> <span class='ocrx_word' id='word_1_512' title='bbox 1196 4271 1263 4314; x_wconf 87' lang='lat' dir='ltr'><strong><em>vel</em></strong></span> <span class='ocrx_word' id='word_1_513' title='bbox 1291 4273 1423 4316; x_wconf 80' lang='lat' dir='ltr'><em>etiam</em></span> <span class='ocrx_word' id='word_1_514' title='bbox 1452 4271 1568 4316; x_wconf 86' lang='lat' dir='ltr'><em>alios</em></span> 
     </span>
     <span class='ocr_line' id='line_1_69' title="bbox 223 4324 1569 4387; baseline 0.007 -23"><span class='ocrx_word' id='word_1_515' title='bbox 223 4326 479 4379; x_wconf 89' lang='lat' dir='ltr'><em>provocant</em></span> <span class='ocrx_word' id='word_1_516' title='bbox 506 4335 642 4380; x_wconf 89' lang='lat' dir='ltr'><em>super</em></span> <span class='ocrx_word' id='word_1_517' title='bbox 670 4336 884 4379; x_wconf 83' lang='lat' dir='ltr'><em>equorum</em></span> <span class='ocrx_word' id='word_1_518' title='bbox 914 4324 1042 4368; x_wconf 86' lang='lat' dir='ltr'><em>clade</em></span> <span class='ocrx_word' id='word_1_519' title='bbox 1070 4325 1323 4381; x_wconf 76' lang='lat' dir='ltr'><em>victoriace,</em></span> <span class='ocrx_word' id='word_1_520' title='bbox 1367 4328 1459 4372; x_wconf 90' lang='lat' dir='ltr'><em>sive</em></span> <span class='ocrx_word' id='word_1_521' title='bbox 1478 4342 1569 4387; x_wconf 90' lang='lat' dir='ltr'><strong><em>per</em></strong></span> 
     </span>
     <span class='ocr_line' id='line_1_70' title="bbox 231 4378 1570 4436; baseline 0.006 -18"><span class='ocrx_word' id='word_1_522' title='bbox 231 4390 277 4419; x_wconf 91' lang='lat' dir='ltr'><strong><em>se</em></strong></span> <span class='ocrx_word' id='word_1_523' title='bbox 319 4378 411 4422; x_wconf 89' lang='lat' dir='ltr'><em>sive</em></span> <span class='ocrx_word' id='word_1_524' title='bbox 441 4391 532 4435; x_wconf 89' lang='lat' dir='ltr'><strong><em>per</em></strong></span> <span class='ocrx_word' id='word_1_525' title='bbox 581 4378 698 4421; x_wconf 91' lang='lat' dir='ltr'><em>alios</em></span> <span class='ocrx_word' id='word_1_526' title='bbox 746 4379 1000 4427; x_wconf 81' lang='lat' dir='ltr'><em>indecenter</em></span> <span class='ocrx_word' id='word_1_527' title='bbox 1058 4381 1168 4424; x_wconf 88' lang='lat' dir='ltr'><em>talia</em></span> <span class='ocrx_word' id='word_1_528' title='bbox 1225 4383 1438 4436; x_wconf 88' lang='lat' dir='ltr'><em>ludentes,</em></span> <span class='ocrx_word' id='word_1_529' title='bbox 1501 4382 1570 4428; x_wconf 90' lang='lat' dir='ltr'><strong><em>vel</em></strong></span> 
     </span>
     <span class='ocr_line' id='line_1_71' title="bbox 233 4432 1569 4497; baseline 0.009 -25"><span class='ocrx_word' id='word_1_530' title='bbox 233 4433 535 4476; x_wconf 83' lang='lat' dir='ltr'><em>scaenicorum</em></span> <span class='ocrx_word' id='word_1_531' title='bbox 577 4432 999 4493; x_wconf 75' lang='lat' dir='ltr'><em>thymelicorumque</em></span> <span class='ocrx_word' id='word_1_532' title='bbox 1049 4435 1255 4480; x_wconf 88' lang='lat' dir='ltr'><em>ludorum</em></span> <span class='ocrx_word' id='word_1_533' title='bbox 1292 4443 1569 4497; x_wconf 83' lang='lat' dir='ltr'><em>spectatores</em></span> 
     </span>
     <span class='ocr_line' id='line_1_72' title="bbox 231 4486 1567 4548; baseline 0.01 -21"><span class='ocrx_word' id='word_1_534' title='bbox 231 4486 346 4539; x_wconf 81' lang='lat' dir='ltr'><em>fiunt</em></span> <span class='ocrx_word' id='word_1_535' title='bbox 380 4488 447 4531; x_wconf 88' lang='lat' dir='ltr'><strong><em>vet</em></strong></span> <span class='ocrx_word' id='word_1_536' title='bbox 485 4488 725 4533; x_wconf 88' lang='lat' dir='ltr'><em>bestiarum</em></span> <span class='ocrx_word' id='word_1_537' title='bbox 763 4489 1089 4548; x_wconf 76' lang='lat' dir='ltr'><em>depuqnationi</em></span> <span class='ocrx_word' id='word_1_538' title='bbox 1123 4492 1171 4535; x_wconf 90' lang='lat' dir='ltr'><strong><em>in</em></strong></span> <span class='ocrx_word' id='word_1_539' title='bbox 1211 4492 1395 4539; x_wconf 75' lang='lat' dir='ltr'><em>theatris</em></span> <span class='ocrx_word' id='word_1_540' title='bbox 1432 4495 1567 4539; x_wconf 89' lang='lat' dir='ltr'><em>inter-</em></span> 
     </span>
     <span class='ocr_line' id='line_1_73' title="bbox 236 4544 1568 4602; baseline 0.009 -21"><span class='ocrx_word' id='word_1_541' title='bbox 236 4546 342 4602; x_wconf 79' lang='lat' dir='ltr'><em>sunt</em></span> <span class='ocrx_word' id='word_1_542' title='bbox 376 4556 467 4585; x_wconf 90' lang='lat' dir='ltr'><strong><em>non</em></strong></span> <span class='ocrx_word' id='word_1_543' title='bbox 497 4544 686 4597; x_wconf 88' lang='lat' dir='ltr'><em>conscii,</em></span> <span class='ocrx_word' id='word_1_544' title='bbox 723 4546 847 4602; x_wconf 87' lang='lat' dir='ltr'><em>quod</em></span> <span class='ocrx_word' id='word_1_545' title='bbox 872 4559 1027 4591; x_wconf 89' lang='lat' dir='ltr'><em>recens</em></span> <span class='ocrx_word' id='word_1_546' title='bbox 1054 4547 1257 4592; x_wconf 88' lang='lat' dir='ltr'><em>initiatos</em></span> <span class='ocrx_word' id='word_1_547' title='bbox 1285 4556 1329 4594; x_wconf 88' lang='lat' dir='ltr'><strong><em>et</em></strong></span> <span class='ocrx_word' id='word_1_548' title='bbox 1357 4563 1568 4595; x_wconf 88' lang='lat' dir='ltr'><em>veneran-</em></span> 
     </span>
     <span class='ocr_line' id='line_1_74' title="bbox 236 4595 1569 4663; baseline 0.011 -27"><span class='ocrx_word' id='word_1_549' title='bbox 236 4595 306 4637; x_wconf 71' lang='lat' dir='ltr'><strong><em>dis</em></strong></span> <span class='ocrx_word' id='word_1_550' title='bbox 342 4600 562 4663; x_wconf 76' lang='lat' dir='ltr'><em>mysteriis</em></span> <span class='ocrx_word' id='word_1_551' title='bbox 596 4600 808 4658; x_wconf 70' lang='lat' dir='ltr'><em>diqnatos</em></span> <span class='ocrx_word' id='word_1_552' title='bbox 844 4601 932 4658; x_wconf 87' lang='lat' dir='ltr'><em>ipsi</em></span> <span class='ocrx_word' id='word_1_553' title='bbox 966 4601 1119 4647; x_wconf 83' lang='lat' dir='ltr'><em>iubent</em></span> <span class='ocrx_word' id='word_1_554' title='bbox 1156 4603 1436 4650; x_wconf 85' lang='lat' dir='ltr'><em>adversantis</em></span> <span class='ocrx_word' id='word_1_555' title='bbox 1465 4605 1569 4650; x_wconf 89' lang='lat' dir='ltr'><em>dae-</em></span> 
     </span>
     <span class='ocr_line' id='line_1_75' title="bbox 237 4653 1570 4716; baseline 0.008 -21"><span class='ocrx_word' id='word_1_556' title='bbox 237 4663 380 4695; x_wconf 74' lang='lat' dir='ltr'><em>monis</em></span> <span class='ocrx_word' id='word_1_557' title='bbox 410 4653 543 4697; x_wconf 77' lang='lat' dir='ltr'><em>cultui</em></span> <span class='ocrx_word' id='word_1_558' title='bbox 574 4661 618 4699; x_wconf 91' lang='lat' dir='ltr'><strong><em>et</em></strong></span> <span class='ocrx_word' id='word_1_559' title='bbox 646 4655 765 4699; x_wconf 89' lang='lat' dir='ltr'><em>omni</em></span> <span class='ocrx_word' id='word_1_560' title='bbox 785 4669 984 4716; x_wconf 80' lang='lat' dir='ltr'><em>pompae</em></span> <span class='ocrx_word' id='word_1_561' title='bbox 1010 4660 1286 4715; x_wconf 86' lang='lat' dir='ltr'><em>renuntiare,</em></span> <span class='ocrx_word' id='word_1_562' title='bbox 1324 4663 1450 4706; x_wconf 87' lang='lat' dir='ltr'><em>cuius</em></span> <span class='ocrx_word' id='word_1_563' title='bbox 1478 4675 1570 4707; x_wconf 88' lang='lat' dir='ltr'><strong><em>non</em></strong></span> 
     </span>
    </p>
   </div>
   <div class='ocr_carea' id='block_1_5' title="bbox 2541 187 2980 230">
    <p class='ocr_par' dir='ltr' id='par_1_5' title="bbox 2541 187 2980 230">
     <span class='ocr_line' id='line_1_76' title="bbox 2541 187 2980 230; baseline 0 -1"><span class='ocrx_word' id='word_1_564' title='bbox 2541 187 2618 229; x_wconf 72' lang='lat' dir='ltr'><strong><em>DE</em></strong></span> <span class='ocrx_word' id='word_1_565' title='bbox 2653 189 2980 230; x_wconf 80' lang='lat' dir='ltr'>EPISCOPALI</span> 
     </span>
    </p>
   </div>
   <div class='ocr_carea' id='block_1_6' title="bbox 1641 322 3062 2460">
    <p class='ocr_par' dir='ltr' id='par_1_6' title="bbox 1641 322 2985 502">
     <span class='ocr_line' id='line_1_77' title="bbox 1643 322 2985 398; baseline 0.002 -28"><span class='ocrx_word' id='word_1_566' title='bbox 1643 331 1665 370; x_wconf 90' lang='lat'>2</span> <span class='ocrx_word' id='word_1_567' title='bbox 1727 322 1958 379; x_wconf 78' lang='grc' dir='ltr'><strong><em>ἐλάχιστον</em></strong></span> <span class='ocrx_word' id='word_1_568' title='bbox 1994 331 2124 398; x_wconf 82' lang='grc' dir='ltr'><strong><em>μέρος</em></strong></span> <span class='ocrx_word' id='word_1_569' title='bbox 2159 328 2217 373; x_wconf 80' lang='grc' dir='ltr'><strong><em>τὰ</em></strong></span> <span class='ocrx_word' id='word_1_570' title='bbox 2247 330 2435 372; x_wconf 82' lang='grc' dir='ltr'><strong><em>τοιαῦτα</em></strong></span> <span class='ocrx_word' id='word_1_571' title='bbox 2466 329 2732 384; x_wconf 85' lang='grc' dir='ltr'><strong><em>καθέστηκε.</em></strong></span> <span class='ocrx_word' id='word_1_572' title='bbox 2791 324 2985 373; x_wconf 69' lang='grc' dir='ltr'><strong><em>8Πολλά·</em></strong></span> 
     </span>
     <span class='ocr_line' id='line_1_78' title="bbox 1641 379 2985 446; baseline 0.003 -20"><span class='ocrx_word' id='word_1_573' title='bbox 1641 397 1707 426; x_wconf 87' lang='grc' dir='ltr'><strong><em>κις</em></strong></span> <span class='ocrx_word' id='word_1_574' title='bbox 1734 384 1819 433; x_wconf 79' lang='grc' dir='ltr'><strong><em>μὲν</em></strong></span> <span class='ocrx_word' id='word_1_575' title='bbox 1846 379 1995 426; x_wconf 76' lang='grc' dir='ltr'><strong><em>αὐτοῖς</em></strong></span> <span class='ocrx_word' id='word_1_576' title='bbox 2021 401 2078 427; x_wconf 89' lang='grc' dir='ltr'><strong><em>τα</em></strong></span> <span class='ocrx_word' id='word_1_577' title='bbox 2105 388 2293 429; x_wconf 86' lang='grc' dir='ltr'><strong><em>τοιαῦτα</em></strong></span> <span class='ocrx_word' id='word_1_578' title='bbox 2323 382 2634 444; x_wconf 87' lang='grc' dir='ltr'><strong><em>φυλάττεσθαι</em></strong></span> <span class='ocrx_word' id='word_1_579' title='bbox 2658 382 2985 446; x_wconf 83' lang='grc' dir='ltr'><strong><em>προηγορεύσα-</em></strong></span> 
     </span>
     <span class='ocr_line' id='line_1_79' title="bbox 1641 433 2847 502; baseline 0.003 -22"><span class='ocrx_word' id='word_1_580' title='bbox 1641 452 1744 494; x_wconf 86' lang='grc' dir='ltr'><strong><em>μεν·</em></strong></span> <span class='ocrx_word' id='word_1_581' title='bbox 1783 433 1978 495; x_wconf 84' lang='grc' dir='ltr'><strong><em>ὁρῶντες</em></strong></span> <span class='ocrx_word' id='word_1_582' title='bbox 2013 435 2064 482; x_wconf 74' lang='grc' dir='ltr'><strong><em>δὲ</em></strong></span> <span class='ocrx_word' id='word_1_583' title='bbox 2100 440 2263 498; x_wconf 86' lang='grc' dir='ltr'><strong><em>συχνὴν</em></strong></span> <span class='ocrx_word' id='word_1_584' title='bbox 2298 441 2384 496; x_wconf 83' lang='grc' dir='ltr'><strong><em>τὴν</em></strong></span> <span class='ocrx_word' id='word_1_585' title='bbox 2411 443 2516 498; x_wconf 81' lang='grc' dir='ltr'><strong><em>περὶ</em></strong></span> <span class='ocrx_word' id='word_1_586' title='bbox 2543 437 2724 484; x_wconf 83' lang='grc' dir='ltr'><strong><em>τούτων</em></strong></span> <span class='ocrx_word' id='word_1_587' title='bbox 2747 457 2847 502; x_wconf 75' lang='lat' dir='ltr'><strong><em>ymo</em></strong></span> 
     </span>
    </p>

    <p class='ocr_par' dir='ltr' id='par_1_7' title="bbox 1642 491 3062 2460">
     <span class='ocr_line' id='line_1_80' title="bbox 1642 491 2988 564; baseline 0.001 -27"><span class='ocrx_word' id='word_1_588' title='bbox 1642 491 1746 550; x_wconf 78' lang='grc' dir='ltr'><strong><em>ἡμῖν</em></strong></span> <span class='ocrx_word' id='word_1_589' title='bbox 1775 493 2105 564; x_wconf 82' lang='grc' dir='ltr'><strong><em>προσαγγελίαν</em></strong></span> <span class='ocrx_word' id='word_1_590' title='bbox 2129 499 2189 541; x_wconf 84' lang='grc' dir='ltr'><strong><em>εἰς</em></strong></span> <span class='ocrx_word' id='word_1_591' title='bbox 2216 495 2412 557; x_wconf 86' lang='grc' dir='ltr'><strong><em>ἀνάγκην</em></strong></span> <span class='ocrx_word' id='word_1_592' title='bbox 2434 495 2639 552; x_wconf 81' lang='grc' dir='ltr'><strong><em>ἤλθομεν</em></strong></span> <span class='ocrx_word' id='word_1_593' title='bbox 2661 498 2737 541; x_wconf 78' lang='grc' dir='ltr'><strong><em>ἐπὶ</em></strong></span> <span class='ocrx_word' id='word_1_594' title='bbox 2764 495 2848 540; x_wconf 84' lang='grc' dir='ltr'><strong><em>τὸν</em></strong></span> <span class='ocrx_word' id='word_1_595' title='bbox 2875 513 2988 555; x_wconf 83' lang='grc' dir='ltr'><strong><em>παρ·</em></strong></span> 
     </span>
     <span class='ocr_line' id='line_1_81' title="bbox 1642 547 3062 612; baseline 0.002 -19"><span class='ocrx_word' id='word_1_596' title='bbox 1642 548 1755 593; x_wconf 90' lang='grc' dir='ltr'><strong><em>όντα</em></strong></span> <span class='ocrx_word' id='word_1_597' title='bbox 1783 565 1926 604; x_wconf 91' lang='grc' dir='ltr'><strong><em>νομον</em></strong></span> <span class='ocrx_word' id='word_1_598' title='bbox 1953 547 2028 593; x_wconf 83' lang='grc' dir='ltr'><strong><em>διὰ</em></strong></span> <span class='ocrx_word' id='word_1_599' title='bbox 2062 551 2146 608; x_wconf 86' lang='grc' dir='ltr'><strong><em>τὴν</em></strong></span> <span class='ocrx_word' id='word_1_600' title='bbox 2173 549 2286 612; x_wconf 76' lang='grc' dir='ltr'><strong><em>ὑπὲρ</em></strong></span> <span class='ocrx_word' id='word_1_601' title='bbox 2323 550 2548 609; x_wconf 73' lang='grc' dir='ltr'><strong><em>εὐσεβείας</em></strong></span> <span class='ocrx_word' id='word_1_602' title='bbox 2576 548 2825 610; x_wconf 71' lang='grc' dir='ltr'><strong><em>ἀφικέσθαι</em></strong></span> <span class='ocrx_word' id='word_1_603' title='bbox 2853 566 2989 598; x_wconf 88' lang='grc' dir='ltr'><strong><em>σπου·</em></strong></span> <span class='ocrx_word' id='word_1_604' title='bbox 3057 558 3062 564; x_wconf 76' lang='grc'><strong>’</strong></span> 
     </span>
     <span class='ocr_line' id='line_1_82' title="bbox 1644 601 2990 668; baseline 0 -18"><span class='ocrx_word' id='word_1_605' title='bbox 1644 605 1726 660; x_wconf 84' lang='grc' dir='ltr'><strong><em>δὴν</em></strong></span> <span class='ocrx_word' id='word_1_606' title='bbox 1762 609 1836 647; x_wconf 87' lang='grc' dir='ltr'><strong><em>καὶ</em></strong></span> <span class='ocrx_word' id='word_1_607' title='bbox 1876 601 1970 662; x_wconf 79' lang='grc' dir='ltr'><strong><em>ἅμα</em></strong></span> <span class='ocrx_word' id='word_1_608' title='bbox 2008 608 2090 651; x_wconf 72' lang='grc' dir='ltr'><strong><em>μὲν</em></strong></span> <span class='ocrx_word' id='word_1_609' title='bbox 2117 606 2228 668; x_wconf 75' lang='grc' dir='ltr'><strong><em>ὑπὲρ</em></strong></span> <span class='ocrx_word' id='word_1_610' title='bbox 2267 611 2343 664; x_wconf 79' lang='grc' dir='ltr'><strong><em>τῆς</em></strong></span> <span class='ocrx_word' id='word_1_611' title='bbox 2373 607 2614 668; x_wconf 83' lang='grc' dir='ltr'><strong><em>ἱερωσύνης</em></strong></span> <span class='ocrx_word' id='word_1_612' title='bbox 2643 604 2790 662; x_wconf 75' lang='grc' dir='ltr'><strong><em>αὐτῆς,</em></strong></span> <span class='ocrx_word' id='word_1_613' title='bbox 2820 603 2912 665; x_wconf 80' lang='grc' dir='ltr'><strong><em>ἅμα</em></strong></span> <span class='ocrx_word' id='word_1_614' title='bbox 2941 604 2990 652; x_wconf 69' lang='grc' dir='ltr'><strong><em>δὲ</em></strong></span> 
     </span>
     <span class='ocr_line' id='line_1_83' title="bbox 1644 659 2991 724; baseline 0.001 -18"><span class='ocrx_word' id='word_1_615' title='bbox 1644 667 1667 706; x_wconf 90' lang='grc'><strong>3</strong></span> <span class='ocrx_word' id='word_1_616' title='bbox 1726 659 1838 720; x_wconf 74' lang='grc' dir='ltr'><strong><em>ὑπέρ</em></strong></span> <span class='ocrx_word' id='word_1_617' title='bbox 1868 677 1919 703; x_wconf 82' lang='grc' dir='ltr'><strong><em>τε</em></strong></span> <span class='ocrx_word' id='word_1_618' title='bbox 1945 662 2026 705; x_wconf 85' lang='grc' dir='ltr'><strong><em>τοῦ</em></strong></span> <span class='ocrx_word' id='word_1_619' title='bbox 2055 665 2180 724; x_wconf 81' lang='grc' dir='ltr'><strong><em>κοινῇ</em></strong></span> <span class='ocrx_word' id='word_1_620' title='bbox 2209 667 2265 720; x_wconf 85' lang='grc' dir='ltr'><strong><em>τῆ</em></strong></span> <span class='ocrx_word' id='word_1_621' title='bbox 2294 663 2502 719; x_wconf 77' lang='grc' dir='ltr'><strong><em>πολιτείᾳ</em></strong></span> <span class='ocrx_word' id='word_1_622' title='bbox 2530 667 2844 723; x_wconf 81' lang='grc' dir='ltr'><strong><em>συμφέροντος.</em></strong></span> <span class='ocrx_word' id='word_1_623' title='bbox 2899 666 2991 707; x_wconf 77' lang='grc' dir='ltr'><strong><em>Καὶ</em></strong></span> 
     </span>
     <span class='ocr_line' id='line_1_84' title="bbox 1644 711 2991 779; baseline 0.002 -19"><span class='ocrx_word' id='word_1_624' title='bbox 1644 720 1925 773; x_wconf 83' lang='grc' dir='ltr'><strong><em>θεσπίζομεν</em></strong></span> <span class='ocrx_word' id='word_1_625' title='bbox 1960 735 1994 773; x_wconf 90' lang='grc' dir='ltr'><strong><em>μ</em></strong></span> <span class='ocrx_word' id='word_1_626' title='bbox 2025 715 2133 762; x_wconf 86' lang='grc' dir='ltr'><strong><em>δένα</em></strong></span> <span class='ocrx_word' id='word_1_627' title='bbox 2168 711 2279 777; x_wconf 70' lang='grc' dir='ltr'><strong><em>μήτε</em></strong></span> <span class='ocrx_word' id='word_1_628' title='bbox 2308 718 2518 764; x_wconf 88' lang='grc' dir='ltr'><strong><em>διάκονον</em></strong></span> <span class='ocrx_word' id='word_1_629' title='bbox 2544 717 2656 776; x_wconf 86' lang='grc' dir='ltr'><strong><em>μήτε</em></strong></span> <span class='ocrx_word' id='word_1_630' title='bbox 2684 715 2991 779; x_wconf 85' lang='grc' dir='ltr'><strong><em>πρεσβύτερον</em></strong></span> 
     </span>
     <span class='ocr_line' id='line_1_85' title="bbox 1643 735 3046 834; baseline 0.001 -16"><span class='ocrx_word' id='word_1_631' title='bbox 1643 778 1716 818; x_wconf 84' lang='grc' dir='ltr'><strong><em>καὶ</em></strong></span> <span class='ocrx_word' id='word_1_632' title='bbox 1746 772 1898 828; x_wconf 76' lang='grc' dir='ltr'><strong><em>πολλῶ</em></strong></span> <span class='ocrx_word' id='word_1_633' title='bbox 1927 735 2098 829; x_wconf 62' lang='grc' dir='ltr'><strong><em>μᾶλλον</em></strong></span> <span class='ocrx_word' id='word_1_634' title='bbox 2126 777 2375 822; x_wconf 81' lang='grc' dir='ltr'><strong><em>ἐπίσκοπον</em></strong></span> <span class='ocrx_word' id='word_1_635' title='bbox 2403 773 2529 834; x_wconf 81' lang='grc' dir='ltr'><strong><em>(ὅπερ</em></strong></span> <span class='ocrx_word' id='word_1_636' title='bbox 2559 779 2634 818; x_wconf 84' lang='grc' dir='ltr'><strong><em>καὶ</em></strong></span> <span class='ocrx_word' id='word_1_637' title='bbox 2662 773 2858 819; x_wconf 85' lang='grc' dir='ltr'><strong><em>ἄπιστον</em></strong></span> <span class='ocrx_word' id='word_1_638' title='bbox 2883 775 2992 819; x_wconf 77' lang='grc' dir='ltr'><strong><em>ἴσως</em></strong></span> <span class='ocrx_word' id='word_1_639' title='bbox 3044 783 3046 787; x_wconf 80' lang='grc'>’</span> 
     </span>
     <span class='ocr_line' id='line_1_86' title="bbox 1644 819 2992 891; baseline 0.001 -18"><span class='ocrx_word' id='word_1_640' title='bbox 1644 828 1700 873; x_wconf 76' lang='grc' dir='ltr'><strong><em>ἂν</em></strong></span> <span class='ocrx_word' id='word_1_641' title='bbox 1737 827 1929 882; x_wconf 83' lang='grc' dir='ltr'><strong><em>δόξειεν,</em></strong></span> <span class='ocrx_word' id='word_1_642' title='bbox 1967 819 2033 874; x_wconf 78' lang='grc' dir='ltr'><strong><em>ῶν</em></strong></span> <span class='ocrx_word' id='word_1_643' title='bbox 2063 833 2114 873; x_wconf 75' lang='grc' dir='ltr'><strong><em>ἐν</em></strong></span> <span class='ocrx_word' id='word_1_644' title='bbox 2149 836 2246 876; x_wconf 89' lang='grc' dir='ltr'><strong><em>ταῖς</em></strong></span> <span class='ocrx_word' id='word_1_645' title='bbox 2273 837 2565 891; x_wconf 86' lang='grc' dir='ltr'><strong><em>χειροτονίαις</em></strong></span> <span class='ocrx_word' id='word_1_646' title='bbox 2593 829 2720 885; x_wconf 80' lang='grc' dir='ltr'><strong><em>εὐχαί</em></strong></span> <span class='ocrx_word' id='word_1_647' title='bbox 2745 847 2796 874; x_wconf 86' lang='grc' dir='ltr'><strong><em>τε</em></strong></span> <span class='ocrx_word' id='word_1_648' title='bbox 2822 832 2884 875; x_wconf 85' lang='grc' dir='ltr'><strong><em>εἰς</em></strong></span> <span class='ocrx_word' id='word_1_649' title='bbox 2910 829 2992 875; x_wconf 81' lang='grc' dir='ltr'><strong><em>τὸν</em></strong></span> 
     </span>
     <span class='ocr_line' id='line_1_87' title="bbox 1645 880 2994 949; baseline 0.001 -20"><span class='ocrx_word' id='word_1_650' title='bbox 1645 883 1870 939; x_wconf 85' lang='grc' dir='ltr'><strong><em>δεσπότην</em></strong></span> <span class='ocrx_word' id='word_1_651' title='bbox 1922 880 2266 942; x_wconf 82' lang='grc' dir='ltr'><strong><em>ἀναπέμπονται</em></strong></span> <span class='ocrx_word' id='word_1_652' title='bbox 2320 886 2521 949; x_wconf 87' lang='grc' dir='ltr'><strong><em>Χριστὸν</em></strong></span> <span class='ocrx_word' id='word_1_653' title='bbox 2573 887 2655 931; x_wconf 87' lang='grc' dir='ltr'><strong><em>τὸν</em></strong></span> <span class='ocrx_word' id='word_1_654' title='bbox 2704 886 2821 930; x_wconf 89' lang='grc' dir='ltr'><strong><em>θεὸν</em></strong></span> <span class='ocrx_word' id='word_1_655' title='bbox 2862 883 2994 944; x_wconf 82' lang='grc' dir='ltr'><strong><em>ἡμῶν</em></strong></span> 
     </span>
     <span class='ocr_line' id='line_1_88' title="bbox 1644 939 2994 1003; baseline 0.001 -18"><span class='ocrx_word' id='word_1_656' title='bbox 1644 946 1718 985; x_wconf 84' lang='grc' dir='ltr'><strong><em>καὶ</em></strong></span> <span class='ocrx_word' id='word_1_657' title='bbox 1772 939 1997 996; x_wconf 81' lang='grc' dir='ltr'><strong><em>ἐπίκλησις</em></strong></span> <span class='ocrx_word' id='word_1_658' title='bbox 2048 943 2127 985; x_wconf 86' lang='grc' dir='ltr'><strong><em>τοῦ</em></strong></span> <span class='ocrx_word' id='word_1_659' title='bbox 2171 939 2296 1003; x_wconf 81' lang='grc' dir='ltr'><strong><em>ἁγίου</em></strong></span> <span class='ocrx_word' id='word_1_660' title='bbox 2349 948 2423 987; x_wconf 84' lang='grc' dir='ltr'><strong><em>καὶ</em></strong></span> <span class='ocrx_word' id='word_1_661' title='bbox 2467 960 2503 989; x_wconf 86' lang='grc' dir='ltr'><strong><em>π</em></strong></span> <span class='ocrx_word' id='word_1_662' title='bbox 2532 945 2776 998; x_wconf 85' lang='grc' dir='ltr'><strong><em>οσκυνητοῦ</em></strong></span> <span class='ocrx_word' id='word_1_663' title='bbox 2818 947 2994 1003; x_wconf 84' lang='grc' dir='ltr'><strong><em>γίνεται</em></strong></span> 
     </span>
     <span class='ocr_line' id='line_1_89' title="bbox 1645 994 2993 1070; baseline 0 -28"><span class='ocrx_word' id='word_1_664' title='bbox 1645 994 1896 1054; x_wconf 87' lang='grc' dir='ltr'><strong><em>πνεύματος</em></strong></span> <span class='ocrx_word' id='word_1_665' title='bbox 1938 1001 2013 1040; x_wconf 84' lang='grc' dir='ltr'><strong><em>καὶ</em></strong></span> <span class='ocrx_word' id='word_1_666' title='bbox 2055 1002 2153 1042; x_wconf 90' lang='grc' dir='ltr'><strong><em>ταῖς</em></strong></span> <span class='ocrx_word' id='word_1_667' title='bbox 2196 997 2349 1043; x_wconf 82' lang='grc' dir='ltr'><strong><em>αὐτῶν</em></strong></span> <span class='ocrx_word' id='word_1_668' title='bbox 2391 1017 2505 1058; x_wconf 86' lang='grc' dir='ltr'><strong><em>κεφα</em></strong></span> <span class='ocrx_word' id='word_1_669' title='bbox 2533 1003 2600 1042; x_wconf 86' lang='grc' dir='ltr'><strong><em>αῖς</em></strong></span> <span class='ocrx_word' id='word_1_670' title='bbox 2643 997 2670 1054; x_wconf 87' lang='grc' dir='ltr'><em>ἢ</em></span> <span class='ocrx_word' id='word_1_671' title='bbox 2708 1003 2806 1042; x_wconf 86' lang='grc' dir='ltr'><strong><em>ταῖς</em></strong></span> <span class='ocrx_word' id='word_1_672' title='bbox 2840 1015 2890 1070; x_wconf 64' lang='grc' dir='ltr'><strong><em>χε</em></strong></span> <span class='ocrx_word' id='word_1_673' title='bbox 2919 1002 2993 1055; x_wconf 67' lang='lat' dir='ltr'><strong><em>aiv</em></strong></span> 
     </span>
     <span class='ocr_line' id='line_1_90' title="bbox 1646 1049 2993 1115; baseline 0.001 -19"><span class='ocrx_word' id='word_1_674' title='bbox 1646 1054 1905 1099; x_wconf 84' lang='grc' dir='ltr'><strong><em>ἐπιτίθεται</em></strong></span> <span class='ocrx_word' id='word_1_675' title='bbox 1934 1049 1961 1107; x_wconf 84' lang='grc' dir='ltr'><em>ἢ</em></span> <span class='ocrx_word' id='word_1_676' title='bbox 1990 1051 2243 1098; x_wconf 79' lang='grc' dir='ltr'><strong><em>ἐπιδίδοται</em></strong></span> <span class='ocrx_word' id='word_1_677' title='bbox 2271 1055 2328 1099; x_wconf 80' lang='grc' dir='ltr'><strong><em>τὰ</em></strong></span> <span class='ocrx_word' id='word_1_678' title='bbox 2356 1053 2591 1115; x_wconf 82' lang='grc' dir='ltr'><strong><em>ἁγιώτατα</em></strong></span> <span class='ocrx_word' id='word_1_679' title='bbox 2618 1057 2716 1099; x_wconf 88' lang='grc' dir='ltr'><strong><em>τῶν</em></strong></span> <span class='ocrx_word' id='word_1_680' title='bbox 2739 1070 2833 1114; x_wconf 88' lang='grc' dir='ltr'><strong><em>παρ</em></strong></span> <span class='ocrx_word' id='word_1_681' title='bbox 2912 1058 2993 1111; x_wconf 83' lang='grc' dir='ltr'><strong><em>μῖν</em></strong></span> 
     </span>
     <span class='ocr_line' id='line_1_91' title="bbox 1644 1105 2994 1169; baseline 0 -16"><span class='ocrx_word' id='word_1_682' title='bbox 1644 1114 1918 1168; x_wconf 85' lang='grc' dir='ltr'><strong><em>μυστηρίων,</em></strong></span> <span class='ocrx_word' id='word_1_683' title='bbox 1972 1105 2096 1154; x_wconf 77' lang='grc' dir='ltr'><strong><em>ὅπως</em></strong></span> <span class='ocrx_word' id='word_1_684' title='bbox 2134 1107 2192 1153; x_wconf 79' lang='grc' dir='ltr'><strong><em>ἂν</em></strong></span> <span class='ocrx_word' id='word_1_685' title='bbox 2235 1108 2383 1155; x_wconf 77' lang='grc' dir='ltr'><strong><em>αὐτοῖς</em></strong></span> <span class='ocrx_word' id='word_1_686' title='bbox 2423 1111 2481 1155; x_wconf 81' lang='grc' dir='ltr'><strong><em>τὰ</em></strong></span> <span class='ocrx_word' id='word_1_687' title='bbox 2524 1109 2800 1169; x_wconf 73' lang='grc' dir='ltr'><strong><em>αἰσθητήρια</em></strong></span> <span class='ocrx_word' id='word_1_688' title='bbox 2842 1125 2994 1155; x_wconf 79' lang='grc' dir='ltr'><strong><em>πάντα</em></strong></span> 
     </span>
     <span class='ocr_line' id='line_1_92' title="bbox 1645 1162 2992 1226; baseline 0 -17"><span class='ocrx_word' id='word_1_689' title='bbox 1645 1162 1828 1225; x_wconf 85' lang='grc' dir='ltr'><strong><em>καθαρά</em></strong></span> <span class='ocrx_word' id='word_1_690' title='bbox 1872 1182 1922 1208; x_wconf 91' lang='grc' dir='ltr'><strong><em>τε</em></strong></span> <span class='ocrx_word' id='word_1_691' title='bbox 1963 1169 2138 1224; x_wconf 88' lang='grc' dir='ltr'><strong><em>γένοιτο</em></strong></span> <span class='ocrx_word' id='word_1_692' title='bbox 2181 1170 2256 1209; x_wconf 80' lang='grc' dir='ltr'><strong><em>καὶ</em></strong></span> <span class='ocrx_word' id='word_1_693' title='bbox 2299 1168 2612 1226; x_wconf 87' lang='grc' dir='ltr'><strong><em>καθιερωθείη</em></strong></span> <span class='ocrx_word' id='word_1_694' title='bbox 2657 1168 2778 1222; x_wconf 74' lang='grc' dir='ltr'><strong><em>θεῷ)</em></strong></span> <span class='ocrx_word' id='word_1_695' title='bbox 2821 1164 2992 1223; x_wconf 85' lang='grc' dir='ltr'><strong><em>μηδένα</em></strong></span> 
     </span>
     <span class='ocr_line' id='line_1_93' title="bbox 1646 1219 2996 1279; baseline -0.001 -13"><span class='ocrx_word' id='word_1_696' title='bbox 1646 1227 1796 1266; x_wconf 87' lang='grc' dir='ltr'><strong><em>τοίνυν</em></strong></span> <span class='ocrx_word' id='word_1_697' title='bbox 1839 1219 2016 1264; x_wconf 88' lang='grc' dir='ltr'><strong><em>τούτων</em></strong></span> <span class='ocrx_word' id='word_1_698' title='bbox 2059 1220 2230 1278; x_wconf 79' lang='grc' dir='ltr'><strong><em>τολμᾶν</em></strong></span> <span class='ocrx_word' id='word_1_699' title='bbox 2272 1224 2351 1266; x_wconf 89' lang='grc' dir='ltr'><strong><em>τοῦ</em></strong></span> <span class='ocrx_word' id='word_1_700' title='bbox 2394 1221 2551 1268; x_wconf 80' lang='grc' dir='ltr'><strong><em>λοιποῦ</em></strong></span> <span class='ocrx_word' id='word_1_701' title='bbox 2589 1222 2702 1279; x_wconf 83' lang='grc' dir='ltr'><strong><em>μετὰ</em></strong></span> <span class='ocrx_word' id='word_1_702' title='bbox 2736 1219 2871 1267; x_wconf 90' lang='grc' dir='ltr'><strong><em>τόνδε</em></strong></span> <span class='ocrx_word' id='word_1_703' title='bbox 2913 1221 2996 1266; x_wconf 83' lang='grc' dir='ltr'><strong><em>τὸν</em></strong></span> 
     </span>
     <span class='ocr_line' id='line_1_94' title="bbox 1646 1274 2994 1334; baseline 0 -13"><span class='ocrx_word' id='word_1_704' title='bbox 1646 1280 1777 1322; x_wconf 87' lang='grc' dir='ltr'><strong><em>θεῖον</em></strong></span> <span class='ocrx_word' id='word_1_705' title='bbox 1819 1274 1948 1334; x_wconf 79' lang='grc' dir='ltr'><strong><em>ἡμῶν</em></strong></span> <span class='ocrx_word' id='word_1_706' title='bbox 1986 1274 2128 1333; x_wconf 87' lang='grc' dir='ltr'><strong><em>νόμον</em></strong></span> <span class='ocrx_word' id='word_1_707' title='bbox 2164 1274 2192 1333; x_wconf 84' lang='grc' dir='ltr'><em>ἢ</em></span> <span class='ocrx_word' id='word_1_708' title='bbox 2227 1275 2429 1334; x_wconf 83' lang='grc' dir='ltr'><strong><em>κυβεύειν</em></strong></span> <span class='ocrx_word' id='word_1_709' title='bbox 2466 1277 2551 1332; x_wconf 87' lang='grc' dir='ltr'><strong><em>τὴν</em></strong></span> <span class='ocrx_word' id='word_1_710' title='bbox 2588 1278 2771 1322; x_wconf 83' lang='grc' dir='ltr'><strong><em>οἱανοῦν</em></strong></span> <span class='ocrx_word' id='word_1_711' title='bbox 2797 1280 2895 1323; x_wconf 85' lang='grc' dir='ltr'><strong><em>τῶν</em></strong></span> <span class='ocrx_word' id='word_1_712' title='bbox 2923 1275 2994 1321; x_wconf 88' lang='grc' dir='ltr'><strong><em>κύ·</em></strong></span> 
     </span>
     <span class='ocr_line' id='line_1_95' title="bbox 1644 1330 2997 1394; baseline 0.001 -17"><span class='ocrx_word' id='word_1_713' title='bbox 1644 1340 1745 1391; x_wconf 91' lang='grc' dir='ltr'><strong><em>βων</em></strong></span> <span class='ocrx_word' id='word_1_714' title='bbox 1786 1332 1975 1378; x_wconf 81' lang='grc' dir='ltr'><strong><em>παιδιὰν</em></strong></span> <span class='ocrx_word' id='word_1_715' title='bbox 2018 1332 2046 1389; x_wconf 86' lang='grc' dir='ltr'>ἢ</span> <span class='ocrx_word' id='word_1_716' title='bbox 2087 1337 2179 1377; x_wconf 88' lang='grc' dir='ltr'><strong><em>τοῖς</em></strong></span> <span class='ocrx_word' id='word_1_717' title='bbox 2229 1336 2363 1377; x_wconf 84' lang='grc' dir='ltr'><strong><em>τοῦτο</em></strong></span> <span class='ocrx_word' id='word_1_718' title='bbox 2406 1330 2653 1394; x_wconf 88' lang='grc' dir='ltr'><strong><em>πράττουσι</em></strong></span> <span class='ocrx_word' id='word_1_719' title='bbox 2696 1339 2932 1379; x_wconf 83' lang='grc' dir='ltr'><strong><em>κοινωνεῖν</em></strong></span> <span class='ocrx_word' id='word_1_720' title='bbox 2969 1331 2997 1389; x_wconf 86' lang='grc' dir='ltr'><strong><em>ἢ</em></strong></span> 
     </span>
     <span class='ocr_line' id='line_1_96' title="bbox 1646 1388 2997 1450; baseline 0.001 -17"><span class='ocrx_word' id='word_1_721' title='bbox 1646 1390 2012 1450; x_wconf 73' lang='grc' dir='ltr'><strong><em>παρακαθῆσθαι</em></strong></span> <span class='ocrx_word' id='word_1_722' title='bbox 2056 1394 2131 1432; x_wconf 86' lang='grc' dir='ltr'><strong><em>καὶ</em></strong></span> <span class='ocrx_word' id='word_1_723' title='bbox 2183 1391 2438 1449; x_wconf 83' lang='grc' dir='ltr'><strong><em>τέρπεσθαι</em></strong></span> <span class='ocrx_word' id='word_1_724' title='bbox 2490 1393 2566 1433; x_wconf 83' lang='grc' dir='ltr'><strong><em>καὶ</em></strong></span> <span class='ocrx_word' id='word_1_725' title='bbox 2610 1388 2997 1434; x_wconf 80' lang='grc' dir='ltr'><strong><em>συνδιατίθεσθαι</em></strong></span> 
     </span>
     <span class='ocr_line' id='line_1_97' title="bbox 1646 1443 2998 1506; baseline -0.001 -17"><span class='ocrx_word' id='word_1_726' title='bbox 1646 1452 1736 1489; x_wconf 88' lang='grc' dir='ltr'><strong><em>τοῖς</em></strong></span> <span class='ocrx_word' id='word_1_727' title='bbox 1762 1450 2011 1506; x_wconf 80' lang='grc' dir='ltr'><strong><em>γινομένοις</em></strong></span> <span class='ocrx_word' id='word_1_728' title='bbox 2039 1443 2066 1500; x_wconf 86' lang='grc' dir='ltr'><strong><em>ἢ</em></strong></span> <span class='ocrx_word' id='word_1_729' title='bbox 2096 1443 2404 1505; x_wconf 88' lang='grc' dir='ltr'><strong><em>παραβάλλειν</em></strong></span> <span class='ocrx_word' id='word_1_730' title='bbox 2433 1449 2531 1489; x_wconf 86' lang='grc' dir='ltr'><strong><em>ταῖς</em></strong></span> <span class='ocrx_word' id='word_1_731' title='bbox 2559 1443 2787 1501; x_wconf 80' lang='grc' dir='ltr'><strong><em>δημώδεσι</em></strong></span> <span class='ocrx_word' id='word_1_732' title='bbox 2813 1443 2998 1500; x_wconf 61' lang='lat' dir='ltr'><strong><em>wifam</em></strong></span> 
     </span>
     <span class='ocr_line' id='line_1_98' title="bbox 1648 1498 2999 1561; baseline 0.001 -15"><span class='ocrx_word' id='word_1_733' title='bbox 1648 1504 1794 1555; x_wconf 92' lang='grc' dir='ltr'><strong><em>θέαις,</em></strong></span> <span class='ocrx_word' id='word_1_734' title='bbox 1833 1498 1882 1545; x_wconf 74' lang='grc' dir='ltr'><strong><em>ἃς</em></strong></span> <span class='ocrx_word' id='word_1_735' title='bbox 1912 1503 2178 1561; x_wconf 66' lang='grc' dir='ltr'><strong><em>ἑζαπροσθεν</em></strong></span> <span class='ocrx_word' id='word_1_736' title='bbox 2206 1499 2408 1546; x_wconf 84' lang='grc' dir='ltr'><strong><em>εἰπόντες</em></strong></span> <span class='ocrx_word' id='word_1_737' title='bbox 2436 1502 2660 1559; x_wconf 64' lang='grc' dir='ltr'><strong><em>ἐφθημεν,</em></strong></span> <span class='ocrx_word' id='word_1_738' title='bbox 2694 1501 2799 1544; x_wconf 75' lang='grc' dir='ltr'><strong><em>καίο</em></strong></span> <span class='ocrx_word' id='word_1_739' title='bbox 2825 1517 2872 1546; x_wconf 87' lang='grc' dir='ltr'><strong><em>τι</em></strong></span> <span class='ocrx_word' id='word_1_740' title='bbox 2899 1502 2999 1547; x_wconf 67' lang='grc' dir='ltr'><strong><em>τῶν</em></strong></span> 
     </span>
     <span class='ocr_line' id='line_1_99' title="bbox 1647 1554 2998 1618; baseline 0.002 -18"><span class='ocrx_word' id='word_1_741' title='bbox 1647 1556 1721 1603; x_wconf 74' lang='grc' dir='ltr'><strong><em>ἐπ’</em></strong></span> <span class='ocrx_word' id='word_1_742' title='bbox 1766 1556 1920 1601; x_wconf 80' lang='grc' dir='ltr'><strong><em>αὐταῖς</em></strong></span> <span class='ocrx_word' id='word_1_743' title='bbox 1958 1555 2334 1617; x_wconf 86' lang='grc' dir='ltr'><strong><em>ἀπηγορευμένων</em></strong></span> <span class='ocrx_word' id='word_1_744' title='bbox 2363 1562 2534 1610; x_wconf 86' lang='grc' dir='ltr'><strong><em>ποιεῖν,</em></strong></span> <span class='ocrx_word' id='word_1_745' title='bbox 2573 1554 2687 1600; x_wconf 82' lang='grc' dir='ltr'><strong><em>ἀλλὰ</em></strong></span> <span class='ocrx_word' id='word_1_746' title='bbox 2717 1554 2862 1613; x_wconf 79' lang='grc' dir='ltr'><strong><em>πάσης</em></strong></span> <span class='ocrx_word' id='word_1_747' title='bbox 2889 1554 2998 1618; x_wconf 67' lang='grc' dir='ltr'><strong><em>πρόι</em></strong></span> 
     </span>
     <span class='ocr_line' id='line_1_100' title="bbox 1647 1610 2998 1696; baseline -0.001 -38"><span class='ocrx_word' id='word_1_748' title='bbox 1647 1620 1671 1658; x_wconf 93' lang='grc'>4</span> <span class='ocrx_word' id='word_1_749' title='bbox 1729 1616 1874 1658; x_wconf 87' lang='grc' dir='ltr'><strong><em>ταῦτα</em></strong></span> <span class='ocrx_word' id='word_1_750' title='bbox 1946 1620 2146 1657; x_wconf 87' lang='grc' dir='ltr'><strong><em>ετουσίας</em></strong></span> <span class='ocrx_word' id='word_1_751' title='bbox 2183 1613 2236 1658; x_wconf 84' lang='grc' dir='ltr'><strong><em>τὸ</em></strong></span> <span class='ocrx_word' id='word_1_752' title='bbox 2276 1613 2436 1657; x_wconf 87' lang='grc' dir='ltr'><strong><em>λοιπὸν</em></strong></span> <span class='ocrx_word' id='word_1_753' title='bbox 2473 1610 2741 1667; x_wconf 89' lang='grc' dir='ltr'><strong><em>ἀπέχεσθαι.</em></strong></span> <span class='ocrx_word' id='word_1_754' title='bbox 2817 1612 2874 1658; x_wconf 83' lang='grc' dir='ltr'><strong><em>Τὸ</em></strong></span> <span class='ocrx_word' id='word_1_755' title='bbox 2912 1612 2998 1696; x_wconf 75' lang='grc' dir='ltr'><strong><em>γὰρ</em></strong></span> 
     </span>
     <span class='ocr_line' id='line_1_101' title="bbox 1646 1633 2978 1730; baseline 0 -17"><span class='ocrx_word' id='word_1_756' title='bbox 1646 1669 1728 1725; x_wconf 78' lang='grc' dir='ltr'><strong><em>ἤδη</em></strong></span> <span class='ocrx_word' id='word_1_757' title='bbox 1767 1633 2044 1730; x_wconf 54' lang='grc' dir='ltr'><strong><em>προειλιήφός,</em></strong></span> <span class='ocrx_word' id='word_1_758' title='bbox 2080 1671 2119 1712; x_wconf 89' lang='grc' dir='ltr'><strong><em>εἰ</em></strong></span> <span class='ocrx_word' id='word_1_759' title='bbox 2147 1674 2222 1713; x_wconf 84' lang='grc' dir='ltr'><strong><em>καὶ</em></strong></span> <span class='ocrx_word' id='word_1_760' title='bbox 2250 1667 2491 1725; x_wconf 82' lang='grc' dir='ltr'><strong><em>ἀναζητεῖν</em></strong></span> <span class='ocrx_word' id='word_1_761' title='bbox 2521 1671 2652 1727; x_wconf 79' lang='grc' dir='ltr'><strong><em>ἐχρῆν</em></strong></span> <span class='ocrx_word' id='word_1_762' title='bbox 2679 1666 2758 1724; x_wconf 67' lang='grc' dir='ltr'><strong><em>ἢῑο</em></strong></span> <span class='ocrx_word' id='word_1_763' title='bbox 2785 1673 2860 1713; x_wconf 74' lang='grc' dir='ltr'><strong><em>καὶ</em></strong></span> <span class='ocrx_word' id='word_1_764' title='bbox 2887 1668 2978 1727; x_wconf 79' lang='grc' dir='ltr'><strong><em>μὴ,ι</em></strong></span> 
     </span>
     <span class='ocr_line' id='line_1_102' title="bbox 1645 1722 2998 1786; baseline 0.001 -17"><span class='ocrx_word' id='word_1_765' title='bbox 1645 1731 1846 1784; x_wconf 82' lang='grc' dir='ltr'><strong><em>μετιέναι</em></strong></span> <span class='ocrx_word' id='word_1_766' title='bbox 1885 1726 2215 1785; x_wconf 87' lang='grc' dir='ltr'><strong><em>προσηκόντως,</em></strong></span> <span class='ocrx_word' id='word_1_767' title='bbox 2254 1722 2375 1782; x_wconf 79' lang='grc' dir='ltr'><strong><em>ὅμως</em></strong></span> <span class='ocrx_word' id='word_1_768' title='bbox 2405 1724 2481 1769; x_wconf 80' lang='grc' dir='ltr'><strong><em>διὰ</em></strong></span> <span class='ocrx_word' id='word_1_769' title='bbox 2510 1725 2870 1786; x_wconf 84' lang='grc' dir='ltr'><strong><em>φιλανθρωπίαν</em></strong></span> <span class='ocrx_word' id='word_1_770' title='bbox 2897 1740 2998 1786; x_wconf 85' lang='grc' dir='ltr'><strong><em>συγ-</em></strong></span> 
     </span>
     <span class='ocr_line' id='line_1_103' title="bbox 1646 1778 3000 1851; baseline -0.001 -26"><span class='ocrx_word' id='word_1_771' title='bbox 1646 1784 1889 1851; x_wconf 55' lang='grc' dir='ltr'><strong><em>χωροῦμεν,</em></strong></span> <span class='ocrx_word' id='word_1_772' title='bbox 1930 1782 2014 1838; x_wconf 85' lang='grc' dir='ltr'><strong><em>τὴν</em></strong></span> <span class='ocrx_word' id='word_1_773' title='bbox 2052 1784 2100 1825; x_wconf 78' lang='grc' dir='ltr'><strong><em>ἐκ</em></strong></span> <span class='ocrx_word' id='word_1_774' title='bbox 2138 1784 2218 1826; x_wconf 79' lang='grc' dir='ltr'><strong><em>τοῦ</em></strong></span> <span class='ocrx_word' id='word_1_775' title='bbox 2256 1781 2481 1842; x_wconf 89' lang='grc' dir='ltr'><strong><em>παρόντος</em></strong></span> <span class='ocrx_word' id='word_1_776' title='bbox 2518 1779 2656 1838; x_wconf 89' lang='grc' dir='ltr'><strong><em>νόμου</em></strong></span> <span class='ocrx_word' id='word_1_777' title='bbox 2685 1778 3000 1843; x_wconf 88' lang='grc' dir='ltr'><strong><em>παρατήρησιν</em></strong></span> 
     </span>
     <span class='ocr_line' id='line_1_104' title="bbox 1647 1834 2999 1898; baseline -0.001 -17"><span class='ocrx_word' id='word_1_778' title='bbox 1647 1853 1821 1883; x_wconf 90' lang='grc' dir='ltr'><strong><em>απασιν</em></strong></span> <span class='ocrx_word' id='word_1_779' title='bbox 1861 1840 1920 1882; x_wconf 87' lang='grc' dir='ltr'><strong><em>εἰς</em></strong></span> <span class='ocrx_word' id='word_1_780' title='bbox 1957 1837 2039 1882; x_wconf 83' lang='grc' dir='ltr'><strong><em>τὸν</em></strong></span> <span class='ocrx_word' id='word_1_781' title='bbox 2078 1837 2238 1883; x_wconf 84' lang='grc' dir='ltr'><strong><em>λοιπὸν</em></strong></span> <span class='ocrx_word' id='word_1_782' title='bbox 2276 1839 2560 1882; x_wconf 81' lang='grc' dir='ltr'><strong><em>ἐπιτιθέντες</em></strong></span> <span class='ocrx_word' id='word_1_783' title='bbox 2600 1834 2778 1897; x_wconf 86' lang='grc' dir='ltr'><strong><em>χρόνον.</em></strong></span> <span class='ocrx_word' id='word_1_784' title='bbox 2835 1839 2999 1898; x_wconf 81' lang='grc' dir='ltr'><strong><em>προσῆ-</em></strong></span> 
     </span>
     <span class='ocr_line' id='line_1_105' title="bbox 1648 1891 3000 1954; baseline -0.001 -17"><span class='ocrx_word' id='word_1_785' title='bbox 1648 1912 1728 1938; x_wconf 88' lang='grc' dir='ltr'><strong><em>κον</em></strong></span> <span class='ocrx_word' id='word_1_786' title='bbox 1765 1891 1849 1953; x_wconf 88' lang='grc' dir='ltr'><strong><em>γάρ</em></strong></span> <span class='ocrx_word' id='word_1_787' title='bbox 1891 1897 2016 1937; x_wconf 77' lang='grc' dir='ltr'><strong><em>ἐστιν</em></strong></span> <span class='ocrx_word' id='word_1_788' title='bbox 2054 1892 2203 1938; x_wconf 79' lang='grc' dir='ltr'><strong><em>αὐτοῖς</em></strong></span> <span class='ocrx_word' id='word_1_789' title='bbox 2239 1899 2464 1949; x_wconf 87' lang='grc' dir='ltr'><strong><em>νηστείαις</em></strong></span> <span class='ocrx_word' id='word_1_790' title='bbox 2501 1910 2552 1937; x_wconf 86' lang='grc' dir='ltr'><strong><em>τε</em></strong></span> <span class='ocrx_word' id='word_1_791' title='bbox 2589 1898 2666 1936; x_wconf 85' lang='grc' dir='ltr'><strong><em>καὶ</em></strong></span> <span class='ocrx_word' id='word_1_792' title='bbox 2703 1891 2898 1954; x_wconf 77' lang='grc' dir='ltr'><strong><em>ἁγνείαις</em></strong></span> <span class='ocrx_word' id='word_1_793' title='bbox 2925 1898 3000 1937; x_wconf 84' lang='grc' dir='ltr'><strong><em>καὶ</em></strong></span> 
     </span>
     <span class='ocr_line' id='line_1_106' title="bbox 1648 1946 3000 2010; baseline -0.001 -16"><span class='ocrx_word' id='word_1_794' title='bbox 1648 1955 1744 1994; x_wconf 87' lang='grc' dir='ltr'><strong><em>ταῖς</em></strong></span> <span class='ocrx_word' id='word_1_795' title='bbox 1772 1948 1982 1994; x_wconf 86' lang='grc' dir='ltr'><strong><em>ἀσκ’σεσι</em></strong></span> <span class='ocrx_word' id='word_1_796' title='bbox 2010 1952 2108 1993; x_wconf 86' lang='grc' dir='ltr'><strong><em>τῶν</em></strong></span> <span class='ocrx_word' id='word_1_797' title='bbox 2136 1951 2286 1994; x_wconf 86' lang='grc' dir='ltr'><strong><em>θείων</em></strong></span> <span class='ocrx_word' id='word_1_798' title='bbox 2316 1949 2480 2009; x_wconf 88' lang='grc' dir='ltr'><strong><em>λογίων</em></strong></span> <span class='ocrx_word' id='word_1_799' title='bbox 2509 1953 2584 1992; x_wconf 81' lang='grc' dir='ltr'><strong><em>καὶ</em></strong></span> <span class='ocrx_word' id='word_1_800' title='bbox 2622 1954 2719 1993; x_wconf 87' lang='grc' dir='ltr'><strong><em>ταῖς</em></strong></span> <span class='ocrx_word' id='word_1_801' title='bbox 2745 1946 2860 2010; x_wconf 73' lang='grc' dir='ltr'><strong><em>ὑπὲρ</em></strong></span> <span class='ocrx_word' id='word_1_802' title='bbox 2888 1947 3000 1995; x_wconf 83' lang='grc' dir='ltr'><strong><em>πάν·</em></strong></span> 
     </span>
     <span class='ocr_line' id='line_1_107' title="bbox 1648 1969 3000 2062; baseline -0.001 -12"><span class='ocrx_word' id='word_1_803' title='bbox 1648 2023 1744 2050; x_wconf 89' lang='grc' dir='ltr'><strong><em>των</em></strong></span> <span class='ocrx_word' id='word_1_804' title='bbox 1773 1969 2006 2060; x_wconf 64' lang='grc' dir='ltr'><strong><em>σχολάζειν</em></strong></span> <span class='ocrx_word' id='word_1_805' title='bbox 2035 2003 2192 2060; x_wconf 80' lang='grc' dir='ltr'><strong><em>εὐχαῖς,</em></strong></span> <span class='ocrx_word' id='word_1_806' title='bbox 2221 2003 2332 2050; x_wconf 83' lang='grc' dir='ltr'><strong><em>ἀλλὰ</em></strong></span> <span class='ocrx_word' id='word_1_807' title='bbox 2362 2006 2424 2062; x_wconf 90' lang='grc' dir='ltr'><strong><em>μὴ</em></strong></span> <span class='ocrx_word' id='word_1_808' title='bbox 2460 2007 2607 2049; x_wconf 83' lang='grc' dir='ltr'><strong><em>ταῦτα</em></strong></span> <span class='ocrx_word' id='word_1_809' title='bbox 2641 2003 3000 2062; x_wconf 80' lang='grc' dir='ltr'><strong><em>καταλιμπάνον·</em></strong></span> 
     </span>
     <span class='ocr_line' id='line_1_108' title="bbox 1648 2057 3000 2121; baseline -0.001 -15"><span class='ocrx_word' id='word_1_810' title='bbox 1648 2078 1727 2107; x_wconf 87' lang='grc' dir='ltr'><strong><em>τας</em></strong></span> <span class='ocrx_word' id='word_1_811' title='bbox 1761 2065 1859 2107; x_wconf 83' lang='grc' dir='ltr'><strong><em>τῶν</em></strong></span> <span class='ocrx_word' id='word_1_812' title='bbox 1895 2060 2164 2106; x_wconf 90' lang='grc' dir='ltr'><strong><em>παντάπασι</em></strong></span> <span class='ocrx_word' id='word_1_813' title='bbox 2192 2059 2402 2119; x_wconf 85' lang='grc' dir='ltr'><strong><em>βεβήλων</em></strong></span> <span class='ocrx_word' id='word_1_814' title='bbox 2430 2078 2481 2104; x_wconf 87' lang='grc' dir='ltr'><strong><em>τε</em></strong></span> <span class='ocrx_word' id='word_1_815' title='bbox 2520 2065 2595 2104; x_wconf 83' lang='grc' dir='ltr'><strong><em>καὶ</em></strong></span> <span class='ocrx_word' id='word_1_816' title='bbox 2624 2057 3000 2121; x_wconf 82' lang='grc' dir='ltr'><strong><em>ἀπηγορευμένων</em></strong></span> 
     </span>
     <span class='ocr_line' id='line_1_109' title="bbox 1650 2115 3003 2173; baseline -0.001 -10"><span class='ocrx_word' id='word_1_817' title='bbox 1650 2125 1673 2163; x_wconf 88' lang='grc'>5</span> <span class='ocrx_word' id='word_1_818' title='bbox 1731 2115 1979 2164; x_wconf 79' lang='grc' dir='ltr'><strong><em>ἅπτεσθαι.</em></strong></span> <span class='ocrx_word' id='word_1_819' title='bbox 2031 2116 2174 2162; x_wconf 80' lang='grc' dir='ltr'><strong><em>Ταῦτὸ</em></strong></span> <span class='ocrx_word' id='word_1_820' title='bbox 2198 2117 2248 2161; x_wconf 77' lang='grc' dir='ltr'><strong><em>δὲ</em></strong></span> <span class='ocrx_word' id='word_1_821' title='bbox 2264 2121 2397 2162; x_wconf 91' lang='grc' dir='ltr'><strong><em>τοῦτο</em></strong></span> <span class='ocrx_word' id='word_1_822' title='bbox 2413 2119 2696 2173; x_wconf 81' lang='grc' dir='ltr'><strong><em>θεσπίζομεν</em></strong></span> <span class='ocrx_word' id='word_1_823' title='bbox 2710 2122 2784 2160; x_wconf 83' lang='grc' dir='ltr'><strong><em>καὶ</em></strong></span> <span class='ocrx_word' id='word_1_824' title='bbox 2813 2118 3003 2162; x_wconf 77' lang='grc' dir='ltr'><strong><em>ἐπὶτῶν</em></strong></span> 
     </span>
     <span class='ocr_line' id='line_1_110' title="bbox 1650 2169 3002 2234; baseline 0 -16"><span class='ocrx_word' id='word_1_825' title='bbox 1650 2174 1823 2219; x_wconf 79' lang='grc' dir='ltr'><strong><em>λοιπῶν</em></strong></span> <span class='ocrx_word' id='word_1_826' title='bbox 1859 2174 2103 2234; x_wconf 87' lang='grc' dir='ltr'><strong><em>κληρικῶν,</em></strong></span> <span class='ocrx_word' id='word_1_827' title='bbox 2145 2172 2460 2219; x_wconf 78' lang='grc' dir='ltr'><strong><em>ὑποδιακόνων</em></strong></span> <span class='ocrx_word' id='word_1_828' title='bbox 2498 2189 2549 2216; x_wconf 84' lang='grc' dir='ltr'><strong><em>τε</em></strong></span> <span class='ocrx_word' id='word_1_829' title='bbox 2587 2177 2661 2217; x_wconf 76' lang='grc' dir='ltr'><strong><em>καὶ</em></strong></span> <span class='ocrx_word' id='word_1_830' title='bbox 2689 2169 3002 2234; x_wconf 80' lang='grc' dir='ltr'><strong><em>ἀναγνωστῶν</em></strong></span> 
     </span>
     <span class='ocr_line' id='line_1_111' title="bbox 1649 2228 3001 2291; baseline -0.001 -18"><span class='ocrx_word' id='word_1_831' title='bbox 1649 2248 1809 2289; x_wconf 87' lang='grc' dir='ltr'><strong><em>φαμεν,</em></strong></span> <span class='ocrx_word' id='word_1_832' title='bbox 1854 2233 1982 2291; x_wconf 83' lang='grc' dir='ltr'><strong><em>οἵπερ</em></strong></span> <span class='ocrx_word' id='word_1_833' title='bbox 2026 2235 2099 2273; x_wconf 84' lang='grc' dir='ltr'><strong><em>καὶ</em></strong></span> <span class='ocrx_word' id='word_1_834' title='bbox 2145 2228 2272 2273; x_wconf 78' lang='grc' dir='ltr'><strong><em>αὐτοὶ</em></strong></span> <span class='ocrx_word' id='word_1_835' title='bbox 2314 2233 2391 2285; x_wconf 81' lang='grc' dir='ltr'><strong><em>τῆς</em></strong></span> <span class='ocrx_word' id='word_1_836' title='bbox 2427 2246 2478 2273; x_wconf 85' lang='grc' dir='ltr'><strong><em>τε</em></strong></span> <span class='ocrx_word' id='word_1_837' title='bbox 2518 2229 2636 2288; x_wconf 83' lang='grc' dir='ltr'><strong><em>ἱερᾶς</em></strong></span> <span class='ocrx_word' id='word_1_838' title='bbox 2671 2231 2892 2290; x_wconf 81' lang='grc' dir='ltr'><strong><em>τραπέζης</em></strong></span> <span class='ocrx_word' id='word_1_839' title='bbox 2926 2233 3001 2273; x_wconf 76' lang='grc' dir='ltr'><strong><em>καὶ</em></strong></span> 
     </span>
     <span class='ocr_line' id='line_1_112' title="bbox 1649 2283 3002 2346; baseline 0 -16"><span class='ocrx_word' id='word_1_840' title='bbox 1649 2286 1820 2331; x_wconf 85' lang='grc' dir='ltr'><strong><em>παντὸς</em></strong></span> <span class='ocrx_word' id='word_1_841' title='bbox 1872 2289 1951 2330; x_wconf 81' lang='grc' dir='ltr'><strong><em>τοῦ</em></strong></span> <span class='ocrx_word' id='word_1_842' title='bbox 2003 2290 2106 2346; x_wconf 83' lang='grc' dir='ltr'><strong><em>περὶ</em></strong></span> <span class='ocrx_word' id='word_1_843' title='bbox 2150 2285 2228 2330; x_wconf 82' lang='grc' dir='ltr'><strong><em>τὰς</em></strong></span> <span class='ocrx_word' id='word_1_844' title='bbox 2271 2283 2524 2345; x_wconf 82' lang='grc' dir='ltr'><strong><em>ἁγιωτάτας</em></strong></span> <span class='ocrx_word' id='word_1_845' title='bbox 2567 2284 2795 2342; x_wconf 81' lang='grc' dir='ltr'><strong><em>ἐκκλησίας</em></strong></span> <span class='ocrx_word' id='word_1_846' title='bbox 2836 2283 3002 2342; x_wconf 86' lang='grc' dir='ltr'><strong><em>κόσμου</em></strong></span> 
     </span>
     <span class='ocr_line' id='line_1_113' title="bbox 1648 2339 3000 2410; baseline -0.001 -24"><span class='ocrx_word' id='word_1_847' title='bbox 1648 2344 1929 2386; x_wconf 86' lang='grc' dir='ltr'><strong><em>καθεστᾶσιν</em></strong></span> <span class='ocrx_word' id='word_1_848' title='bbox 1972 2340 2087 2386; x_wconf 82' lang='grc' dir='ltr'><strong><em>ύπου</em></strong></span> <span class='ocrx_word' id='word_1_849' title='bbox 2115 2348 2190 2402; x_wconf 89' lang='grc' dir='ltr'><strong><em>γοί</em></strong></span> <span class='ocrx_word' id='word_1_850' title='bbox 2229 2360 2279 2386; x_wconf 86' lang='grc' dir='ltr'><strong><em>τε</em></strong></span> <span class='ocrx_word' id='word_1_851' title='bbox 2317 2346 2391 2385; x_wconf 82' lang='grc' dir='ltr'><strong><em>καὶ</em></strong></span> <span class='ocrx_word' id='word_1_852' title='bbox 2434 2339 2655 2410; x_wconf 80' lang='grc' dir='ltr'><strong><em>ὑπηρέται</em></strong></span> <span class='ocrx_word' id='word_1_853' title='bbox 2693 2345 2769 2385; x_wconf 75' lang='grc' dir='ltr'><strong><em>καὶ</em></strong></span> <span class='ocrx_word' id='word_1_854' title='bbox 2805 2341 2863 2386; x_wconf 77' lang='grc' dir='ltr'><strong><em>τὰ</em></strong></span> <span class='ocrx_word' id='word_1_855' title='bbox 2891 2343 3000 2387; x_wconf 82' lang='grc' dir='ltr'><strong><em>θεῖα</em></strong></span> 
     </span>
     <span class='ocr_line' id='line_1_114' title="bbox 1646 2360 3002 2460; baseline 0 -18"><span class='ocrx_word' id='word_1_856' title='bbox 1646 2396 2054 2459; x_wconf 84' lang='grc' dir='ltr'><strong><em>μεταχειριζόμενοι</em></strong></span> <span class='ocrx_word' id='word_1_857' title='bbox 2085 2360 2214 2458; x_wconf 64' lang='grc' dir='ltr'><strong><em>λόγια</em></strong></span> <span class='ocrx_word' id='word_1_858' title='bbox 2242 2398 2319 2442; x_wconf 81' lang='grc' dir='ltr'><strong><em>τὰς</em></strong></span> <span class='ocrx_word' id='word_1_859' title='bbox 2350 2397 2466 2455; x_wconf 84' lang='grc' dir='ltr'><strong><em>ἱερὰς</em></strong></span> <span class='ocrx_word' id='word_1_860' title='bbox 2493 2402 2600 2455; x_wconf 88' lang='grc' dir='ltr'><strong><em>ημῖν</em></strong></span> <span class='ocrx_word' id='word_1_861' title='bbox 2629 2400 2678 2442; x_wconf 77' lang='grc' dir='ltr'><strong><em>ἐκ</em></strong></span> <span class='ocrx_word' id='word_1_862' title='bbox 2705 2400 2802 2443; x_wconf 87' lang='grc' dir='ltr'><strong><em>τῶν</em></strong></span> <span class='ocrx_word' id='word_1_863' title='bbox 2821 2395 3002 2460; x_wconf 75' lang='grc' dir='ltr'><strong><em>εύαγῶν</em></strong></span> 
     </span>
    </p>
   </div>
   <div class='ocr_carea' id='block_1_7' title="bbox 2103 2560 3000 2681">
    <p class='ocr_par' dir='ltr' id='par_1_8' title="bbox 2103 2560 3000 2681">
     <span class='ocr_line' id='line_1_115' title="bbox 2103 2560 3000 2620; baseline -0.001 -9"><span class='ocrx_word' id='word_1_864' title='bbox 2103 2567 2158 2620; x_wconf 81' lang='grc'><strong><em>(7)</em></strong></span> <span class='ocrx_word' id='word_1_865' title='bbox 2189 2560 2260 2609; x_wconf 74' lang='grc' dir='ltr'><strong><em>ὅτι</em></strong></span> <span class='ocrx_word' id='word_1_866' title='bbox 2285 2568 2452 2611; x_wconf 86' lang='lat' dir='ltr'><em>Nomoc.</em></span> <span class='ocrx_word' id='word_1_867' title='bbox 2548 2571 2600 2619; x_wconf 87' lang='lat'><strong><em>(8)</em></strong></span> <span class='ocrx_word' id='word_1_868' title='bbox 2628 2571 2707 2610; x_wconf 89' lang='grc' dir='ltr'><strong><em>καί</em></strong></span> <span class='ocrx_word' id='word_1_869' title='bbox 2729 2571 2806 2612; x_wconf 84' lang='lat' dir='ltr'><em>ins.</em></span> <span class='ocrx_word' id='word_1_870' title='bbox 2833 2569 3000 2612; x_wconf 82' lang='lat' dir='ltr'><em>Nomoc.</em></span> 
     </span>
     <span class='ocr_line' id='line_1_116' title="bbox 2204 2619 3000 2681; baseline 0.003 -15"><span class='ocrx_word' id='word_1_871' title='bbox 2204 2626 2280 2677; x_wconf 88' lang='lat'>(10)</span> <span class='ocrx_word' id='word_1_872' title='bbox 2310 2621 2338 2677; x_wconf 83' lang='grc' dir='ltr'><strong><em>ἦ</em></strong></span> <span class='ocrx_word' id='word_1_873' title='bbox 2368 2641 2440 2666; x_wconf 87' lang='lat' dir='ltr'><em>om.</em></span> <span class='ocrx_word' id='word_1_874' title='bbox 2478 2625 2578 2667; x_wconf 82' lang='lat' dir='ltr'><em>Coll.</em></span> <span class='ocrx_word' id='word_1_875' title='bbox 2729 2627 2801 2679; x_wconf 86' lang='lat'><strong>(11)</strong></span> <span class='ocrx_word' id='word_1_876' title='bbox 2829 2619 2893 2681; x_wconf 80' lang='grc' dir='ltr'><strong><em>μή</em></strong></span> <span class='ocrx_word' id='word_1_877' title='bbox 2922 2626 3000 2668; x_wconf 80' lang='lat' dir='ltr'><em>del.</em></span> 
     </span>
    </p>
   </div>
   <div class='ocr_carea' id='block_1_8' title="bbox 1646 2568 2015 2622">
    <p class='ocr_par' dir='ltr' id='par_1_9' title="bbox 1646 2568 2015 2622">
     <span class='ocr_line' id='line_1_117' title="bbox 1646 2568 2015 2622; baseline 0.005 -15"><span class='ocrx_word' id='word_1_878' title='bbox 1646 2569 1820 2622; x_wconf 88' lang='grc' dir='ltr'><strong><em>σμένοις</em></strong></span> <span class='ocrx_word' id='word_1_879' title='bbox 1850 2568 2015 2609; x_wconf 84' lang='lat' dir='ltr'><em>Nomoc.</em></span> 
     </span>
    </p>
   </div>
   <div class='ocr_carea' id='block_1_9' title="bbox 1646 2619 2058 2721">
    <p class='ocr_par' dir='ltr' id='par_1_10' title="bbox 1646 2619 2058 2721">
     <span class='ocr_line' id='line_1_118' title="bbox 1646 2619 2058 2677; baseline 0.002 -14"><span class='ocrx_word' id='word_1_880' title='bbox 1646 2625 1703 2677; x_wconf 81' lang='lat'><strong><em>(9)</em></strong></span> <span class='ocrx_word' id='word_1_881' title='bbox 1733 2619 1761 2676; x_wconf 83' lang='grc' dir='ltr'><em>ἢ</em></span> <span class='ocrx_word' id='word_1_882' title='bbox 1791 2627 1868 2664; x_wconf 89' lang='grc' dir='ltr'><strong><em>καί</em></strong></span> <span class='ocrx_word' id='word_1_883' title='bbox 1895 2625 2058 2667; x_wconf 88' lang='lat' dir='ltr'><em>Nomoc.</em></span> 
     </span>
     <span class='ocr_line' id='line_1_119' title="bbox 1647 2680 1832 2721; baseline 0.005 -1"><span class='ocrx_word' id='word_1_884' title='bbox 1647 2680 1832 2721; x_wconf 83' lang='lat' dir='ltr'><em>Hercher</em></span> 
     </span>
    </p>
   </div>
   <div class='ocr_carea' id='block_1_10' title="bbox 2017 2796 2259 2802">
    <p class='ocr_par' dir='ltr' id='par_1_11' title="bbox 2017 2796 2259 2802">
     <span class='ocr_line' id='line_1_120' title="bbox 2017 2796 2259 2802; baseline 0 0"><span class='ocrx_word' id='word_1_885' title='bbox 2017 2796 2259 2802; x_wconf 95' lang='lat' dir='ltr'><strong><em> </em></strong></span> 
     </span>
    </p>
   </div>
   <div class='ocr_carea' id='block_1_11' title="bbox 2295 2796 2551 2802">
    <p class='ocr_par' dir='ltr' id='par_1_12' title="bbox 2295 2796 2551 2802">
     <span class='ocr_line' id='line_1_121' title="bbox 2295 2796 2551 2802; baseline 0 0"><span class='ocrx_word' id='word_1_886' title='bbox 2295 2796 2551 2802; x_wconf 95' lang='lat' dir='ltr'><strong><em> </em></strong></span> 
     </span>
    </p>
   </div>
   <div class='ocr_carea' id='block_1_12' title="bbox 1845 2797 3000 2813">
    <p class='ocr_par' dir='ltr' id='par_1_13' title="bbox 1845 2797 3000 2813">
     <span class='ocr_line' id='line_1_122' title="bbox 1845 2797 3000 2813; baseline -0.01 1"><span class='ocrx_word' id='word_1_887' title='bbox 1845 2803 1984 2813; x_wconf 43' lang='grc' dir='ltr'><strong><em>-ν-ι-</em></strong></span> <span class='ocrx_word' id='word_1_888' title='bbox 2862 2797 3000 2803; x_wconf 78' lang='lat'>——-—</span> 
     </span>
    </p>
   </div>
   <div class='ocr_carea' id='block_1_13' title="bbox 1639 2873 3009 4722">
    <p class='ocr_par' dir='ltr' id='par_1_14' title="bbox 1639 2873 3009 4722">
     <span class='ocr_line' id='line_1_123' title="bbox 1649 2873 3003 2934; baseline 0.004 -19"><span class='ocrx_word' id='word_1_889' title='bbox 1649 2875 1674 2915; x_wconf 84' lang='lat'>2</span> <span class='ocrx_word' id='word_1_890' title='bbox 1732 2874 1915 2916; x_wconf 86' lang='lat' dir='ltr'><em>minima</em></span> <span class='ocrx_word' id='word_1_891' title='bbox 1945 2886 2065 2931; x_wconf 82' lang='lat' dir='ltr'><em>pars</em></span> <span class='ocrx_word' id='word_1_892' title='bbox 2103 2887 2158 2916; x_wconf 92' lang='lat' dir='ltr'><strong><em>ea</em></strong></span> <span class='ocrx_word' id='word_1_893' title='bbox 2195 2873 2454 2931; x_wconf 87' lang='lat' dir='ltr'><em>spectacula</em></span> <span class='ocrx_word' id='word_1_894' title='bbox 2492 2881 2610 2918; x_wconf 84' lang='lat' dir='ltr'><em>sunt.</em></span> <span class='ocrx_word' id='word_1_895' title='bbox 2670 2873 2819 2934; x_wconf 87' lang='lat' dir='ltr'><em>Saepe</em></span> <span class='ocrx_word' id='word_1_896' title='bbox 2846 2889 2925 2920; x_wconf 91' lang='lat' dir='ltr'><strong><em>eos</em></strong></span> <span class='ocrx_word' id='word_1_897' title='bbox 2951 2882 3003 2931; x_wconf 79' lang='lat' dir='ltr'><strong><em>ut</em></strong></span> 
     </span>
     <span class='ocr_line' id='line_1_124' title="bbox 1649 2927 3002 2990; baseline 0.004 -19"><span class='ocrx_word' id='word_1_898' title='bbox 1649 2927 1760 2972; x_wconf 82' lang='lat' dir='ltr'><em>ltaec</em></span> <span class='ocrx_word' id='word_1_899' title='bbox 1800 2928 2089 2974; x_wconf 85' lang='lat' dir='ltr'><em>observarent</em></span> <span class='ocrx_word' id='word_1_900' title='bbox 2117 2928 2351 2973; x_wconf 75' lang='lat' dir='ltr'><em>adhortati</em></span> <span class='ocrx_word' id='word_1_901' title='bbox 2378 2943 2555 2973; x_wconf 85' lang='lat' dir='ltr'><em>sumus:</em></span> <span class='ocrx_word' id='word_1_902' title='bbox 2594 2944 2694 2974; x_wconf 90' lang='lat' dir='ltr'><strong><em>cum</em></strong></span> <span class='ocrx_word' id='word_1_903' title='bbox 2722 2935 2870 2976; x_wconf 87' lang='lat' dir='ltr'><em>autem</em></span> <span class='ocrx_word' id='word_1_904' title='bbox 2889 2934 3002 2990; x_wconf 73' lang='lat' dir='ltr'><em>per&#39;-</em></span> 
     </span>
     <span class='ocr_line' id='line_1_125' title="bbox 1641 2984 3003 3043; baseline 0.004 -16"><span class='ocrx_word' id='word_1_905' title='bbox 1641 2989 1785 3042; x_wconf 89' lang='lat' dir='ltr'><em>petuo</em></span> <span class='ocrx_word' id='word_1_906' title='bbox 1823 2985 2008 3028; x_wconf 88' lang='lat' dir='ltr'><em>nuntios</em></span> <span class='ocrx_word' id='word_1_907' title='bbox 2047 2999 2100 3029; x_wconf 91' lang='lat' dir='ltr'><strong><em>ea</em></strong></span> <span class='ocrx_word' id='word_1_908' title='bbox 2140 2985 2195 3028; x_wconf 91' lang='lat' dir='ltr'><strong><em>de</em></strong></span> <span class='ocrx_word' id='word_1_909' title='bbox 2231 2999 2282 3029; x_wconf 89' lang='lat' dir='ltr'><strong><em>re</em></strong></span> <span class='ocrx_word' id='word_1_910' title='bbox 2321 2984 2384 3029; x_wconf 92' lang='lat' dir='ltr'><em>ad</em></span> <span class='ocrx_word' id='word_1_911' title='bbox 2417 2998 2503 3030; x_wconf 88' lang='lat' dir='ltr'><strong><em>nos</em></strong></span> <span class='ocrx_word' id='word_1_912' title='bbox 2541 2985 2722 3043; x_wconf 84' lang='lat' dir='ltr'><em>adferri</em></span> <span class='ocrx_word' id='word_1_913' title='bbox 2758 2986 3003 3041; x_wconf 77' lang='lat' dir='ltr'><em>videamus,</em></span> 
     </span>
     <span class='ocr_line' id='line_1_126' title="bbox 1650 3039 3002 3102; baseline 0.004 -19"><span class='ocrx_word' id='word_1_914' title='bbox 1650 3039 1712 3083; x_wconf 88' lang='lat' dir='ltr'><em>ad</em></span> <span class='ocrx_word' id='word_1_915' title='bbox 1753 3041 2060 3085; x_wconf 87' lang='lat' dir='ltr'><em>necessitatem</em></span> <span class='ocrx_word' id='word_1_916' title='bbox 2104 3040 2289 3085; x_wconf 87' lang='lat' dir='ltr'><em>adducti</em></span> <span class='ocrx_word' id='word_1_917' title='bbox 2334 3055 2489 3085; x_wconf 89' lang='lat' dir='ltr'><em>sumus</em></span> <span class='ocrx_word' id='word_1_918' title='bbox 2521 3047 2809 3100; x_wconf 89' lang='lat' dir='ltr'><em>praesentem</em></span> <span class='ocrx_word' id='word_1_919' title='bbox 2859 3043 3002 3102; x_wconf 77' lang='lat' dir='ltr'><em>leqem</em></span> 
     </span>
     <span class='ocr_line' id='line_1_127' title="bbox 1650 3096 3000 3161; baseline 0.004 -22"><span class='ocrx_word' id='word_1_920' title='bbox 1650 3096 1841 3153; x_wconf 74' lang='lat' dir='ltr'><em>aqqredi</em></span> <span class='ocrx_word' id='word_1_921' title='bbox 1869 3101 2068 3161; x_wconf 86' lang='lat' dir='ltr'><em>propter</em></span> <span class='ocrx_word' id='word_1_922' title='bbox 2105 3096 2301 3141; x_wconf 89' lang='lat' dir='ltr'><em>studium</em></span> <span class='ocrx_word' id='word_1_923' title='bbox 2331 3097 2523 3156; x_wconf 85' lang='lat' dir='ltr'><em>pietatis</em></span> <span class='ocrx_word' id='word_1_924' title='bbox 2559 3103 2605 3143; x_wconf 90' lang='lat' dir='ltr'><strong><em>et</em></strong></span> <span class='ocrx_word' id='word_1_925' title='bbox 2630 3098 2766 3142; x_wconf 87' lang='lat' dir='ltr'><em>simul</em></span> <span class='ocrx_word' id='word_1_926' title='bbox 2794 3103 2885 3143; x_wconf 92' lang='lat' dir='ltr'><strong><em>tam</em></strong></span> <span class='ocrx_word' id='word_1_927' title='bbox 2945 3113 3000 3144; x_wconf 88' lang='lat' dir='ltr'><strong><em>ro</em></strong></span> 
     </span>
     <span class='ocr_line' id='line_1_128' title="bbox 1648 3151 3003 3214; baseline 0.004 -19"><span class='ocrx_word' id='word_1_928' title='bbox 1648 3151 1905 3196; x_wconf 80' lang='lat' dir='ltr'><em>sacerdotio</em></span> <span class='ocrx_word' id='word_1_929' title='bbox 1949 3166 2051 3211; x_wconf 79' lang='lat' dir='ltr'><em>ipso</em></span> <span class='ocrx_word' id='word_1_930' title='bbox 2098 3167 2232 3210; x_wconf 84' lang='lat' dir='ltr'><em>quam</em></span> <span class='ocrx_word' id='word_1_931' title='bbox 2267 3167 2361 3211; x_wconf 88' lang='lat' dir='ltr'><strong><em>pro</em></strong></span> <span class='ocrx_word' id='word_1_932' title='bbox 2408 3154 2634 3198; x_wconf 87' lang='lat' dir='ltr'><em>communi</em></span> <span class='ocrx_word' id='word_1_933' title='bbox 2682 3154 2753 3199; x_wconf 82' lang='lat' dir='ltr'><strong><em>rei</em></strong></span> <span class='ocrx_word' id='word_1_934' title='bbox 2785 3154 2885 3214; x_wconf 86' lang='lat' dir='ltr'><strong><em>pub</em></strong></span> <span class='ocrx_word' id='word_1_935' title='bbox 2903 3168 3003 3200; x_wconf 71' lang='lat' dir='ltr'><em>icae</em></span> 
     </span>
     <span class='ocr_line' id='line_1_129' title="bbox 1652 3208 3004 3266; baseline 0.004 -15"><span class='ocrx_word' id='word_1_936' title='bbox 1652 3211 1676 3251; x_wconf 85' lang='lat'><strong>3</strong></span> <span class='ocrx_word' id='word_1_937' title='bbox 1733 3208 1941 3253; x_wconf 89' lang='lat' dir='ltr'><em>utilitate.</em></span> <span class='ocrx_word' id='word_1_938' title='bbox 2009 3210 2157 3266; x_wconf 84' lang='lat' dir='ltr'><em>Atque</em></span> <span class='ocrx_word' id='word_1_939' title='bbox 2194 3209 2423 3253; x_wconf 86' lang='lat' dir='ltr'><em>sancimus</em></span> <span class='ocrx_word' id='word_1_940' title='bbox 2460 3209 2633 3253; x_wconf 88' lang='lat' dir='ltr'><em>nullum</em></span> <span class='ocrx_word' id='word_1_941' title='bbox 2664 3209 2905 3255; x_wconf 86' lang='lat' dir='ltr'><em>diaconum</em></span> <span class='ocrx_word' id='word_1_942' title='bbox 2933 3211 3004 3256; x_wconf 85' lang='lat' dir='ltr'><strong><em>vel</em></strong></span> 
     </span>
     <span class='ocr_line' id='line_1_130' title="bbox 1641 3263 3002 3364; baseline 0.004 -58"><span class='ocrx_word' id='word_1_943' title='bbox 1641 3263 1959 3364; x_wconf 53' lang='lat' dir='ltr'><em>presbgterum</em></span> <span class='ocrx_word' id='word_1_944' title='bbox 1984 3270 2033 3316; x_wconf 58' lang='lat' dir='ltr'><strong><em>⁴et</em></strong></span> <span class='ocrx_word' id='word_1_945' title='bbox 2060 3265 2200 3308; x_wconf 88' lang='lat' dir='ltr'><em>multo</em></span> <span class='ocrx_word' id='word_1_946' title='bbox 2222 3265 2368 3323; x_wconf 75' lang='lat' dir='ltr'><em>maqis</em></span> <span class='ocrx_word' id='word_1_947' title='bbox 2395 3265 2657 3331; x_wconf 86' lang='lat' dir='ltr'><em>episcopum</em></span> <span class='ocrx_word' id='word_1_948' title='bbox 2685 3265 2839 3324; x_wconf 81' lang='lat' dir='ltr'><em>(quod</em></span> <span class='ocrx_word' id='word_1_949' title='bbox 2866 3266 3002 3312; x_wconf 77' lang='lat' dir='ltr'><em>etiam</em></span> 
     </span>
     <span class='ocr_line' id='line_1_131' title="bbox 1649 3319 3001 3379; baseline 0.003 -16"><span class='ocrx_word' id='word_1_950' title='bbox 1649 3332 1773 3364; x_wconf 80' lang='lat' dir='ltr'><em>incre</em></span> <span class='ocrx_word' id='word_1_951' title='bbox 1804 3319 1908 3364; x_wconf 87' lang='lat' dir='ltr'><em>ibile</em></span> <span class='ocrx_word' id='word_1_952' title='bbox 1946 3320 2075 3378; x_wconf 84' lang='lat' dir='ltr'><em>forte</em></span> <span class='ocrx_word' id='word_1_953' title='bbox 2117 3320 2348 3374; x_wconf 85' lang='lat' dir='ltr'><em>videatur,</em></span> <span class='ocrx_word' id='word_1_954' title='bbox 2394 3334 2492 3365; x_wconf 90' lang='lat' dir='ltr'><strong><em>cum</em></strong></span> <span class='ocrx_word' id='word_1_955' title='bbox 2532 3335 2581 3366; x_wconf 77' lang='lat' dir='ltr'><strong><em>tn</em></strong></span> <span class='ocrx_word' id='word_1_956' title='bbox 2623 3335 2780 3366; x_wconf 87' lang='lat' dir='ltr'><em>eorum</em></span> <span class='ocrx_word' id='word_1_957' title='bbox 2818 3321 3001 3379; x_wconf 83' lang='lat' dir='ltr'><em>ordina-</em></span> 
     </span>
     <span class='ocr_line' id='line_1_132' title="bbox 1651 3375 3000 3434; baseline 0.004 -15"><span class='ocrx_word' id='word_1_958' title='bbox 1651 3375 1771 3420; x_wconf 82' lang='lat' dir='ltr'><em>tione</em></span> <span class='ocrx_word' id='word_1_959' title='bbox 1791 3389 1956 3434; x_wconf 88' lang='lat' dir='ltr'><em>preces</em></span> <span class='ocrx_word' id='word_1_960' title='bbox 1984 3375 2165 3421; x_wconf 88' lang='lat' dir='ltr'><em>domino</em></span> <span class='ocrx_word' id='word_1_961' title='bbox 2200 3375 2375 3422; x_wconf 75' lang='lat' dir='ltr'><em>Christo</em></span> <span class='ocrx_word' id='word_1_962' title='bbox 2413 3377 2498 3422; x_wconf 91' lang='lat' dir='ltr'><strong><em>deo</em></strong></span> <span class='ocrx_word' id='word_1_963' title='bbox 2538 3382 2697 3423; x_wconf 89' lang='lat' dir='ltr'><em>nostro</em></span> <span class='ocrx_word' id='word_1_964' title='bbox 2731 3391 2758 3423; x_wconf 94' lang='grc' dir='ltr'><strong><em>ο</em></strong></span> <span class='ocrx_word' id='word_1_965' title='bbox 2798 3383 3000 3432; x_wconf 84' lang='lat' dir='ltr'><em>erantur,</em></span> 
     </span>
     <span class='ocr_line' id='line_1_133' title="bbox 1648 3431 3000 3492; baseline 0.003 -16"><span class='ocrx_word' id='word_1_966' title='bbox 1648 3436 1694 3476; x_wconf 90' lang='lat' dir='ltr'><strong><em>et</em></strong></span> <span class='ocrx_word' id='word_1_967' title='bbox 1719 3431 1947 3477; x_wconf 87' lang='lat' dir='ltr'><em>invocatio</em></span> <span class='ocrx_word' id='word_1_968' title='bbox 1976 3433 2126 3477; x_wconf 89' lang='lat' dir='ltr'><em>sancti</em></span> <span class='ocrx_word' id='word_1_969' title='bbox 2154 3432 2471 3491; x_wconf 86' lang='lat' dir='ltr'><em>adorandique</em></span> <span class='ocrx_word' id='word_1_970' title='bbox 2508 3433 2698 3492; x_wconf 88' lang='lat' dir='ltr'><em>spiritus</em></span> <span class='ocrx_word' id='word_1_971' title='bbox 2768 3438 2820 3478; x_wconf 89' lang='lat' dir='ltr'><strong><em>at</em></strong></span> <span class='ocrx_word' id='word_1_972' title='bbox 2853 3439 2901 3480; x_wconf 90' lang='lat' dir='ltr'><strong><em>et</em></strong></span> <span class='ocrx_word' id='word_1_973' title='bbox 2925 3447 3000 3480; x_wconf 86' lang='lat' dir='ltr'><em>ca-</em></span> 
     </span>
     <span class='ocr_line' id='line_1_134' title="bbox 1639 3487 3002 3550; baseline 0.002 -19"><span class='ocrx_word' id='word_1_974' title='bbox 1639 3487 1816 3547; x_wconf 83' lang='lat' dir='ltr'><em>pitibus</em></span> <span class='ocrx_word' id='word_1_975' title='bbox 1856 3493 1939 3533; x_wconf 90' lang='lat' dir='ltr'><strong><em>aut</em></strong></span> <span class='ocrx_word' id='word_1_976' title='bbox 1973 3488 2179 3533; x_wconf 88' lang='lat' dir='ltr'><em>manibus</em></span> <span class='ocrx_word' id='word_1_977' title='bbox 2216 3502 2370 3533; x_wconf 90' lang='lat' dir='ltr'><em>eorum</em></span> <span class='ocrx_word' id='word_1_978' title='bbox 2407 3489 2693 3533; x_wconf 82' lang='lat' dir='ltr'><em>sanctissima</em></span> <span class='ocrx_word' id='word_1_979' title='bbox 2761 3503 2848 3535; x_wconf 87' lang='lat' dir='ltr'><strong><em>uae</em></strong></span> <span class='ocrx_word' id='word_1_980' title='bbox 2876 3490 3002 3550; x_wconf 90' lang='lat' dir='ltr'><em>apud</em></span> 
     </span>
     <span class='ocr_line' id='line_1_135' title="bbox 1648 3545 3001 3610; baseline 0.002 -22"><span class='ocrx_word' id='word_1_981' title='bbox 1648 3557 1733 3588; x_wconf 87' lang='lat' dir='ltr'><strong><em>nos</em></strong></span> <span class='ocrx_word' id='word_1_982' title='bbox 1774 3549 1882 3588; x_wconf 91' lang='lat' dir='ltr'><em>sunt</em></span> <span class='ocrx_word' id='word_1_983' title='bbox 1922 3545 2139 3603; x_wconf 72' lang='lat' dir='ltr'><em>mysteria</em></span> <span class='ocrx_word' id='word_1_984' title='bbox 2179 3545 2475 3610; x_wconf 84' lang='lat' dir='ltr'><em>imponantur</em></span> <span class='ocrx_word' id='word_1_985' title='bbox 2518 3545 2588 3589; x_wconf 89' lang='lat' dir='ltr'><strong><em>vel</em></strong></span> <span class='ocrx_word' id='word_1_986' title='bbox 2630 3549 2704 3590; x_wconf 88' lang='lat' dir='ltr'><strong><em>tra</em></strong></span> <span class='ocrx_word' id='word_1_987' title='bbox 2738 3550 2894 3599; x_wconf 88' lang='lat' dir='ltr'><em>antur,</em></span> <span class='ocrx_word' id='word_1_988' title='bbox 2947 3551 3001 3591; x_wconf 89' lang='lat' dir='ltr'><strong><em>ut</em></strong></span> 
     </span>
     <span class='ocr_line' id='line_1_136' title="bbox 1647 3599 3000 3658; baseline 0.002 -15"><span class='ocrx_word' id='word_1_989' title='bbox 1647 3613 1805 3644; x_wconf 89' lang='lat' dir='ltr'><em>sensus</em></span> <span class='ocrx_word' id='word_1_990' title='bbox 1848 3614 2001 3644; x_wconf 91' lang='lat' dir='ltr'><em>omnes</em></span> <span class='ocrx_word' id='word_1_991' title='bbox 2042 3600 2099 3644; x_wconf 87' lang='lat' dir='ltr'><strong><em>iis</em></strong></span> <span class='ocrx_word' id='word_1_992' title='bbox 2131 3611 2244 3658; x_wconf 78' lang='lat' dir='ltr'><em>puri</em></span> <span class='ocrx_word' id='word_1_993' title='bbox 2325 3605 2407 3645; x_wconf 90' lang='lat' dir='ltr'><strong><em>ant</em></strong></span> <span class='ocrx_word' id='word_1_994' title='bbox 2442 3604 2488 3645; x_wconf 93' lang='lat' dir='ltr'><strong><em>et</em></strong></span> <span class='ocrx_word' id='word_1_995' title='bbox 2525 3599 2608 3645; x_wconf 92' lang='lat' dir='ltr'><strong><em>deo</em></strong></span> <span class='ocrx_word' id='word_1_996' title='bbox 2654 3605 3000 3658; x_wconf 85' lang='lat' dir='ltr'><em>consecrentur)</em></span> 
     </span>
     <span class='ocr_line' id='line_1_137' title="bbox 1647 3655 2999 3715; baseline 0.001 -15"><span class='ocrx_word' id='word_1_997' title='bbox 1647 3655 1864 3701; x_wconf 90' lang='lat' dir='ltr'><em>neminem</em></span> <span class='ocrx_word' id='word_1_998' title='bbox 1908 3669 2018 3714; x_wconf 76' lang='lat' dir='ltr'><em>erqo</em></span> <span class='ocrx_word' id='word_1_999' title='bbox 2062 3655 2223 3700; x_wconf 79' lang='lat' dir='ltr'><em>horum</em></span> <span class='ocrx_word' id='word_1_1000' title='bbox 2298 3656 2478 3715; x_wconf 85' lang='lat' dir='ltr'><em>einceps</em></span> <span class='ocrx_word' id='word_1_1001' title='bbox 2515 3660 2631 3715; x_wconf 87' lang='lat' dir='ltr'><em>post</em></span> <span class='ocrx_word' id='word_1_1002' title='bbox 2665 3655 2784 3702; x_wconf 76' lang='lat' dir='ltr'><em>banc</em></span> <span class='ocrx_word' id='word_1_1003' title='bbox 2818 3669 2999 3702; x_wconf 82' lang='lat' dir='ltr'><em>sacram</em></span> 
     </span>
     <span class='ocr_line' id='line_1_138' title="bbox 1649 3711 3000 3771; baseline 0.001 -16"><span class='ocrx_word' id='word_1_1004' title='bbox 1649 3712 1789 3770; x_wconf 77' lang='lat' dir='ltr'><em>leqem</em></span> <span class='ocrx_word' id='word_1_1005' title='bbox 1825 3717 2028 3756; x_wconf 90' lang='lat' dir='ltr'><em>nostram</em></span> <span class='ocrx_word' id='word_1_1006' title='bbox 2065 3711 2231 3757; x_wconf 88' lang='lat' dir='ltr'><em>audere</em></span> <span class='ocrx_word' id='word_1_1007' title='bbox 2269 3712 2339 3757; x_wconf 88' lang='lat' dir='ltr'><strong><em>vel</em></strong></span> <span class='ocrx_word' id='word_1_1008' title='bbox 2375 3725 2696 3771; x_wconf 83' lang='lat' dir='ltr'><em>quemcumque</em></span> <span class='ocrx_word' id='word_1_1009' title='bbox 2730 3717 3000 3758; x_wconf 79' lang='lat' dir='ltr'><em>tesserarum</em></span> 
     </span>
     <span class='ocr_line' id='line_1_139' title="bbox 1649 3767 2999 3826; baseline 0.003 -15"><span class='ocrx_word' id='word_1_1010' title='bbox 1649 3767 1802 3812; x_wconf 83' lang='lat' dir='ltr'><em>ludum</em></span> <span class='ocrx_word' id='word_1_1011' title='bbox 1842 3768 2000 3824; x_wconf 85' lang='lat' dir='ltr'><em>facere</em></span> <span class='ocrx_word' id='word_1_1012' title='bbox 2044 3768 2112 3813; x_wconf 89' lang='lat' dir='ltr'><strong><em>vel</em></strong></span> <span class='ocrx_word' id='word_1_1013' title='bbox 2154 3768 2211 3812; x_wconf 88' lang='lat' dir='ltr'><strong><em>iis</em></strong></span> <span class='ocrx_word' id='word_1_1014' title='bbox 2254 3768 2334 3826; x_wconf 86' lang='lat' dir='ltr'><strong><em>qui</em></strong></span> <span class='ocrx_word' id='word_1_1015' title='bbox 2371 3768 2550 3813; x_wconf 88' lang='lat' dir='ltr'><em>tesseris</em></span> <span class='ocrx_word' id='word_1_1016' title='bbox 2588 3769 2753 3814; x_wconf 88' lang='lat' dir='ltr'><em>ludunt</em></span> <span class='ocrx_word' id='word_1_1017' title='bbox 2784 3769 2999 3815; x_wconf 80' lang='lat' dir='ltr'><em>interesse</em></span> 
     </span>
     <span class='ocr_line' id='line_1_140' title="bbox 1649 3823 2998 3884; baseline 0.001 -15"><span class='ocrx_word' id='word_1_1018' title='bbox 1649 3823 1718 3869; x_wconf 91' lang='lat' dir='ltr'><strong><em>vel</em></strong></span> <span class='ocrx_word' id='word_1_1019' title='bbox 1753 3823 1960 3868; x_wconf 81' lang='lat' dir='ltr'><em>adsidere</em></span> <span class='ocrx_word' id='word_1_1020' title='bbox 1996 3829 2040 3868; x_wconf 91' lang='lat' dir='ltr'><strong><em>et</em></strong></span> <span class='ocrx_word' id='word_1_1021' title='bbox 2074 3824 2290 3869; x_wconf 84' lang='lat' dir='ltr'><em>delectari</em></span> <span class='ocrx_word' id='word_1_1022' title='bbox 2327 3825 2472 3882; x_wconf 82' lang='lat' dir='ltr'><em>iisque</em></span> <span class='ocrx_word' id='word_1_1023' title='bbox 2511 3838 2629 3882; x_wconf 85' lang='lat' dir='ltr'><em>quae</em></span> <span class='ocrx_word' id='word_1_1024' title='bbox 2662 3830 2865 3884; x_wconf 71' lang='lat' dir='ltr'><em>ayuntur</em></span> <span class='ocrx_word' id='word_1_1025' title='bbox 2891 3838 2998 3870; x_wconf 93' lang='lat' dir='ltr'><em>con-</em></span> 
     </span>
     <span class='ocr_line' id='line_1_141' title="bbox 1647 3879 2997 3945; baseline 0 -21"><span class='ocrx_word' id='word_1_1026' title='bbox 1647 3879 1814 3924; x_wconf 86' lang='lat' dir='ltr'><em>sentire</em></span> <span class='ocrx_word' id='word_1_1027' title='bbox 1852 3879 1920 3924; x_wconf 87' lang='lat' dir='ltr'><strong><em>vet</em></strong></span> <span class='ocrx_word' id='word_1_1028' title='bbox 1948 3880 2211 3945; x_wconf 73' lang='lat' dir='ltr'><em>vulqaribus</em></span> <span class='ocrx_word' id='word_1_1029' title='bbox 2238 3880 2511 3940; x_wconf 84' lang='lat' dir='ltr'><em>spectaculis</em></span> <span class='ocrx_word' id='word_1_1030' title='bbox 2538 3881 2776 3935; x_wconf 86' lang='lat' dir='ltr'><em>interesse,</em></span> <span class='ocrx_word' id='word_1_1031' title='bbox 2814 3880 2871 3926; x_wconf 89' lang='lat' dir='ltr'><strong><em>de</em></strong></span> <span class='ocrx_word' id='word_1_1032' title='bbox 2898 3881 2997 3939; x_wconf 82' lang='lat' dir='ltr'><em>qui-</em></span> 
     </span>
     <span class='ocr_line' id='line_1_142' title="bbox 1649 3935 2997 3994; baseline 0 -14"><span class='ocrx_word' id='word_1_1033' title='bbox 1649 3936 1731 3980; x_wconf 88' lang='lat' dir='ltr'><strong><em>bus</em></strong></span> <span class='ocrx_word' id='word_1_1034' title='bbox 1757 3948 1902 3994; x_wconf 89' lang='lat' dir='ltr'><em>supra</em></span> <span class='ocrx_word' id='word_1_1035' title='bbox 1931 3935 2163 3990; x_wconf 56' lang='lat' dir='ltr'><em>diximus„</em></span> <span class='ocrx_word' id='word_1_1036' title='bbox 2185 3937 2254 3981; x_wconf 90' lang='lat' dir='ltr'><strong><em>vel</em></strong></span> <span class='ocrx_word' id='word_1_1037' title='bbox 2292 3949 2447 3981; x_wconf 89' lang='lat' dir='ltr'><em>eorum</em></span> <span class='ocrx_word' id='word_1_1038' title='bbox 2477 3936 2590 3994; x_wconf 82' lang='lat' dir='ltr'><em>quid</em></span> <span class='ocrx_word' id='word_1_1039' title='bbox 2642 3949 2774 3982; x_wconf 79' lang='lat' dir='ltr'><em>acere</em></span> <span class='ocrx_word' id='word_1_1040' title='bbox 2801 3949 2921 3994; x_wconf 84' lang='lat' dir='ltr'><em>quae</em></span> <span class='ocrx_word' id='word_1_1041' title='bbox 2947 3937 2997 3980; x_wconf 86' lang='lat' dir='ltr'><strong><em>in</em></strong></span> 
     </span>
     <span class='ocr_line' id='line_1_143' title="bbox 1648 3991 2997 4048; baseline 0.001 -13"><span class='ocrx_word' id='word_1_1042' title='bbox 1648 3992 1706 4035; x_wconf 89' lang='lat' dir='ltr'><strong><em>iis</em></strong></span> <span class='ocrx_word' id='word_1_1043' title='bbox 1731 3991 1889 4048; x_wconf 87' lang='lat' dir='ltr'><em>facere</em></span> <span class='ocrx_word' id='word_1_1044' title='bbox 1918 3993 2042 4036; x_wconf 88' lang='lat' dir='ltr'><em>vetiti</em></span> <span class='ocrx_word' id='word_1_1045' title='bbox 2069 3997 2189 4046; x_wconf 90' lang='lat' dir='ltr'><em>sunt,</em></span> <span class='ocrx_word' id='word_1_1046' title='bbox 2219 3993 2300 4037; x_wconf 87' lang='lat' dir='ltr'><strong><em>sed</em></strong></span> <span class='ocrx_word' id='word_1_1047' title='bbox 2322 3992 2444 4037; x_wconf 89' lang='lat' dir='ltr'><em>omni</em></span> <span class='ocrx_word' id='word_1_1048' title='bbox 2469 4006 2569 4036; x_wconf 88' lang='lat' dir='ltr'><strong><em>cum</em></strong></span> <span class='ocrx_word' id='word_1_1049' title='bbox 2633 3993 2666 4036; x_wconf 85' lang='lat' dir='ltr'><strong><em>&#39;s</em></strong></span> <span class='ocrx_word' id='word_1_1050' title='bbox 2688 3992 2997 4037; x_wconf 85' lang='lat' dir='ltr'><em>communione</em></span> 
     </span>
     <span class='ocr_line' id='line_1_144' title="bbox 1650 4046 2995 4107; baseline 0.002 -17"><span class='ocrx_word' id='word_1_1051' title='bbox 1650 4053 1677 4091; x_wconf 88' lang='grc'>4</span> <span class='ocrx_word' id='word_1_1052' title='bbox 1733 4046 1789 4091; x_wconf 87' lang='lat' dir='ltr'><strong><em>de</em></strong></span> <span class='ocrx_word' id='word_1_1053' title='bbox 1827 4053 1972 4092; x_wconf 87' lang='lat' dir='ltr'><em>cetero</em></span> <span class='ocrx_word' id='word_1_1054' title='bbox 2003 4048 2238 4093; x_wconf 86' lang='lat' dir='ltr'><em>abstinere.</em></span> <span class='ocrx_word' id='word_1_1055' title='bbox 2305 4047 2438 4102; x_wconf 80' lang='lat' dir='ltr'><em>Quod</em></span> <span class='ocrx_word' id='word_1_1056' title='bbox 2465 4049 2581 4093; x_wconf 89' lang='lat' dir='ltr'><em>enim</em></span> <span class='ocrx_word' id='word_1_1057' title='bbox 2609 4048 2700 4092; x_wconf 85' lang='lat' dir='ltr'><strong><em>iam</em></strong></span> <span class='ocrx_word' id='word_1_1058' title='bbox 2728 4048 2995 4107; x_wconf 79' lang='lat' dir='ltr'><em>praecessit,</em></span> 
     </span>
     <span class='ocr_line' id='line_1_145' title="bbox 1650 4102 2995 4162; baseline 0.002 -16"><span class='ocrx_word' id='word_1_1059' title='bbox 1650 4103 1734 4147; x_wconf 88' lang='lat' dir='ltr'><em>etsi</em></span> <span class='ocrx_word' id='word_1_1060' title='bbox 1771 4103 1941 4160; x_wconf 86' lang='lat' dir='ltr'><em>inquiri</em></span> <span class='ocrx_word' id='word_1_1061' title='bbox 1976 4104 2135 4149; x_wconf 88' lang='lat' dir='ltr'><em>debeat</em></span> <span class='ocrx_word' id='word_1_1062' title='bbox 2170 4104 2239 4149; x_wconf 89' lang='lat' dir='ltr'><strong><em>vel</em></strong></span> <span class='ocrx_word' id='word_1_1063' title='bbox 2276 4105 2410 4149; x_wconf 89' lang='lat' dir='ltr'><em>etiam</em></span> <span class='ocrx_word' id='word_1_1064' title='bbox 2448 4109 2554 4162; x_wconf 85' lang='lat' dir='ltr'><em>apte</em></span> <span class='ocrx_word' id='word_1_1065' title='bbox 2582 4102 2817 4157; x_wconf 86' lang='lat' dir='ltr'><em>vindicari,</em></span> <span class='ocrx_word' id='word_1_1066' title='bbox 2848 4108 2995 4149; x_wconf 85' lang='lat' dir='ltr'><em>tamen</em></span> 
     </span>
     <span class='ocr_line' id='line_1_146' title="bbox 1650 4158 2995 4218; baseline 0.001 -16"><span class='ocrx_word' id='word_1_1067' title='bbox 1650 4158 1838 4216; x_wconf 74' lang='lat' dir='ltr'><em>beniqne</em></span> <span class='ocrx_word' id='word_1_1068' title='bbox 1875 4159 2156 4218; x_wconf 79' lang='lat' dir='ltr'><em>indulqemus</em></span> <span class='ocrx_word' id='word_1_1069' title='bbox 2186 4160 2444 4218; x_wconf 86' lang='lat' dir='ltr'><em>praesentis</em></span> <span class='ocrx_word' id='word_1_1070' title='bbox 2487 4159 2601 4217; x_wconf 73' lang='lat' dir='ltr'><em>leqis</em></span> <span class='ocrx_word' id='word_1_1071' title='bbox 2643 4159 2995 4205; x_wconf 86' lang='lat' dir='ltr'><em>observationem</em></span> 
     </span>
     <span class='ocr_line' id='line_1_147' title="bbox 1651 4214 2995 4275; baseline 0.001 -18"><span class='ocrx_word' id='word_1_1072' title='bbox 1651 4214 1853 4258; x_wconf 88' lang='lat' dir='ltr'><em>omnibus</em></span> <span class='ocrx_word' id='word_1_1073' title='bbox 1881 4216 1929 4258; x_wconf 88' lang='lat' dir='ltr'><strong><em>in</em></strong></span> <span class='ocrx_word' id='word_1_1074' title='bbox 1956 4217 2165 4272; x_wconf 88' lang='lat' dir='ltr'><em>futurum</em></span> <span class='ocrx_word' id='word_1_1075' title='bbox 2197 4222 2368 4275; x_wconf 87' lang='lat' dir='ltr'><em>tempus</em></span> <span class='ocrx_word' id='word_1_1076' title='bbox 2395 4215 2686 4274; x_wconf 88' lang='lat' dir='ltr'><em>imponentes.</em></span> <span class='ocrx_word' id='word_1_1077' title='bbox 2727 4214 2852 4260; x_wconf 86' lang='lat' dir='ltr'><em>decet</em></span> <span class='ocrx_word' id='word_1_1078' title='bbox 2878 4215 2995 4260; x_wconf 87' lang='lat' dir='ltr'><em>enim</em></span> 
     </span>
     <span class='ocr_line' id='line_1_148' title="bbox 1650 4270 2995 4330; baseline 0.001 -16"><span class='ocrx_word' id='word_1_1079' title='bbox 1650 4284 1727 4314; x_wconf 84' lang='lat' dir='ltr'><strong><em>eos</em></strong></span> <span class='ocrx_word' id='word_1_1080' title='bbox 1764 4270 1944 4314; x_wconf 85' lang='lat' dir='ltr'><em>ieiuniis</em></span> <span class='ocrx_word' id='word_1_1081' title='bbox 1980 4277 2024 4315; x_wconf 89' lang='lat' dir='ltr'><strong><em>et</em></strong></span> <span class='ocrx_word' id='word_1_1082' title='bbox 2066 4272 2230 4329; x_wconf 73' lang='lat' dir='ltr'><em>viqiliis</em></span> <span class='ocrx_word' id='word_1_1083' title='bbox 2268 4277 2314 4316; x_wconf 89' lang='lat' dir='ltr'><strong><em>et</em></strong></span> <span class='ocrx_word' id='word_1_1084' title='bbox 2348 4271 2581 4315; x_wconf 61' lang='lat' dir='ltr'><em>excercitiis</em></span> <span class='ocrx_word' id='word_1_1085' title='bbox 2613 4284 2775 4316; x_wconf 83' lang='lat' dir='ltr'><em>sacrae</em></span> <span class='ocrx_word' id='word_1_1086' title='bbox 2800 4270 2995 4330; x_wconf 69' lang='lat' dir='ltr'><em>scriptu·</em></span> 
     </span>
     <span class='ocr_line' id='line_1_149' title="bbox 1650 4325 2995 4386; baseline 0.002 -17"><span class='ocrx_word' id='word_1_1087' title='bbox 1650 4340 1730 4370; x_wconf 88' lang='lat' dir='ltr'><strong><em>rae</em></strong></span> <span class='ocrx_word' id='word_1_1088' title='bbox 1773 4331 1818 4370; x_wconf 92' lang='lat' dir='ltr'><strong><em>et</em></strong></span> <span class='ocrx_word' id='word_1_1089' title='bbox 1845 4327 2060 4385; x_wconf 88' lang='lat' dir='ltr'><em>precibus</em></span> <span class='ocrx_word' id='word_1_1090' title='bbox 2088 4341 2182 4386; x_wconf 88' lang='lat' dir='ltr'><strong><em>pro</em></strong></span> <span class='ocrx_word' id='word_1_1091' title='bbox 2222 4327 2416 4372; x_wconf 88' lang='lat' dir='ltr'><em>omnium</em></span> <span class='ocrx_word' id='word_1_1092' title='bbox 2456 4326 2602 4371; x_wconf 88' lang='lat' dir='ltr'><em>salute</em></span> <span class='ocrx_word' id='word_1_1093' title='bbox 2635 4325 2886 4384; x_wconf 79' lang='lat' dir='ltr'><em>fundendis</em></span> <span class='ocrx_word' id='word_1_1094' title='bbox 2917 4339 2995 4372; x_wconf 80' lang='lat' dir='ltr'><em>va-</em></span> 
     </span>
     <span class='ocr_line' id='line_1_150' title="bbox 1651 4381 2996 4441; baseline 0.001 -16"><span class='ocrx_word' id='word_1_1095' title='bbox 1651 4396 1755 4426; x_wconf 90' lang='lat' dir='ltr'><em>care</em></span> <span class='ocrx_word' id='word_1_1096' title='bbox 1792 4396 1849 4426; x_wconf 87' lang='lat' dir='ltr'><strong><em>ne</em></strong></span> <span class='ocrx_word' id='word_1_1097' title='bbox 1881 4397 1936 4426; x_wconf 88' lang='lat' dir='ltr'><strong><em>ue</em></strong></span> <span class='ocrx_word' id='word_1_1098' title='bbox 1975 4383 2045 4426; x_wconf 86' lang='lat' dir='ltr'><em>lzis</em></span> <span class='ocrx_word' id='word_1_1099' title='bbox 2083 4383 2252 4428; x_wconf 86' lang='lat' dir='ltr'><em>relictis</em></span> <span class='ocrx_word' id='word_1_1100' title='bbox 2294 4381 2415 4427; x_wconf 83' lang='lat' dir='ltr'><em>omni</em></span> <span class='ocrx_word' id='word_1_1101' title='bbox 2450 4395 2512 4427; x_wconf 83' lang='lat' dir='ltr'><strong><em>ex</em></strong></span> <span class='ocrx_word' id='word_1_1102' title='bbox 2538 4387 2680 4441; x_wconf 86' lang='lat' dir='ltr'><em>parte</em></span> <span class='ocrx_word' id='word_1_1103' title='bbox 2707 4381 2922 4441; x_wconf 81' lang='lat' dir='ltr'><em>profana</em></span> <span class='ocrx_word' id='word_1_1104' title='bbox 2950 4386 2996 4427; x_wconf 87' lang='lat' dir='ltr'><strong><em>et</em></strong></span> 
     </span>
     <span class='ocr_line' id='line_1_151' title="bbox 1652 4396 2994 4497; baseline 0.001 -17"><span class='ocrx_word' id='word_1_1105' title='bbox 1652 4443 1675 4480; x_wconf 88' lang='lat'>5</span> <span class='ocrx_word' id='word_1_1106' title='bbox 1737 4396 1973 4496; x_wconf 71' lang='lat' dir='ltr'><em>proltqibita</em></span> <span class='ocrx_word' id='word_1_1107' title='bbox 2017 4439 2249 4497; x_wconf 72' lang='lat' dir='ltr'><em>attinqere.</em></span> <span class='ocrx_word' id='word_1_1108' title='bbox 2332 4435 2458 4482; x_wconf 87' lang='lat' dir='ltr'><em>Idem</em></span> <span class='ocrx_word' id='word_1_1109' title='bbox 2500 4438 2728 4482; x_wconf 87' lang='lat' dir='ltr'><em>sancimus</em></span> <span class='ocrx_word' id='word_1_1110' title='bbox 2767 4437 2904 4482; x_wconf 86' lang='lat' dir='ltr'><em>etiam</em></span> <span class='ocrx_word' id='word_1_1111' title='bbox 2944 4437 2994 4481; x_wconf 78' lang='lat' dir='ltr'><strong><em>in</em></strong></span> 
     </span>
     <span class='ocr_line' id='line_1_152' title="bbox 1650 4491 2992 4551; baseline 0.001 -14"><span class='ocrx_word' id='word_1_1112' title='bbox 1650 4493 1851 4551; x_wconf 84' lang='lat' dir='ltr'><em>reliquos</em></span> <span class='ocrx_word' id='word_1_1113' title='bbox 1892 4493 2101 4548; x_wconf 85' lang='lat' dir='ltr'><em>clericos,</em></span> <span class='ocrx_word' id='word_1_1114' title='bbox 2149 4494 2450 4539; x_wconf 84' lang='lat' dir='ltr'><em>subdiaconos</em></span> <span class='ocrx_word' id='word_1_1115' title='bbox 2491 4493 2664 4538; x_wconf 85' lang='lat' dir='ltr'><em>scilicet</em></span> <span class='ocrx_word' id='word_1_1116' title='bbox 2702 4496 2750 4538; x_wconf 87' lang='lat' dir='ltr'><strong><em>et</em></strong></span> <span class='ocrx_word' id='word_1_1117' title='bbox 2787 4491 2992 4546; x_wconf 80' lang='lat' dir='ltr'><em>lectores,</em></span> 
     </span>
     <span class='ocr_line' id='line_1_153' title="bbox 1652 4548 3009 4608; baseline 0.001 -15"><span class='ocrx_word' id='word_1_1118' title='bbox 1652 4549 1730 4607; x_wconf 85' lang='lat' dir='ltr'><strong><em>qui</em></strong></span> <span class='ocrx_word' id='word_1_1119' title='bbox 1772 4554 1817 4593; x_wconf 88' lang='lat' dir='ltr'><strong><em>et</em></strong></span> <span class='ocrx_word' id='word_1_1120' title='bbox 1857 4549 1947 4608; x_wconf 87' lang='lat' dir='ltr'><em>ipsi</em></span> <span class='ocrx_word' id='word_1_1121' title='bbox 1988 4564 2147 4595; x_wconf 89' lang='lat' dir='ltr'><em>sacrae</em></span> <span class='ocrx_word' id='word_1_1122' title='bbox 2189 4562 2367 4595; x_wconf 87' lang='lat' dir='ltr'><em>mensae</em></span> <span class='ocrx_word' id='word_1_1123' title='bbox 2409 4554 2455 4593; x_wconf 90' lang='lat' dir='ltr'><strong><em>et</em></strong></span> <span class='ocrx_word' id='word_1_1124' title='bbox 2497 4548 2643 4594; x_wconf 84' lang='lat' dir='ltr'><em>omnis</em></span> <span class='ocrx_word' id='word_1_1125' title='bbox 2675 4549 2799 4594; x_wconf 89' lang='lat' dir='ltr'><em>circa</em></span> <span class='ocrx_word' id='word_1_1126' title='bbox 2835 4559 3009 4594; x_wconf 60' lang='lat' dir='ltr'><em>sacrm·</em></span> 
     </span>
     <span class='ocr_line' id='line_1_154' title="bbox 1650 4603 2993 4664; baseline -0.001 -15"><span class='ocrx_word' id='word_1_1127' title='bbox 1650 4610 1835 4650; x_wconf 91' lang='lat' dir='ltr'><em>sanctas</em></span> <span class='ocrx_word' id='word_1_1128' title='bbox 1871 4605 2083 4651; x_wconf 89' lang='lat' dir='ltr'><em>ecclesias</em></span> <span class='ocrx_word' id='word_1_1129' title='bbox 2119 4611 2308 4651; x_wconf 88' lang='lat' dir='ltr'><em>ornatus</em></span> <span class='ocrx_word' id='word_1_1130' title='bbox 2341 4604 2536 4650; x_wconf 81' lang='lat' dir='ltr'><em>ministri</em></span> <span class='ocrx_word' id='word_1_1131' title='bbox 2571 4609 2618 4650; x_wconf 88' lang='lat' dir='ltr'><strong><em>et</em></strong></span> <span class='ocrx_word' id='word_1_1132' title='bbox 2654 4603 2857 4664; x_wconf 84' lang='lat' dir='ltr'><em>operarii</em></span> <span class='ocrx_word' id='word_1_1133' title='bbox 2885 4607 2993 4649; x_wconf 84' lang='lat' dir='ltr'><em>sunt</em></span> 
     </span>
     <span class='ocr_line' id='line_1_155' title="bbox 1651 4657 2991 4722; baseline -0.001 -15"><span class='ocrx_word' id='word_1_1134' title='bbox 1651 4666 1695 4707; x_wconf 87' lang='lat' dir='ltr'><strong><em>et</em></strong></span> <span class='ocrx_word' id='word_1_1135' title='bbox 1723 4661 1875 4708; x_wconf 81' lang='lat' dir='ltr'><em>divina</em></span> <span class='ocrx_word' id='word_1_1136' title='bbox 1905 4662 2092 4708; x_wconf 83' lang='lat' dir='ltr'><em>oracula</em></span> <span class='ocrx_word' id='word_1_1137' title='bbox 2120 4666 2449 4708; x_wconf 82' lang='lat' dir='ltr'><em>contrectantes</em></span> <span class='ocrx_word' id='word_1_1138' title='bbox 2475 4659 2650 4722; x_wconf 84' lang='lat' dir='ltr'><em>partim</em></span> <span class='ocrx_word' id='word_1_1139' title='bbox 2677 4673 2835 4706; x_wconf 83' lang='lat' dir='ltr'><em>sacras</em></span> <span class='ocrx_word' id='word_1_1140' title='bbox 2861 4657 2991 4706; x_wconf 76' lang='lat' dir='ltr'><em>nobis</em></span> 
     </span>
    </p>
   </div>
   <div class='ocr_carea' id='block_1_14' title="bbox 3038 0 3138 4776">
    <p class='ocr_par' dir='ltr' id='par_1_15' title="bbox 3038 0 3138 4776">
     <span class='ocr_line' id='line_1_156' title="bbox 3038 0 3138 4776; baseline 0 0"><span class='ocrx_word' id='word_1_1141' title='bbox 3038 0 3138 4776; x_wconf 95' lang='lat' dir='ltr'><strong><em> </em></strong></span> 
     </span>
    </p>
   </div>
  </div>
 </body>
</html>
