<?xml version="1.0" encoding="UTF-8"?>
<!DOCTYPE html PUBLIC "-//W3C//DTD XHTML 1.0 Transitional//EN"
    "http://www.w3.org/TR/xhtml1/DTD/xhtml1-transitional.dtd">
<html xmlns="http://www.w3.org/1999/xhtml" xml:lang="en" lang="en">
 <head>
  <title>
</title>
<meta http-equiv="Content-Type" content="text/html;charset=utf-8" />
  <meta name='ocr-system' content='tesseract 3.04.00' />
  <meta name='ocr-capabilities' content='ocr_page ocr_carea ocr_par ocr_line ocrx_word'/>
</head>
<body>
  <div class='ocr_page' id='page_1' title='image "./corpusiuriscivil02krueuoft_0044.png"; bbox 0 0 3138 4732; ppageno 0'>
   <div class='ocr_carea' id='block_1_1' title="bbox 216 117 1591 182">
    <p class='ocr_par' dir='ltr' id='par_1_1' title="bbox 216 117 1591 182">
     <span class='ocr_line' id='line_1_1' title="bbox 216 117 1591 182; baseline -0.006 0"><span class='ocrx_word' id='word_1_1' title='bbox 216 133 303 182; x_wconf 90' lang='lat'><strong><em>11</em></strong></span> <span class='ocrx_word' id='word_1_2' title='bbox 1558 117 1591 174; x_wconf 83' lang='lat'>8</span> 
     </span>
    </p>
   </div>
   <div class='ocr_carea' id='block_1_2' title="bbox 208 271 1557 2386">
    <p class='ocr_par' dir='ltr' id='par_1_2' title="bbox 208 271 1557 2066">
     <span class='ocr_line' id='line_1_2' title="bbox 212 271 1548 340; baseline -0.008 -19"><span class='ocrx_word' id='word_1_3' title='bbox 212 275 351 321; x_wconf 71' lang='grc' dir='ltr'><strong><em>οὕτως</em></strong></span> <span class='ocrx_word' id='word_1_4' title='bbox 379 275 575 330; x_wconf 77' lang='grc' dir='ltr'><strong><em>ἐχόντων</em></strong></span> <span class='ocrx_word' id='word_1_5' title='bbox 611 272 1004 340; x_wconf 77' lang='grc' dir='ltr'><strong><em>ἀναθεματίζοιιεν</em></strong></span> <span class='ocrx_word' id='word_1_6' title='bbox 1030 273 1183 316; x_wconf 74' lang='grc' dir='ltr'><strong><em>πᾶσαν</em></strong></span> <span class='ocrx_word' id='word_1_7' title='bbox 1213 275 1395 329; x_wconf 82' lang='grc' dir='ltr'><strong><em>αἵρεσιν,</em></strong></span> <span class='ocrx_word' id='word_1_8' title='bbox 1436 271 1548 320; x_wconf 60' lang='lat' dir='ltr'><em>&amp;fai-</em></span> 
     </span>
     <span class='ocr_line' id='line_1_3' title="bbox 213 312 1551 394; baseline -0.007 -19"><span class='ocrx_word' id='word_1_9' title='bbox 213 336 348 391; x_wconf 69' lang='grc' dir='ltr'><strong><em>ρέτως</em></strong></span> <span class='ocrx_word' id='word_1_10' title='bbox 376 331 425 375; x_wconf 75' lang='grc' dir='ltr'><strong><em>δὲ</em></strong></span> <span class='ocrx_word' id='word_1_11' title='bbox 452 330 700 389; x_wconf 82' lang='grc' dir='ltr'><strong><em>Νεστὸριον</em></strong></span> <span class='ocrx_word' id='word_1_12' title='bbox 725 343 808 371; x_wconf 91' lang='grc' dir='ltr'><strong><em>τον</em></strong></span> <span class='ocrx_word' id='word_1_13' title='bbox 835 312 1229 394; x_wconf 80' lang='grc' dir='ltr'><strong><em>ἀνθρωπολάτρην</em></strong></span> <span class='ocrx_word' id='word_1_14' title='bbox 1264 331 1338 370; x_wconf 85' lang='grc' dir='ltr'><strong><em>καὶ</em></strong></span> <span class='ocrx_word' id='word_1_15' title='bbox 1368 323 1466 368; x_wconf 80' lang='grc' dir='ltr'><strong><em>τοὺς</em></strong></span> <span class='ocrx_word' id='word_1_16' title='bbox 1493 323 1551 367; x_wconf 81' lang='grc' dir='ltr'><strong><em>τὰ</em></strong></span> 
     </span>
     <span class='ocr_line' id='line_1_4' title="bbox 214 379 1552 451; baseline -0.006 -21"><span class='ocrx_word' id='word_1_17' title='bbox 214 386 349 430; x_wconf 76' lang='grc' dir='ltr'><strong><em>αὐτοῦ</em></strong></span> <span class='ocrx_word' id='word_1_18' title='bbox 387 385 693 447; x_wconf 74' lang='grc' dir='ltr'><strong><em>φρονήσαντας</em></strong></span> <span class='ocrx_word' id='word_1_19' title='bbox 727 379 755 436; x_wconf 81' lang='grc' dir='ltr'>ἢ</span> <span class='ocrx_word' id='word_1_20' title='bbox 789 397 1090 451; x_wconf 71' lang='grc' dir='ltr'><strong><em>φρονουντας,</em></strong></span> <span class='ocrx_word' id='word_1_21' title='bbox 1137 383 1238 427; x_wconf 82' lang='grc' dir='ltr'><strong><em>τοὺς</em></strong></span> <span class='ocrx_word' id='word_1_22' title='bbox 1273 381 1552 437; x_wconf 65' lang='grc' dir='ltr'><em>διαιροῦντας</em></span> 
     </span>
     <span class='ocr_line' id='line_1_5' title="bbox 213 435 1551 500; baseline -0.006 -15"><span class='ocrx_word' id='word_1_23' title='bbox 213 442 293 485; x_wconf 85' lang='grc' dir='ltr'><strong><em>τὸν</em></strong></span> <span class='ocrx_word' id='word_1_24' title='bbox 329 445 408 486; x_wconf 76' lang='grc' dir='ltr'><strong><em>ἕνα</em></strong></span> <span class='ocrx_word' id='word_1_25' title='bbox 448 441 600 500; x_wconf 87' lang='grc' dir='ltr'><strong><em>κύριον</em></strong></span> <span class='ocrx_word' id='word_1_26' title='bbox 637 435 763 494; x_wconf 80' lang='grc' dir='ltr'><strong><em>ἡμῶν</em></strong></span> <span class='ocrx_word' id='word_1_27' title='bbox 803 437 959 490; x_wconf 81' lang='grc' dir='ltr'><strong><em>Ιησοῦν</em></strong></span> <span class='ocrx_word' id='word_1_28' title='bbox 986 437 1189 497; x_wconf 85' lang='grc' dir='ltr'><strong><em>Χριστὸν</em></strong></span> <span class='ocrx_word' id='word_1_29' title='bbox 1229 437 1310 482; x_wconf 86' lang='grc' dir='ltr'><strong><em>τὸν</em></strong></span> <span class='ocrx_word' id='word_1_30' title='bbox 1345 435 1444 479; x_wconf 82' lang='grc' dir='ltr'><strong><em>υἱὸν</em></strong></span> <span class='ocrx_word' id='word_1_31' title='bbox 1469 435 1551 478; x_wconf 89' lang='grc' dir='ltr'><strong><em>τοῦ</em></strong></span> 
     </span>
     <span class='ocr_line' id='line_1_6' title="bbox 214 488 1551 559; baseline -0.007 -19"><span class='ocrx_word' id='word_1_32' title='bbox 214 498 323 541; x_wconf 86' lang='grc' dir='ltr'><strong><em>θεοῦ</em></strong></span> <span class='ocrx_word' id='word_1_33' title='bbox 352 502 426 540; x_wconf 82' lang='grc' dir='ltr'><strong><em>καὶ</em></strong></span> <span class='ocrx_word' id='word_1_34' title='bbox 455 495 568 539; x_wconf 86' lang='grc' dir='ltr'><strong><em>θεὸν</em></strong></span> <span class='ocrx_word' id='word_1_35' title='bbox 597 490 721 559; x_wconf 79' lang='grc' dir='ltr'><strong><em>ἡμῶν</em></strong></span> <span class='ocrx_word' id='word_1_36' title='bbox 750 492 824 534; x_wconf 76' lang='grc' dir='ltr'><strong><em>καὶ</em></strong></span> <span class='ocrx_word' id='word_1_37' title='bbox 850 491 903 548; x_wconf 64' lang='grc' dir='ltr'><strong><em>μ’</em></strong></span> <span class='ocrx_word' id='word_1_38' title='bbox 939 488 1261 552; x_wconf 83' lang='grc' dir='ltr'><strong><em>ὁμολογοῦντας</em></strong></span> <span class='ocrx_word' id='word_1_39' title='bbox 1292 496 1449 549; x_wconf 89' lang='grc' dir='ltr'><strong><em>κυρίως</em></strong></span> <span class='ocrx_word' id='word_1_40' title='bbox 1477 493 1551 532; x_wconf 82' lang='grc' dir='ltr'><strong><em>καὶ</em></strong></span> 
     </span>
     <span class='ocr_line' id='line_1_7' title="bbox 212 544 1553 607; baseline -0.007 -12"><span class='ocrx_word' id='word_1_41' title='bbox 212 552 323 596; x_wconf 84' lang='grc' dir='ltr'><strong><em>κατὰ</em></strong></span> <span class='ocrx_word' id='word_1_42' title='bbox 351 550 570 607; x_wconf 81' lang='grc' dir='ltr'><strong><em>ἀλήθειαν</em></strong></span> <span class='ocrx_word' id='word_1_43' title='bbox 584 566 666 602; x_wconf 92' lang='grc' dir='ltr'><strong><em>την</em></strong></span> <span class='ocrx_word' id='word_1_44' title='bbox 689 544 823 606; x_wconf 89' lang='grc' dir='ltr'><strong><em>ἁγίαν</em></strong></span> <span class='ocrx_word' id='word_1_45' title='bbox 841 549 892 590; x_wconf 78' lang='grc' dir='ltr'><strong><em>ἔν</em></strong></span> <span class='ocrx_word' id='word_1_46' title='bbox 920 549 1025 599; x_wconf 79' lang='grc' dir='ltr'><strong><em>οξον</em></strong></span> <span class='ocrx_word' id='word_1_47' title='bbox 1046 547 1350 606; x_wconf 86' lang='grc' dir='ltr'><strong><em>ἀειπάρθενον</em></strong></span> <span class='ocrx_word' id='word_1_48' title='bbox 1368 550 1553 605; x_wconf 80' lang='grc' dir='ltr'><strong><em>Μαρίαν</em></strong></span> 
     </span>
     <span class='ocr_line' id='line_1_8' title="bbox 214 599 1551 662; baseline -0.006 -12"><span class='ocrx_word' id='word_1_49' title='bbox 214 606 441 659; x_wconf 84' lang='grc' dir='ltr'><strong><em>θεοτόκον,</em></strong></span> <span class='ocrx_word' id='word_1_50' title='bbox 480 608 681 649; x_wconf 81' lang='grc' dir='ltr'><strong><em>τουτέστι</em></strong></span> <span class='ocrx_word' id='word_1_51' title='bbox 718 606 890 662; x_wconf 69' lang='grc' dir='ltr'><strong><em>’μητέρα</em></strong></span> <span class='ocrx_word' id='word_1_52' title='bbox 918 605 1046 658; x_wconf 90' lang='grc' dir='ltr'><strong><em>θεοῦ,</em></strong></span> <span class='ocrx_word' id='word_1_53' title='bbox 1084 601 1196 647; x_wconf 81' lang='grc' dir='ltr'><strong><em>ἀλλὰ</em></strong></span> <span class='ocrx_word' id='word_1_54' title='bbox 1226 602 1304 646; x_wconf 88' lang='grc' dir='ltr'><strong><em>δύο</em></strong></span> <span class='ocrx_word' id='word_1_55' title='bbox 1332 600 1448 644; x_wconf 78' lang='grc' dir='ltr'><strong><em>υἱοὺς</em></strong></span> <span class='ocrx_word' id='word_1_56' title='bbox 1487 599 1551 643; x_wconf 80' lang='grc' dir='ltr'><strong><em>λε’-</em></strong></span> 
     </span>
     <span class='ocr_line' id='line_1_9' title="bbox 211 653 1553 721; baseline -0.005 -16"><span class='ocrx_word' id='word_1_57' title='bbox 211 676 390 721; x_wconf 84' lang='grc' dir='ltr'><strong><em>γοντας,</em></strong></span> <span class='ocrx_word' id='word_1_58' title='bbox 435 659 568 704; x_wconf 82' lang='grc' dir='ltr'><strong><em>ἄλλον</em></strong></span> <span class='ocrx_word' id='word_1_59' title='bbox 603 659 688 714; x_wconf 77' lang='grc' dir='ltr'><strong><em>μὲν</em></strong></span> <span class='ocrx_word' id='word_1_60' title='bbox 724 657 808 701; x_wconf 87' lang='grc' dir='ltr'><strong><em>τὸν</em></strong></span> <span class='ocrx_word' id='word_1_61' title='bbox 845 661 894 702; x_wconf 82' lang='grc' dir='ltr'><strong><em>ἐκ</em></strong></span> <span class='ocrx_word' id='word_1_62' title='bbox 931 662 1010 702; x_wconf 87' lang='grc' dir='ltr'><strong><em>τοῦ</em></strong></span> <span class='ocrx_word' id='word_1_63' title='bbox 1047 659 1215 718; x_wconf 87' lang='grc' dir='ltr'><strong><em>πατρὸς</em></strong></span> <span class='ocrx_word' id='word_1_64' title='bbox 1253 657 1368 701; x_wconf 82' lang='grc' dir='ltr'><strong><em>θεὸν</em></strong></span> <span class='ocrx_word' id='word_1_65' title='bbox 1406 653 1553 715; x_wconf 83' lang='grc' dir='ltr'><strong><em>λόγον,</em></strong></span> 
     </span>
     <span class='ocr_line' id='line_1_10' title="bbox 210 709 1552 774; baseline -0.004 -14"><span class='ocrx_word' id='word_1_66' title='bbox 210 716 346 760; x_wconf 77' lang='grc' dir='ltr'><strong><em>ἄλλον</em></strong></span> <span class='ocrx_word' id='word_1_67' title='bbox 376 715 424 759; x_wconf 76' lang='grc' dir='ltr'><strong><em>δὲ</em></strong></span> <span class='ocrx_word' id='word_1_68' title='bbox 453 714 531 759; x_wconf 85' lang='grc' dir='ltr'><strong><em>τὸν</em></strong></span> <span class='ocrx_word' id='word_1_69' title='bbox 559 716 607 756; x_wconf 79' lang='grc' dir='ltr'><strong><em>ἐκ</em></strong></span> <span class='ocrx_word' id='word_1_70' title='bbox 635 714 710 768; x_wconf 83' lang='grc' dir='ltr'><strong><em>τῆς</em></strong></span> <span class='ocrx_word' id='word_1_71' title='bbox 737 709 863 773; x_wconf 85' lang='grc' dir='ltr'><strong><em>ἁγίας</em></strong></span> <span class='ocrx_word' id='word_1_72' title='bbox 891 711 1196 774; x_wconf 87' lang='grc' dir='ltr'><strong><em>ἀειπαρθένου</em></strong></span> <span class='ocrx_word' id='word_1_73' title='bbox 1231 718 1305 757; x_wconf 83' lang='grc' dir='ltr'><strong><em>καὶ</em></strong></span> <span class='ocrx_word' id='word_1_74' title='bbox 1334 713 1552 755; x_wconf 88' lang='grc' dir='ltr'><strong><em>θεοτόκου</em></strong></span> 
     </span>
     <span class='ocr_line' id='line_1_11' title="bbox 212 766 1554 839; baseline -0.004 -24"><span class='ocrx_word' id='word_1_75' title='bbox 212 778 409 831; x_wconf 91' lang='grc' dir='ltr'><strong><em>Μαρίας,</em></strong></span> <span class='ocrx_word' id='word_1_76' title='bbox 447 770 594 839; x_wconf 81' lang='grc' dir='ltr'><strong><em>χάριτι</em></strong></span> <span class='ocrx_word' id='word_1_77' title='bbox 631 766 680 811; x_wconf 78' lang='grc' dir='ltr'><strong><em>δὲ</em></strong></span> <span class='ocrx_word' id='word_1_78' title='bbox 716 774 791 812; x_wconf 83' lang='grc' dir='ltr'><strong><em>καὶ</em></strong></span> <span class='ocrx_word' id='word_1_79' title='bbox 828 774 970 823; x_wconf 79' lang='grc' dir='ltr'><strong><em>σχέσει</em></strong></span> <span class='ocrx_word' id='word_1_80' title='bbox 999 775 1073 813; x_wconf 82' lang='grc' dir='ltr'><strong><em>καὶ</em></strong></span> <span class='ocrx_word' id='word_1_81' title='bbox 1102 768 1321 814; x_wconf 77' lang='grc' dir='ltr'><strong><em>οἰκειώσει</em></strong></span> <span class='ocrx_word' id='word_1_82' title='bbox 1348 770 1406 828; x_wconf 79' lang='grc' dir='ltr'><strong><em>τῇ</em></strong></span> <span class='ocrx_word' id='word_1_83' title='bbox 1444 766 1554 827; x_wconf 82' lang='grc' dir='ltr'><strong><em>πρὸς</em></strong></span> 
     </span>
     <span class='ocr_line' id='line_1_12' title="bbox 210 819 1550 885; baseline -0.004 -15"><span class='ocrx_word' id='word_1_84' title='bbox 210 827 290 870; x_wconf 86' lang='grc' dir='ltr'><strong><em>τὸν</em></strong></span> <span class='ocrx_word' id='word_1_85' title='bbox 327 827 441 870; x_wconf 83' lang='grc' dir='ltr'><strong><em>θεὸν</em></strong></span> <span class='ocrx_word' id='word_1_86' title='bbox 476 824 608 883; x_wconf 85' lang='grc' dir='ltr'><strong><em>λογον</em></strong></span> <span class='ocrx_word' id='word_1_87' title='bbox 643 822 758 867; x_wconf 85' lang='grc' dir='ltr'><strong><em>θεὸν</em></strong></span> <span class='ocrx_word' id='word_1_88' title='bbox 797 822 934 869; x_wconf 81' lang='grc' dir='ltr'><strong><em>αὐτὸν</em></strong></span> <span class='ocrx_word' id='word_1_89' title='bbox 960 843 1010 885; x_wconf 85' lang='grc' dir='ltr'><strong><em>γε</em></strong></span> <span class='ocrx_word' id='word_1_90' title='bbox 1039 826 1245 880; x_wconf 82' lang='grc' dir='ltr'><strong><em>ενῆσθαι,</em></strong></span> <span class='ocrx_word' id='word_1_91' title='bbox 1285 827 1361 866; x_wconf 81' lang='grc' dir='ltr'><strong><em>καὶ</em></strong></span> <span class='ocrx_word' id='word_1_92' title='bbox 1400 819 1550 882; x_wconf 83' lang='grc' dir='ltr'><strong><em>ἀρνου-</em></strong></span> 
     </span>
     <span class='ocr_line' id='line_1_13' title="bbox 209 842 1555 949; baseline -0.001 -25"><span class='ocrx_word' id='word_1_93' title='bbox 209 886 362 937; x_wconf 90' lang='grc' dir='ltr'><strong><em>μένους</em></strong></span> <span class='ocrx_word' id='word_1_94' title='bbox 385 879 535 948; x_wconf 81' lang='grc' dir='ltr'><strong><em>καὶμὴ</em></strong></span> <span class='ocrx_word' id='word_1_95' title='bbox 559 875 884 949; x_wconf 74' lang='grc' dir='ltr'><strong><em>ὁμολογοῦντας</em></strong></span> <span class='ocrx_word' id='word_1_96' title='bbox 906 880 989 925; x_wconf 83' lang='grc' dir='ltr'><strong><em>τὸν</em></strong></span> <span class='ocrx_word' id='word_1_97' title='bbox 1004 842 1229 948; x_wconf 67' lang='grc' dir='ltr'><strong><em>δεσπότην</em></strong></span> <span class='ocrx_word' id='word_1_98' title='bbox 1245 876 1372 935; x_wconf 81' lang='grc' dir='ltr'><strong><em>ἡμῶν</em></strong></span> <span class='ocrx_word' id='word_1_99' title='bbox 1384 876 1555 933; x_wconf 83' lang='grc' dir='ltr'><strong><em>Ἰησοῦν</em></strong></span> 
     </span>
     <span class='ocr_line' id='line_1_14' title="bbox 217 934 1553 995; baseline -0.001 -16"><span class='ocrx_word' id='word_1_100' title='bbox 217 936 409 995; x_wconf 81' lang='grc' dir='ltr'><strong><em>Χριστὸν</em></strong></span> <span class='ocrx_word' id='word_1_101' title='bbox 437 953 519 979; x_wconf 89' lang='grc' dir='ltr'><strong><em>τον</em></strong></span> <span class='ocrx_word' id='word_1_102' title='bbox 546 934 646 978; x_wconf 84' lang='grc' dir='ltr'><strong><em>υιὸν</em></strong></span> <span class='ocrx_word' id='word_1_103' title='bbox 672 937 753 978; x_wconf 90' lang='grc' dir='ltr'><strong><em>τοῦ</em></strong></span> <span class='ocrx_word' id='word_1_104' title='bbox 782 936 895 979; x_wconf 89' lang='grc' dir='ltr'><strong><em>θεοῦ</em></strong></span> <span class='ocrx_word' id='word_1_105' title='bbox 923 941 998 980; x_wconf 83' lang='grc' dir='ltr'><strong><em>καὶ</em></strong></span> <span class='ocrx_word' id='word_1_106' title='bbox 1025 937 1142 980; x_wconf 86' lang='grc' dir='ltr'><strong><em>θεὸν</em></strong></span> <span class='ocrx_word' id='word_1_107' title='bbox 1170 938 1310 992; x_wconf 89' lang='grc' dir='ltr'><strong><em>ημῶν,</em></strong></span> <span class='ocrx_word' id='word_1_108' title='bbox 1338 934 1422 978; x_wconf 86' lang='grc' dir='ltr'><strong><em>τὸν</em></strong></span> <span class='ocrx_word' id='word_1_109' title='bbox 1450 948 1553 994; x_wconf 86' lang='grc' dir='ltr'><strong><em>σαρ·</em></strong></span> 
     </span>
     <span class='ocr_line' id='line_1_15' title="bbox 211 991 1556 1051; baseline -0.002 -16"><span class='ocrx_word' id='word_1_110' title='bbox 211 993 422 1036; x_wconf 81' lang='grc' dir='ltr'><strong><em>κωθέντα</em></strong></span> <span class='ocrx_word' id='word_1_111' title='bbox 450 994 525 1034; x_wconf 81' lang='grc' dir='ltr'><strong><em>καὶ</em></strong></span> <span class='ocrx_word' id='word_1_112' title='bbox 554 991 980 1048; x_wconf 74' lang='grc' dir='ltr'><strong><em>ένανθρωπὴσαντα</em></strong></span> <span class='ocrx_word' id='word_1_113' title='bbox 1013 997 1087 1036; x_wconf 85' lang='grc' dir='ltr'><strong><em>καὶ</em></strong></span> <span class='ocrx_word' id='word_1_114' title='bbox 1116 991 1445 1051; x_wconf 63' lang='grc' dir='ltr'><strong><em>σταυρωθέντα</em></strong></span> <span class='ocrx_word' id='word_1_115' title='bbox 1474 993 1556 1032; x_wconf 79' lang='grc' dir='ltr'><strong><em>ἕνα</em></strong></span> 
     </span>
     <span class='ocr_line' id='line_1_16' title="bbox 211 1042 1553 1107; baseline -0.001 -17"><span class='ocrx_word' id='word_1_116' title='bbox 211 1049 324 1091; x_wconf 85' lang='grc' dir='ltr'><strong><em>εἶναι</em></strong></span> <span class='ocrx_word' id='word_1_117' title='bbox 365 1049 443 1101; x_wconf 77' lang='grc' dir='ltr'><strong><em>τῆς</em></strong></span> <span class='ocrx_word' id='word_1_118' title='bbox 485 1042 612 1105; x_wconf 89' lang='grc' dir='ltr'><strong><em>ἁγίας</em></strong></span> <span class='ocrx_word' id='word_1_119' title='bbox 654 1050 728 1089; x_wconf 82' lang='grc' dir='ltr'><strong><em>καὶ</em></strong></span> <span class='ocrx_word' id='word_1_120' title='bbox 772 1044 1003 1104; x_wconf 84' lang='grc' dir='ltr'><strong><em>όμοουσίου</em></strong></span> <span class='ocrx_word' id='word_1_121' title='bbox 1045 1045 1234 1107; x_wconf 79' lang='grc' dir='ltr'><strong><em>τριάδος.</em></strong></span> <span class='ocrx_word' id='word_1_122' title='bbox 1301 1045 1428 1089; x_wconf 81' lang='grc' dir='ltr'><strong><em>οὗτος</em></strong></span> <span class='ocrx_word' id='word_1_123' title='bbox 1468 1044 1553 1105; x_wconf 84' lang='grc' dir='ltr'><strong><em>γὰρ</em></strong></span> 
     </span>
     <span class='ocr_line' id='line_1_17' title="bbox 211 1098 1556 1159; baseline 0 -15"><span class='ocrx_word' id='word_1_124' title='bbox 211 1102 343 1159; x_wconf 89' lang='grc' dir='ltr'><strong><em>μόνος</em></strong></span> <span class='ocrx_word' id='word_1_125' title='bbox 371 1105 494 1144; x_wconf 77' lang='grc' dir='ltr'><strong><em>ἐστὶν</em></strong></span> <span class='ocrx_word' id='word_1_126' title='bbox 524 1098 548 1144; x_wconf 82' lang='grc' dir='ltr'>ὁ</span> <span class='ocrx_word' id='word_1_127' title='bbox 578 1102 1046 1159; x_wconf 87' lang='grc' dir='ltr'><strong><em>συμπροσκυνούμενος</em></strong></span> <span class='ocrx_word' id='word_1_128' title='bbox 1078 1107 1153 1146; x_wconf 83' lang='grc' dir='ltr'><strong><em>καὶ</em></strong></span> <span class='ocrx_word' id='word_1_129' title='bbox 1183 1100 1556 1157; x_wconf 78' lang='grc' dir='ltr'><strong><em>συνδοξαζόμενος</em></strong></span> 
     </span>
     <span class='ocr_line' id='line_1_18' title="bbox 212 1155 1556 1218; baseline -0.003 -16"><span class='ocrx_word' id='word_1_130' title='bbox 212 1165 234 1201; x_wconf 81' lang='grc'>8</span> <span class='ocrx_word' id='word_1_131' title='bbox 291 1161 359 1213; x_wconf 78' lang='grc' dir='ltr'><strong><em>τῷ</em></strong></span> <span class='ocrx_word' id='word_1_132' title='bbox 374 1161 512 1217; x_wconf 83' lang='grc' dir='ltr'><strong><em>πατρὶ</em></strong></span> <span class='ocrx_word' id='word_1_133' title='bbox 529 1162 603 1200; x_wconf 82' lang='grc' dir='ltr'><strong><em>καὶ</em></strong></span> <span class='ocrx_word' id='word_1_134' title='bbox 632 1161 698 1212; x_wconf 77' lang='grc' dir='ltr'><strong><em>τῷ</em></strong></span> <span class='ocrx_word' id='word_1_135' title='bbox 729 1155 842 1218; x_wconf 75' lang='grc' dir='ltr'><strong><em>ἁγίῳ</em></strong></span> <span class='ocrx_word' id='word_1_136' title='bbox 864 1159 1100 1215; x_wconf 89' lang='grc' dir='ltr'><strong><em>πνεύματι.</em></strong></span> <span class='ocrx_word' id='word_1_137' title='bbox 1141 1156 1556 1214; x_wconf 76' lang='grc' dir='ltr'><strong><em>Ἀναθεματίζομεν</em></strong></span> 
     </span>
     <span class='ocr_line' id='line_1_19' title="bbox 212 1211 1556 1280; baseline -0.001 -23"><span class='ocrx_word' id='word_1_138' title='bbox 212 1213 260 1257; x_wconf 80' lang='grc' dir='ltr'><strong><em>δὲ</em></strong></span> <span class='ocrx_word' id='word_1_139' title='bbox 301 1218 374 1256; x_wconf 83' lang='grc' dir='ltr'><strong><em>καὶ</em></strong></span> <span class='ocrx_word' id='word_1_140' title='bbox 403 1211 603 1267; x_wconf 79' lang='grc' dir='ltr'><strong><em>Εὗτυχέα</em></strong></span> <span class='ocrx_word' id='word_1_141' title='bbox 643 1214 727 1257; x_wconf 82' lang='grc' dir='ltr'><strong><em>τὸν</em></strong></span> <span class='ocrx_word' id='word_1_142' title='bbox 756 1214 1042 1280; x_wconf 79' lang='grc' dir='ltr'><strong><em>φρενοβλαβῆ</em></strong></span> <span class='ocrx_word' id='word_1_143' title='bbox 1084 1218 1158 1257; x_wconf 85' lang='grc' dir='ltr'><strong><em>καὶ</em></strong></span> <span class='ocrx_word' id='word_1_144' title='bbox 1198 1213 1299 1257; x_wconf 60' lang='grc' dir='ltr'><strong><em>τοὺς</em></strong></span> <span class='ocrx_word' id='word_1_145' title='bbox 1333 1212 1390 1256; x_wconf 86' lang='grc' dir='ltr'><strong><em>τὰ</em></strong></span> <span class='ocrx_word' id='word_1_146' title='bbox 1419 1211 1556 1255; x_wconf 82' lang='grc' dir='ltr'><strong><em>αὐτοῦ</em></strong></span> 
     </span>
     <span class='ocr_line' id='line_1_20' title="bbox 212 1266 1554 1338; baseline -0.001 -26"><span class='ocrx_word' id='word_1_147' title='bbox 212 1268 519 1338; x_wconf 61' lang='grc' dir='ltr'><strong><em>φρονήσαντας</em></strong></span> <span class='ocrx_word' id='word_1_148' title='bbox 557 1266 584 1324; x_wconf 83' lang='grc' dir='ltr'><em>ἢ</em></span> <span class='ocrx_word' id='word_1_149' title='bbox 612 1285 901 1327; x_wconf 89' lang='grc' dir='ltr'><strong><em>φρονουντας,</em></strong></span> <span class='ocrx_word' id='word_1_150' title='bbox 943 1270 1044 1314; x_wconf 82' lang='grc' dir='ltr'><strong><em>τούς</em></strong></span> <span class='ocrx_word' id='word_1_151' title='bbox 1073 1275 1330 1338; x_wconf 82' lang='grc' dir='ltr'><strong><em>φαντασίαν</em></strong></span> <span class='ocrx_word' id='word_1_152' title='bbox 1359 1267 1554 1328; x_wconf 85' lang='grc' dir='ltr'><strong><em>εἰσάγον-</em></strong></span> 
     </span>
     <span class='ocr_line' id='line_1_21' title="bbox 210 1325 1555 1384; baseline -0.001 -16"><span class='ocrx_word' id='word_1_153' title='bbox 210 1340 287 1368; x_wconf 86' lang='grc' dir='ltr'><strong><em>τας</em></strong></span> <span class='ocrx_word' id='word_1_154' title='bbox 323 1328 615 1382; x_wconf 84' lang='grc' dir='ltr'><strong><em>αρνουμένους</em></strong></span> <span class='ocrx_word' id='word_1_155' title='bbox 652 1341 703 1368; x_wconf 88' lang='grc' dir='ltr'><strong><em>τε</em></strong></span> <span class='ocrx_word' id='word_1_156' title='bbox 739 1325 823 1380; x_wconf 84' lang='grc' dir='ltr'><strong><em>τὴν</em></strong></span> <span class='ocrx_word' id='word_1_157' title='bbox 848 1328 908 1368; x_wconf 81' lang='grc' dir='ltr'><strong><em>’ἐκ</em></strong></span> <span class='ocrx_word' id='word_1_158' title='bbox 944 1327 1023 1380; x_wconf 84' lang='grc' dir='ltr'><strong><em>τῆς</em></strong></span> <span class='ocrx_word' id='word_1_159' title='bbox 1059 1331 1185 1384; x_wconf 89' lang='grc' dir='ltr'><strong><em>αγίας</em></strong></span> <span class='ocrx_word' id='word_1_160' title='bbox 1216 1326 1452 1383; x_wconf 90' lang='grc' dir='ltr'><strong><em>παρθένου</em></strong></span> <span class='ocrx_word' id='word_1_161' title='bbox 1482 1327 1555 1366; x_wconf 86' lang='grc' dir='ltr'><strong><em>καὶ</em></strong></span> 
     </span>
     <span class='ocr_line' id='line_1_22' title="bbox 212 1378 1555 1440; baseline -0.001 -16"><span class='ocrx_word' id='word_1_162' title='bbox 212 1379 427 1424; x_wconf 87' lang='grc' dir='ltr'><strong><em>θεοτόκου</em></strong></span> <span class='ocrx_word' id='word_1_163' title='bbox 449 1385 626 1439; x_wconf 89' lang='grc' dir='ltr'><strong><em>Μαρίας</em></strong></span> <span class='ocrx_word' id='word_1_164' title='bbox 655 1378 880 1435; x_wconf 82' lang='grc' dir='ltr'><strong><em>ἀληθινὴν</em></strong></span> <span class='ocrx_word' id='word_1_165' title='bbox 909 1380 1138 1440; x_wconf 85' lang='grc' dir='ltr'><strong><em>σάρκωσιν</em></strong></span> <span class='ocrx_word' id='word_1_166' title='bbox 1165 1382 1244 1424; x_wconf 89' lang='grc' dir='ltr'><strong><em>τοῦ</em></strong></span> <span class='ocrx_word' id='word_1_167' title='bbox 1274 1386 1423 1440; x_wconf 81' lang='grc' dir='ltr'><strong><em>κυρίου</em></strong></span> <span class='ocrx_word' id='word_1_168' title='bbox 1452 1384 1525 1423; x_wconf 86' lang='grc' dir='ltr'><strong><em>καὶ</em></strong></span> <span class='ocrx_word' id='word_1_169' title='bbox 1542 1383 1555 1406; x_wconf 90' lang='lat'><strong>¹</strong></span> 
     </span>
     <span class='ocr_line' id='line_1_23' title="bbox 212 1432 1557 1496; baseline -0.001 -17"><span class='ocrx_word' id='word_1_170' title='bbox 212 1439 407 1495; x_wconf 84' lang='grc' dir='ltr'><strong><em>σωτῆρος</em></strong></span> <span class='ocrx_word' id='word_1_171' title='bbox 434 1432 563 1492; x_wconf 81' lang='grc' dir='ltr'><strong><em>ἡμῶν</em></strong></span> <span class='ocrx_word' id='word_1_172' title='bbox 587 1433 729 1489; x_wconf 83' lang='grc' dir='ltr'><strong><em>Ἰησοῦ</em></strong></span> <span class='ocrx_word' id='word_1_173' title='bbox 754 1438 966 1494; x_wconf 83' lang='grc' dir='ltr'><strong><em>Χριστοῦ,</em></strong></span> <span class='ocrx_word' id='word_1_174' title='bbox 994 1441 1197 1480; x_wconf 81' lang='grc' dir='ltr'><strong><em>τουτέστι</em></strong></span> <span class='ocrx_word' id='word_1_175' title='bbox 1225 1436 1309 1491; x_wconf 84' lang='grc' dir='ltr'><strong><em>τὴν</em></strong></span> <span class='ocrx_word' id='word_1_176' title='bbox 1338 1433 1557 1496; x_wconf 79' lang='grc' dir='ltr'><strong><em>ἡμετέραν</em></strong></span> 
     </span>
     <span class='ocr_line' id='line_1_24' title="bbox 213 1487 1556 1550; baseline -0.001 -15"><span class='ocrx_word' id='word_1_177' title='bbox 213 1497 462 1550; x_wconf 85' lang='grc' dir='ltr'><strong><em>σωτηρίαν,</em></strong></span> <span class='ocrx_word' id='word_1_178' title='bbox 501 1495 576 1534; x_wconf 85' lang='grc' dir='ltr'><strong><em>καὶ</em></strong></span> <span class='ocrx_word' id='word_1_179' title='bbox 609 1491 672 1547; x_wconf 84' lang='grc' dir='ltr'><strong><em>μὴ</em></strong></span> <span class='ocrx_word' id='word_1_180' title='bbox 699 1487 1022 1550; x_wconf 83' lang='grc' dir='ltr'><strong><em>ὁμολογοῦντας</em></strong></span> <span class='ocrx_word' id='word_1_181' title='bbox 1051 1488 1187 1535; x_wconf 75' lang='grc' dir='ltr'><strong><em>αὐτὸν</em></strong></span> <span class='ocrx_word' id='word_1_182' title='bbox 1216 1488 1454 1548; x_wconf 83' lang='grc' dir='ltr'><strong><em>ὁμοούσιον</em></strong></span> <span class='ocrx_word' id='word_1_183' title='bbox 1487 1493 1556 1546; x_wconf 75' lang='grc' dir='ltr'><strong><em>τῷ</em></strong></span> 
     </span>
     <span class='ocr_line' id='line_1_25' title="bbox 214 1544 1556 1607; baseline -0.001 -15"><span class='ocrx_word' id='word_1_184' title='bbox 214 1553 350 1607; x_wconf 82' lang='grc' dir='ltr'><strong><em>πατρὶ</em></strong></span> <span class='ocrx_word' id='word_1_185' title='bbox 392 1545 506 1590; x_wconf 79' lang='grc' dir='ltr'><strong><em>κατὰ</em></strong></span> <span class='ocrx_word' id='word_1_186' title='bbox 547 1545 630 1601; x_wconf 79' lang='grc' dir='ltr'><strong><em>τὴν</em></strong></span> <span class='ocrx_word' id='word_1_187' title='bbox 673 1545 874 1601; x_wconf 86' lang='grc' dir='ltr'><strong><em>θεότητα</em></strong></span> <span class='ocrx_word' id='word_1_188' title='bbox 910 1552 984 1590; x_wconf 83' lang='grc' dir='ltr'><strong><em>καὶ</em></strong></span> <span class='ocrx_word' id='word_1_189' title='bbox 1022 1544 1260 1604; x_wconf 87' lang='grc' dir='ltr'><strong><em>ὁμοούσιον</em></strong></span> <span class='ocrx_word' id='word_1_190' title='bbox 1297 1545 1401 1604; x_wconf 84' lang='grc' dir='ltr'><strong><em>ἡμῖν</em></strong></span> <span class='ocrx_word' id='word_1_191' title='bbox 1443 1547 1556 1590; x_wconf 86' lang='grc' dir='ltr'><strong><em>κατὰ</em></strong></span> 
     </span>
     <span class='ocr_line' id='line_1_26' title="bbox 213 1599 1555 1664; baseline -0.002 -17"><span class='ocrx_word' id='word_1_192' title='bbox 213 1609 237 1647; x_wconf 87' lang='grc'>9</span> <span class='ocrx_word' id='word_1_193' title='bbox 293 1602 378 1658; x_wconf 85' lang='grc' dir='ltr'><strong><em>τὴν</em></strong></span> <span class='ocrx_word' id='word_1_194' title='bbox 420 1599 773 1661; x_wconf 85' lang='grc' dir='ltr'><strong><em>ἀνθρωπότητα.</em></strong></span> <span class='ocrx_word' id='word_1_195' title='bbox 852 1602 937 1646; x_wconf 86' lang='grc' dir='ltr'><strong><em>Τὸν</em></strong></span> <span class='ocrx_word' id='word_1_196' title='bbox 991 1599 1129 1647; x_wconf 78' lang='grc' dir='ltr'><strong><em>αὐτὸν</em></strong></span> <span class='ocrx_word' id='word_1_197' title='bbox 1178 1602 1228 1646; x_wconf 83' lang='grc' dir='ltr'><strong><em>δὲ</em></strong></span> <span class='ocrx_word' id='word_1_198' title='bbox 1269 1603 1439 1664; x_wconf 88' lang='grc' dir='ltr'><strong><em>τρόπον</em></strong></span> <span class='ocrx_word' id='word_1_199' title='bbox 1482 1607 1555 1646; x_wconf 85' lang='grc' dir='ltr'><strong><em>καὶ</em></strong></span> 
     </span>
     <span class='ocr_line' id='line_1_27' title="bbox 208 1654 1556 1717; baseline -0.001 -14"><span class='ocrx_word' id='word_1_200' title='bbox 208 1656 541 1717; x_wconf 77' lang='grc' dir='ltr'><strong><em>Ἀπολλινάριον</em></strong></span> <span class='ocrx_word' id='word_1_201' title='bbox 583 1658 665 1702; x_wconf 86' lang='grc' dir='ltr'><strong><em>τὸν</em></strong></span> <span class='ocrx_word' id='word_1_202' title='bbox 709 1658 1007 1717; x_wconf 79' lang='grc' dir='ltr'><strong><em>ψυχοφθόρον</em></strong></span> <span class='ocrx_word' id='word_1_203' title='bbox 1060 1664 1134 1702; x_wconf 86' lang='grc' dir='ltr'><strong><em>καὶ</em></strong></span> <span class='ocrx_word' id='word_1_204' title='bbox 1180 1659 1280 1703; x_wconf 80' lang='grc' dir='ltr'><strong><em>τοὺς</em></strong></span> <span class='ocrx_word' id='word_1_205' title='bbox 1322 1659 1379 1703; x_wconf 83' lang='grc' dir='ltr'><strong><em>τὰ</em></strong></span> <span class='ocrx_word' id='word_1_206' title='bbox 1421 1654 1556 1702; x_wconf 74' lang='grc' dir='ltr'><strong><em>αὐτοῦ</em></strong></span> 
     </span>
     <span class='ocr_line' id='line_1_28' title="bbox 214 1710 1557 1783; baseline -0.001 -26"><span class='ocrx_word' id='word_1_207' title='bbox 214 1713 521 1783; x_wconf 77' lang='grc' dir='ltr'><strong><em>φρονήσαντας</em></strong></span> <span class='ocrx_word' id='word_1_208' title='bbox 555 1710 582 1769; x_wconf 81' lang='grc' dir='ltr'>ἢ</span> <span class='ocrx_word' id='word_1_209' title='bbox 620 1718 883 1772; x_wconf 89' lang='grc' dir='ltr'><strong><em>φρονοῦτας,</em></strong></span> <span class='ocrx_word' id='word_1_210' title='bbox 920 1714 1022 1758; x_wconf 79' lang='grc' dir='ltr'><strong><em>τοὺς</em></strong></span> <span class='ocrx_word' id='word_1_211' title='bbox 1059 1713 1195 1759; x_wconf 83' lang='grc' dir='ltr'><strong><em>ἄνουν</em></strong></span> <span class='ocrx_word' id='word_1_212' title='bbox 1230 1715 1438 1775; x_wconf 87' lang='grc' dir='ltr'><strong><em>λέγοντας</em></strong></span> <span class='ocrx_word' id='word_1_213' title='bbox 1475 1714 1557 1757; x_wconf 84' lang='grc' dir='ltr'><strong><em>τὸν</em></strong></span> 
     </span>
     <span class='ocr_line' id='line_1_29' title="bbox 212 1766 1556 1829; baseline 0.001 -17"><span class='ocrx_word' id='word_1_214' title='bbox 212 1787 364 1829; x_wconf 86' lang='grc' dir='ltr'><strong><em>κυριον</em></strong></span> <span class='ocrx_word' id='word_1_215' title='bbox 415 1766 544 1826; x_wconf 67' lang='grc' dir='ltr'><strong><em>ἡμῶν</em></strong></span> <span class='ocrx_word' id='word_1_216' title='bbox 585 1768 752 1824; x_wconf 82' lang='grc' dir='ltr'><strong><em>Ἰησοῦν</em></strong></span> <span class='ocrx_word' id='word_1_217' title='bbox 797 1770 999 1829; x_wconf 88' lang='grc' dir='ltr'><strong><em>Χριστὸν</em></strong></span> <span class='ocrx_word' id='word_1_218' title='bbox 1047 1770 1128 1814; x_wconf 88' lang='grc' dir='ltr'><strong><em>τὸν</em></strong></span> <span class='ocrx_word' id='word_1_219' title='bbox 1177 1771 1276 1814; x_wconf 85' lang='grc' dir='ltr'><strong><em>υἱὸν</em></strong></span> <span class='ocrx_word' id='word_1_220' title='bbox 1319 1773 1399 1814; x_wconf 88' lang='grc' dir='ltr'><strong><em>τοῦ</em></strong></span> <span class='ocrx_word' id='word_1_221' title='bbox 1443 1771 1556 1814; x_wconf 91' lang='grc' dir='ltr'><strong><em>θεοῦ</em></strong></span> 
     </span>
     <span class='ocr_line' id='line_1_30' title="bbox 214 1823 1556 1887; baseline -0.001 -18"><span class='ocrx_word' id='word_1_222' title='bbox 214 1831 287 1869; x_wconf 83' lang='grc' dir='ltr'><strong><em>καὶ</em></strong></span> <span class='ocrx_word' id='word_1_223' title='bbox 315 1825 431 1869; x_wconf 85' lang='grc' dir='ltr'><strong><em>θεὸν</em></strong></span> <span class='ocrx_word' id='word_1_224' title='bbox 459 1823 586 1882; x_wconf 80' lang='grc' dir='ltr'><strong><em>ἡμῶν</em></strong></span> <span class='ocrx_word' id='word_1_225' title='bbox 615 1831 690 1869; x_wconf 85' lang='grc' dir='ltr'><strong><em>καὶ</em></strong></span> <span class='ocrx_word' id='word_1_226' title='bbox 720 1825 932 1885; x_wconf 87' lang='grc' dir='ltr'><strong><em>σύγχυσιν</em></strong></span> <span class='ocrx_word' id='word_1_227' title='bbox 959 1825 1057 1881; x_wconf 83' lang='grc' dir='ltr'><strong><em>ἦτοι</em></strong></span> <span class='ocrx_word' id='word_1_228' title='bbox 1090 1827 1266 1887; x_wconf 87' lang='grc' dir='ltr'><strong><em>φυρμὸν</em></strong></span> <span class='ocrx_word' id='word_1_229' title='bbox 1301 1825 1556 1886; x_wconf 81' lang='grc' dir='ltr'><strong><em>εἰσάγοντας</em></strong></span> 
     </span>
     <span class='ocr_line' id='line_1_31' title="bbox 220 1881 1556 1942; baseline -0.001 -18"><span class='ocrx_word' id='word_1_230' title='bbox 220 1884 270 1942; x_wconf 66' lang='grc' dir='ltr'><strong><em>τῇ</em></strong></span> <span class='ocrx_word' id='word_1_231' title='bbox 299 1881 648 1941; x_wconf 72' lang='grc' dir='ltr'><strong><em>ἐνανθρωπὴσει</em></strong></span> <span class='ocrx_word' id='word_1_232' title='bbox 687 1884 767 1925; x_wconf 91' lang='grc' dir='ltr'><strong><em>τοῦ</em></strong></span> <span class='ocrx_word' id='word_1_233' title='bbox 794 1884 1056 1941; x_wconf 77' lang='grc' dir='ltr'><strong><em>μονογενοῦς</em></strong></span> <span class='ocrx_word' id='word_1_234' title='bbox 1092 1882 1190 1926; x_wconf 84' lang='grc' dir='ltr'><strong><em>υἱοῦ</em></strong></span> <span class='ocrx_word' id='word_1_235' title='bbox 1217 1885 1299 1926; x_wconf 89' lang='grc' dir='ltr'><strong><em>τοῦ</em></strong></span> <span class='ocrx_word' id='word_1_236' title='bbox 1327 1884 1452 1935; x_wconf 86' lang='grc' dir='ltr'><strong><em>θεοῦ,</em></strong></span> <span class='ocrx_word' id='word_1_237' title='bbox 1483 1886 1556 1925; x_wconf 86' lang='grc' dir='ltr'><strong><em>καὶ</em></strong></span> 
     </span>
     <span class='ocr_line' id='line_1_32' title="bbox 214 1933 1554 1997; baseline -0.001 -16"><span class='ocrx_word' id='word_1_238' title='bbox 214 1936 386 1981; x_wconf 85' lang='grc' dir='ltr'><strong><em>πάντας</em></strong></span> <span class='ocrx_word' id='word_1_239' title='bbox 434 1936 537 1980; x_wconf 78' lang='grc' dir='ltr'><strong><em>τοὺς</em></strong></span> <span class='ocrx_word' id='word_1_240' title='bbox 577 1937 635 1980; x_wconf 87' lang='grc' dir='ltr'><strong><em>τὰ</em></strong></span> <span class='ocrx_word' id='word_1_241' title='bbox 677 1933 831 1981; x_wconf 86' lang='grc' dir='ltr'><strong><em>αύτῶν</em></strong></span> <span class='ocrx_word' id='word_1_242' title='bbox 876 1937 1185 1995; x_wconf 75' lang='grc' dir='ltr'><strong><em>φρονήσαντας</em></strong></span> <span class='ocrx_word' id='word_1_243' title='bbox 1213 1936 1240 1994; x_wconf 83' lang='grc' dir='ltr'>ἢ</span> <span class='ocrx_word' id='word_1_244' title='bbox 1269 1941 1554 1997; x_wconf 81' lang='grc' dir='ltr'><strong><em>φρονοῦντας.</em></strong></span> 
     </span>
     <span class='ocr_line' id='line_1_33' title="bbox 214 1992 1552 2066; baseline 0.001 -29"><span class='ocrx_word' id='word_1_245' title='bbox 214 1994 266 2037; x_wconf 80' lang='lat' dir='ltr'><strong><em>D.</em></strong></span> <span class='ocrx_word' id='word_1_246' title='bbox 297 1993 356 2037; x_wconf 88' lang='lat' dir='ltr'><strong><em>id.</em></strong></span> <span class='ocrx_word' id='word_1_247' title='bbox 373 1992 510 2038; x_wconf 92' lang='lat' dir='ltr'><em>Mart.</em></span> <span class='ocrx_word' id='word_1_248' title='bbox 542 1993 614 2037; x_wconf 86' lang='lat' dir='ltr'><em>dn.</em></span> <span class='ocrx_word' id='word_1_249' title='bbox 632 1992 887 2038; x_wconf 88' lang='lat' dir='ltr'><em>Iustiniano</em></span> <span class='ocrx_word' id='word_1_250' title='bbox 909 2009 991 2066; x_wconf 82' lang='lat' dir='ltr'><strong><em>pp.</em></strong></span> <span class='ocrx_word' id='word_1_251' title='bbox 1009 1996 1060 2039; x_wconf 83' lang='lat' dir='ltr'><strong><em>A.</em></strong></span> <span class='ocrx_word' id='word_1_252' title='bbox 1092 2007 1160 2038; x_wconf 83' lang='lat'><strong><em>111</em></strong></span> <span class='ocrx_word' id='word_1_253' title='bbox 1186 2009 1305 2039; x_wconf 91' lang='lat' dir='ltr'><em>cons.</em></span> <span class='ocrx_word' id='word_1_254' title='bbox 1366 1996 1424 2052; x_wconf 91' lang='lat' dir='ltr'><strong><em>[a.</em></strong></span> <span class='ocrx_word' id='word_1_255' title='bbox 1456 1997 1552 2060; x_wconf 78' lang='lat'>533]</span> 
     </span>
    </p>

    <p class='ocr_par' dir='ltr' id='par_1_3' title="bbox 215 2044 1555 2277">
     <span class='ocr_line' id='line_1_34' title="bbox 275 2044 1555 2116; baseline 0.001 -25"><span class='ocrx_word' id='word_1_256' title='bbox 275 2048 331 2092; x_wconf 84' lang='grc' dir='ltr'><strong><em>Τὸ</em></strong></span> <span class='ocrx_word' id='word_1_257' title='bbox 371 2044 480 2092; x_wconf 75' lang='grc' dir='ltr'><strong><em>αὐτὸ</em></strong></span> <span class='ocrx_word' id='word_1_258' title='bbox 519 2044 747 2116; x_wconf 79' lang='grc' dir='ltr'><strong><em>Ἐφεσίοις,</em></strong></span> <span class='ocrx_word' id='word_1_259' title='bbox 786 2049 838 2092; x_wconf 87' lang='grc' dir='ltr'><strong><em>τὸ</em></strong></span> <span class='ocrx_word' id='word_1_260' title='bbox 879 2050 990 2092; x_wconf 88' lang='grc' dir='ltr'><strong><em>αυτὸ</em></strong></span> <span class='ocrx_word' id='word_1_261' title='bbox 1030 2053 1320 2109; x_wconf 87' lang='grc' dir='ltr'><strong><em>Καισαρεῦσι,</em></strong></span> <span class='ocrx_word' id='word_1_262' title='bbox 1362 2050 1415 2093; x_wconf 86' lang='grc' dir='ltr'><strong><em>τὸ</em></strong></span> <span class='ocrx_word' id='word_1_263' title='bbox 1447 2048 1555 2093; x_wconf 79' lang='grc' dir='ltr'><strong><em>αὐτο</em></strong></span> 
     </span>
     <span class='ocr_line' id='line_1_35' title="bbox 215 2101 1554 2176; baseline 0.001 -30"><span class='ocrx_word' id='word_1_264' title='bbox 215 2107 487 2159; x_wconf 83' lang='grc' dir='ltr'><strong><em>Κυζικηνοῖς,</em></strong></span> <span class='ocrx_word' id='word_1_265' title='bbox 530 2121 584 2148; x_wconf 89' lang='grc' dir='ltr'><strong><em>το</em></strong></span> <span class='ocrx_word' id='word_1_266' title='bbox 622 2101 731 2147; x_wconf 74' lang='grc' dir='ltr'><strong><em>αὐτὸ</em></strong></span> <span class='ocrx_word' id='word_1_267' title='bbox 758 2103 1005 2176; x_wconf 66' lang='grc' dir='ltr'><strong><em>Ἀμιδηνοῖς</em></strong></span> <span class='ocrx_word' id='word_1_268' title='bbox 1040 2109 1407 2162; x_wconf 82' lang='grc' dir='ltr'><strong><em>Τραπεζουντίοις</em></strong></span> <span class='ocrx_word' id='word_1_269' title='bbox 1435 2102 1554 2163; x_wconf 85' lang='grc' dir='ltr'><strong><em>Ἱερο-</em></strong></span> 
     </span>
     <span class='ocr_line' id='line_1_36' title="bbox 215 2157 1554 2217; baseline 0 -14"><span class='ocrx_word' id='word_1_270' title='bbox 215 2159 467 2216; x_wconf 85' lang='grc' dir='ltr'><strong><em>σολυμίταις</em></strong></span> <span class='ocrx_word' id='word_1_271' title='bbox 491 2157 766 2217; x_wconf 80' lang='grc' dir='ltr'><strong><em>Ἀπαμεῦσιν</em></strong></span> <span class='ocrx_word' id='word_1_272' title='bbox 808 2162 1317 2206; x_wconf 86' lang='grc' dir='ltr'><strong><em>Ιουστινιανουπολίταις</em></strong></span> <span class='ocrx_word' id='word_1_273' title='bbox 1365 2165 1554 2206; x_wconf 83' lang='grc' dir='ltr'><strong><em>Θεουπο-</em></strong></span> 
     </span>
     <span class='ocr_line' id='line_1_37' title="bbox 216 2214 1283 2277; baseline 0.003 -19"><span class='ocrx_word' id='word_1_274' title='bbox 216 2216 356 2259; x_wconf 86' lang='grc' dir='ltr'><strong><em>λίταις</em></strong></span> <span class='ocrx_word' id='word_1_275' title='bbox 383 2220 685 2272; x_wconf 83' lang='grc' dir='ltr'><strong><em>Σεβαστηνοῖς</em></strong></span> <span class='ocrx_word' id='word_1_276' title='bbox 721 2214 967 2275; x_wconf 89' lang='grc' dir='ltr'><strong><em>Ταρσεῦσιν</em></strong></span> <span class='ocrx_word' id='word_1_277' title='bbox 991 2214 1283 2277; x_wconf 86' lang='grc' dir='ltr'><strong><em>Ἀγκυρανοῖς.</em></strong></span> 
     </span>
    </p>

    <p class='ocr_par' dir='ltr' id='par_1_4' title="bbox 215 2268 1555 2386">
     <span class='ocr_line' id='line_1_38' title="bbox 272 2268 1554 2331; baseline 0.001 -17"><span class='ocrx_word' id='word_1_278' title='bbox 272 2270 300 2318; x_wconf 89' lang='grc'><strong>7</strong></span> <span class='ocrx_word' id='word_1_279' title='bbox 332 2268 404 2315; x_wconf 81' lang='lat'><strong><em>2‘0</em></strong></span> <span class='ocrx_word' id='word_1_280' title='bbox 433 2269 566 2314; x_wconf 79' lang='grc' dir='ltr'><strong><em>αὐτὸς</em></strong></span> <span class='ocrx_word' id='word_1_281' title='bbox 602 2270 808 2328; x_wconf 78' lang='grc' dir='ltr'><strong><em>βασιλεὺς</em></strong></span> <span class='ocrx_word' id='word_1_282' title='bbox 832 2269 1086 2331; x_wconf 84' lang='grc' dir='ltr'><strong><em>Ἐπιφανίῳ</em></strong></span> <span class='ocrx_word' id='word_1_283' title='bbox 1116 2276 1182 2328; x_wconf 73' lang='grc' dir='ltr'><strong><em>τῷ</em></strong></span> <span class='ocrx_word' id='word_1_284' title='bbox 1213 2271 1241 2317; x_wconf 85' lang='grc' dir='ltr'><strong><em>ἁ</em></strong></span> <span class='ocrx_word' id='word_1_285' title='bbox 1270 2273 1449 2328; x_wconf 82' lang='grc' dir='ltr'><strong><em>ιωτάτῳ</em></strong></span> <span class='ocrx_word' id='word_1_286' title='bbox 1480 2277 1554 2316; x_wconf 86' lang='grc' dir='ltr'><strong><em>καὶ</em></strong></span> 
     </span>
     <span class='ocr_line' id='line_1_39' title="bbox 215 2323 1555 2386; baseline 0.001 -16"><span class='ocrx_word' id='word_1_287' title='bbox 215 2325 545 2386; x_wconf 81' lang='grc' dir='ltr'><strong><em>μακαριωτάτῳ</em></strong></span> <span class='ocrx_word' id='word_1_288' title='bbox 599 2323 932 2383; x_wconf 83' lang='grc' dir='ltr'><strong><em>ἀρχιεπισκόπῳ</em></strong></span> <span class='ocrx_word' id='word_1_289' title='bbox 984 2331 1061 2383; x_wconf 81' lang='grc' dir='ltr'><strong><em>τῆς</em></strong></span> <span class='ocrx_word' id='word_1_290' title='bbox 1110 2335 1218 2385; x_wconf 87' lang='grc' dir='ltr'><strong><em>βασι</em></strong></span> <span class='ocrx_word' id='word_1_291' title='bbox 1249 2329 1339 2373; x_wconf 90' lang='grc' dir='ltr'><strong><em>ίδος</em></strong></span> <span class='ocrx_word' id='word_1_292' title='bbox 1391 2329 1555 2383; x_wconf 82' lang='grc' dir='ltr'><strong><em>ταύτης</em></strong></span> 
     </span>
    </p>
   </div>
   <div class='ocr_carea' id='block_1_3' title="bbox 219 2469 1346 2567">
    <p class='ocr_par' dir='ltr' id='par_1_5' title="bbox 219 2469 1346 2567">
     <span class='ocr_line' id='line_1_40' title="bbox 219 2469 1346 2521; baseline 0.001 -11"><span class='ocrx_word' id='word_1_293' title='bbox 219 2472 265 2517; x_wconf 67' lang='grc' dir='ltr'><strong><em>Η)</em></strong></span> <span class='ocrx_word' id='word_1_294' title='bbox 296 2471 354 2510; x_wconf 84' lang='lat' dir='ltr'><strong><em>sic</em></strong></span> <span class='ocrx_word' id='word_1_295' title='bbox 391 2471 537 2511; x_wconf 84' lang='lat' dir='ltr'><em>Chron.</em></span> <span class='ocrx_word' id='word_1_296' title='bbox 574 2471 720 2521; x_wconf 84' lang='lat' dir='ltr'><em>Const.‚</em></span> <span class='ocrx_word' id='word_1_297' title='bbox 751 2469 865 2510; x_wconf 88' lang='grc' dir='ltr'><strong><em>θεοῦ</em></strong></span> <span class='ocrx_word' id='word_1_298' title='bbox 895 2472 973 2510; x_wconf 83' lang='grc' dir='ltr'><strong><em>καί</em></strong></span> <span class='ocrx_word' id='word_1_299' title='bbox 1001 2471 1075 2512; x_wconf 75' lang='lat' dir='ltr'><em>ins.</em></span> <span class='ocrx_word' id='word_1_300' title='bbox 1106 2471 1271 2512; x_wconf 86' lang='lat' dir='ltr'><em>Nomoc.</em></span> <span class='ocrx_word' id='word_1_301' title='bbox 1302 2471 1346 2511; x_wconf 90' lang='lat' dir='ltr'><em>B</em></span> 
     </span>
     <span class='ocr_line' id='line_1_41' title="bbox 219 2526 480 2567; baseline 0.004 -2"><span class='ocrx_word' id='word_1_302' title='bbox 219 2539 312 2565; x_wconf 79' lang='grc' dir='ltr'><strong><em>των</em></strong></span> <span class='ocrx_word' id='word_1_303' title='bbox 347 2526 480 2567; x_wconf 73' lang='lat' dir='ltr'><em>Consi.</em></span> 
     </span>
    </p>
   </div>
   <div class='ocr_carea' id='block_1_4' title="bbox 281 2639 480 2643">
    <p class='ocr_par' dir='ltr' id='par_1_6' title="bbox 281 2639 480 2643">
     <span class='ocr_line' id='line_1_42' title="bbox 281 2639 480 2643; baseline 0 0"><span class='ocrx_word' id='word_1_304' title='bbox 281 2639 480 2643; x_wconf 95' lang='lat' dir='ltr'><strong><em> </em></strong></span> 
     </span>
    </p>
   </div>
   <div class='ocr_carea' id='block_1_5' title="bbox 486 2638 734 2644">
    <p class='ocr_par' dir='ltr' id='par_1_7' title="bbox 486 2638 734 2644">
     <span class='ocr_line' id='line_1_43' title="bbox 486 2638 734 2644; baseline 0 0"><span class='ocrx_word' id='word_1_305' title='bbox 486 2638 734 2644; x_wconf 95' lang='lat' dir='ltr'><strong><em> </em></strong></span> 
     </span>
    </p>
   </div>
   <div class='ocr_carea' id='block_1_6' title="bbox 753 2639 877 2643">
    <p class='ocr_par' dir='ltr' id='par_1_8' title="bbox 753 2639 877 2643">
     <span class='ocr_line' id='line_1_44' title="bbox 753 2639 877 2643; baseline 0 0"><span class='ocrx_word' id='word_1_306' title='bbox 753 2639 877 2643; x_wconf 95' lang='lat' dir='ltr'><strong><em> </em></strong></span> 
     </span>
    </p>
   </div>
   <div class='ocr_carea' id='block_1_7' title="bbox 1052 2638 1279 2643">
    <p class='ocr_par' dir='ltr' id='par_1_9' title="bbox 1052 2638 1279 2643">
     <span class='ocr_line' id='line_1_45' title="bbox 1052 2638 1279 2643; baseline 0 0"><span class='ocrx_word' id='word_1_307' title='bbox 1052 2638 1279 2643; x_wconf 95' lang='lat' dir='ltr'><strong><em> </em></strong></span> 
     </span>
    </p>
   </div>
   <div class='ocr_carea' id='block_1_8' title="bbox 221 2687 1564 3138">
    <p class='ocr_par' dir='ltr' id='par_1_10' title="bbox 221 2687 1564 3138">
     <span class='ocr_line' id='line_1_46' title="bbox 222 2687 1560 2748; baseline 0.001 -17"><span class='ocrx_word' id='word_1_308' title='bbox 222 2687 425 2740; x_wconf 79' lang='lat' dir='ltr'><em>habeant,</em></span> <span class='ocrx_word' id='word_1_309' title='bbox 450 2688 713 2732; x_wconf 79' lang='lat' dir='ltr'><em>damnamus</em></span> <span class='ocrx_word' id='word_1_310' title='bbox 735 2702 902 2732; x_wconf 90' lang='lat' dir='ltr'><em>omnem</em></span> <span class='ocrx_word' id='word_1_311' title='bbox 921 2689 1152 2743; x_wconf 73' lang='lat' dir='ltr'><em>haeresim,</em></span> <span class='ocrx_word' id='word_1_312' title='bbox 1166 2690 1385 2748; x_wconf 74' lang='lat' dir='ltr'><em>imprimis</em></span> <span class='ocrx_word' id='word_1_313' title='bbox 1403 2690 1560 2733; x_wconf 78' lang='lat' dir='ltr'><em>Nesto-</em></span> 
     </span>
     <span class='ocr_line' id='line_1_47' title="bbox 221 2742 1562 2801; baseline 0.002 -16"><span class='ocrx_word' id='word_1_314' title='bbox 221 2744 338 2786; x_wconf 82' lang='lat' dir='ltr'><em>rium</em></span> <span class='ocrx_word' id='word_1_315' title='bbox 367 2742 559 2786; x_wconf 87' lang='lat' dir='ltr'><em>hominis</em></span> <span class='ocrx_word' id='word_1_316' title='bbox 587 2743 875 2787; x_wconf 83' lang='lat' dir='ltr'><em>adoratorem</em></span> <span class='ocrx_word' id='word_1_317' title='bbox 904 2750 948 2788; x_wconf 90' lang='lat' dir='ltr'><strong><em>et</em></strong></span> <span class='ocrx_word' id='word_1_318' title='bbox 976 2758 1053 2788; x_wconf 91' lang='lat' dir='ltr'><strong><em>eos</em></strong></span> <span class='ocrx_word' id='word_1_319' title='bbox 1069 2746 1147 2801; x_wconf 88' lang='lat' dir='ltr'><strong><em>qui</em></strong></span> <span class='ocrx_word' id='word_1_320' title='bbox 1176 2746 1271 2788; x_wconf 88' lang='lat' dir='ltr'><em>eius</em></span> <span class='ocrx_word' id='word_1_321' title='bbox 1298 2746 1562 2789; x_wconf 90' lang='lat' dir='ltr'><em>sententiam</em></span> 
     </span>
     <span class='ocr_line' id='line_1_48' title="bbox 225 2798 1561 2895; baseline 0.002 -55"><span class='ocrx_word' id='word_1_322' title='bbox 225 2798 422 2855; x_wconf 90' lang='lat' dir='ltr'><em>amplexi</em></span> <span class='ocrx_word' id='word_1_323' title='bbox 462 2802 567 2841; x_wconf 87' lang='lat' dir='ltr'><em>sunt</em></span> <span class='ocrx_word' id='word_1_324' title='bbox 604 2798 673 2841; x_wconf 90' lang='lat' dir='ltr'><strong><em>vel</em></strong></span> <span class='ocrx_word' id='word_1_325' title='bbox 710 2799 1051 2895; x_wconf 55' lang='lat' dir='ltr'><em>amplectuntur,</em></span> <span class='ocrx_word' id='word_1_326' title='bbox 1089 2800 1168 2856; x_wconf 90' lang='lat' dir='ltr'><strong><em>qui</em></strong></span> <span class='ocrx_word' id='word_1_327' title='bbox 1197 2800 1399 2844; x_wconf 84' lang='lat' dir='ltr'><em>dividunt</em></span> <span class='ocrx_word' id='word_1_328' title='bbox 1426 2814 1561 2843; x_wconf 92' lang='lat' dir='ltr'><em>unum</em></span> 
     </span>
     <span class='ocr_line' id='line_1_49' title="bbox 225 2852 1564 2910; baseline 0.003 -15"><span class='ocrx_word' id='word_1_329' title='bbox 225 2852 449 2896; x_wconf 82' lang='lat' dir='ltr'><em>dominum</em></span> <span class='ocrx_word' id='word_1_330' title='bbox 504 2857 707 2896; x_wconf 88' lang='lat' dir='ltr'><em>nostrum</em></span> <span class='ocrx_word' id='word_1_331' title='bbox 778 2867 896 2896; x_wconf 88' lang='lat' dir='ltr'><em>esum</em></span> <span class='ocrx_word' id='word_1_332' title='bbox 943 2853 1163 2898; x_wconf 73' lang='lat' dir='ltr'><em>Christum</em></span> <span class='ocrx_word' id='word_1_333' title='bbox 1216 2855 1359 2910; x_wconf 82' lang='lat' dir='ltr'><em>filium</em></span> <span class='ocrx_word' id='word_1_334' title='bbox 1408 2854 1480 2898; x_wconf 90' lang='lat' dir='ltr'><strong><em>dei</em></strong></span> <span class='ocrx_word' id='word_1_335' title='bbox 1521 2861 1564 2899; x_wconf 87' lang='lat' dir='ltr'><strong><em>et</em></strong></span> 
     </span>
     <span class='ocr_line' id='line_1_50' title="bbox 226 2908 1562 2967; baseline 0.001 -16"><span class='ocrx_word' id='word_1_336' title='bbox 226 2908 352 2952; x_wconf 84' lang='lat' dir='ltr'><em>deum</em></span> <span class='ocrx_word' id='word_1_337' title='bbox 387 2911 589 2951; x_wconf 88' lang='lat' dir='ltr'><em>nostrum</em></span> <span class='ocrx_word' id='word_1_338' title='bbox 624 2914 878 2965; x_wconf 77' lang='lat' dir='ltr'><em>neqantque</em></span> <span class='ocrx_word' id='word_1_339' title='bbox 908 2910 1101 2967; x_wconf 79' lang='lat' dir='ltr'><em>proprie</em></span> <span class='ocrx_word' id='word_1_340' title='bbox 1136 2915 1181 2953; x_wconf 92' lang='lat' dir='ltr'><strong><em>et</em></strong></span> <span class='ocrx_word' id='word_1_341' title='bbox 1218 2924 1268 2953; x_wconf 92' lang='lat' dir='ltr'><strong><em>re</em></strong></span> <span class='ocrx_word' id='word_1_342' title='bbox 1303 2924 1406 2954; x_wconf 86' lang='lat' dir='ltr'><em>vera</em></span> <span class='ocrx_word' id='word_1_343' title='bbox 1434 2924 1562 2953; x_wconf 90' lang='lat' dir='ltr'><em>sanc-</em></span> 
     </span>
     <span class='ocr_line' id='line_1_51' title="bbox 228 2963 1561 3024; baseline 0.002 -18"><span class='ocrx_word' id='word_1_344' title='bbox 228 2970 316 3007; x_wconf 91' lang='lat' dir='ltr'><strong><em>tam</em></strong></span> <span class='ocrx_word' id='word_1_345' title='bbox 350 2963 597 3020; x_wconf 77' lang='lat' dir='ltr'><em>qloriosam</em></span> <span class='ocrx_word' id='word_1_346' title='bbox 634 2977 809 3021; x_wconf 88' lang='lat' dir='ltr'><em>semper</em></span> <span class='ocrx_word' id='word_1_347' title='bbox 847 2964 1061 3021; x_wconf 81' lang='lat' dir='ltr'><em>virqinem</em></span> <span class='ocrx_word' id='word_1_348' title='bbox 1091 2964 1285 3008; x_wconf 88' lang='lat' dir='ltr'><em>Mariam</em></span> <span class='ocrx_word' id='word_1_349' title='bbox 1315 2965 1561 3024; x_wconf 85' lang='lat' dir='ltr'><em>deiparam,</em></span> 
     </span>
     <span class='ocr_line' id='line_1_52' title="bbox 225 3018 1564 3076; baseline 0.002 -14"><span class='ocrx_word' id='word_1_350' title='bbox 225 3019 273 3062; x_wconf 88' lang='lat' dir='ltr'><strong><em>id</em></strong></span> <span class='ocrx_word' id='word_1_351' title='bbox 300 3025 368 3062; x_wconf 90' lang='lat' dir='ltr'><strong><em>est</em></strong></span> <span class='ocrx_word' id='word_1_352' title='bbox 394 3018 465 3064; x_wconf 87' lang='lat' dir='ltr'><strong><em>dei</em></strong></span> <span class='ocrx_word' id='word_1_353' title='bbox 492 3024 691 3071; x_wconf 86' lang='lat' dir='ltr'><em>matrem,</em></span> <span class='ocrx_word' id='word_1_354' title='bbox 719 3018 800 3062; x_wconf 88' lang='lat' dir='ltr'><strong><em>sed</em></strong></span> <span class='ocrx_word' id='word_1_355' title='bbox 827 3018 940 3063; x_wconf 89' lang='lat' dir='ltr'><em>duos</em></span> <span class='ocrx_word' id='word_1_356' title='bbox 963 3021 1086 3076; x_wconf 81' lang='lat' dir='ltr'><em>filios</em></span> <span class='ocrx_word' id='word_1_357' title='bbox 1108 3021 1264 3064; x_wconf 87' lang='lat' dir='ltr'><em>dicunt</em></span> <span class='ocrx_word' id='word_1_358' title='bbox 1287 3021 1474 3065; x_wconf 88' lang='lat' dir='ltr'><em>alterum</em></span> <span class='ocrx_word' id='word_1_359' title='bbox 1503 3034 1564 3065; x_wconf 74' lang='lat' dir='ltr'><strong><em>ex</em></strong></span> 
     </span>
     <span class='ocr_line' id='line_1_53' title="bbox 222 3074 1562 3138; baseline 0.001 -21"><span class='ocrx_word' id='word_1_360' title='bbox 222 3079 356 3138; x_wconf 80' lang='lat' dir='ltr'><em>patre</em></span> <span class='ocrx_word' id='word_1_361' title='bbox 383 3074 509 3118; x_wconf 84' lang='lat' dir='ltr'><em>deum</em></span> <span class='ocrx_word' id='word_1_362' title='bbox 539 3074 735 3126; x_wconf 87' lang='lat' dir='ltr'><em>verbum,</em></span> <span class='ocrx_word' id='word_1_363' title='bbox 773 3075 962 3118; x_wconf 87' lang='lat' dir='ltr'><em>alterum</em></span> <span class='ocrx_word' id='word_1_364' title='bbox 998 3090 1060 3120; x_wconf 88' lang='lat' dir='ltr'><strong><em>ex</em></strong></span> <span class='ocrx_word' id='word_1_365' title='bbox 1086 3082 1246 3120; x_wconf 90' lang='lat' dir='ltr'><em>sancta</em></span> <span class='ocrx_word' id='word_1_366' title='bbox 1275 3089 1448 3135; x_wconf 88' lang='lat' dir='ltr'><em>semper</em></span> <span class='ocrx_word' id='word_1_367' title='bbox 1477 3078 1562 3122; x_wconf 86' lang='lat' dir='ltr'><em>vir-</em></span> 
     </span>
    </p>
   </div>
   <div class='ocr_carea' id='block_1_9' title="bbox 225 3129 1604 3189">
    <p class='ocr_par' dir='ltr' id='par_1_11' title="bbox 225 3129 1604 3189">
     <span class='ocr_line' id='line_1_54' title="bbox 225 3129 1604 3189; baseline 0.004 -17"><span class='ocrx_word' id='word_1_368' title='bbox 225 3143 330 3187; x_wconf 77' lang='lat' dir='ltr'><em>qine</em></span> <span class='ocrx_word' id='word_1_369' title='bbox 364 3135 410 3174; x_wconf 85' lang='lat' dir='ltr'><strong><em>et</em></strong></span> <span class='ocrx_word' id='word_1_370' title='bbox 444 3129 516 3173; x_wconf 89' lang='lat' dir='ltr'><strong><em>dei</em></strong></span> <span class='ocrx_word' id='word_1_371' title='bbox 550 3130 774 3187; x_wconf 78' lang='lat' dir='ltr'><em>qenetrice</em></span> <span class='ocrx_word' id='word_1_372' title='bbox 802 3129 976 3184; x_wconf 88' lang='lat' dir='ltr'><em>Maria,</em></span> <span class='ocrx_word' id='word_1_373' title='bbox 1012 3132 1166 3189; x_wconf 82' lang='lat' dir='ltr'><em>qratia</em></span> <span class='ocrx_word' id='word_1_374' title='bbox 1194 3136 1239 3176; x_wconf 92' lang='lat' dir='ltr'><strong><em>et</em></strong></span> <span class='ocrx_word' id='word_1_375' title='bbox 1265 3147 1388 3176; x_wconf 85' lang='lat' dir='ltr'><em>nexu</em></span> <span class='ocrx_word' id='word_1_376' title='bbox 1417 3138 1462 3177; x_wconf 92' lang='lat' dir='ltr'><strong><em>et</em></strong></span> <span class='ocrx_word' id='word_1_377' title='bbox 1488 3147 1563 3176; x_wconf 89' lang='lat' dir='ltr'><strong><em>ne·</em></strong></span> <span class='ocrx_word' id='word_1_378' title='bbox 1600 3134 1604 3144; x_wconf 88' lang='grc'><strong>“</strong></span> 
     </span>
    </p>
   </div>
   <div class='ocr_carea' id='block_1_10' title="bbox 227 3185 1567 4631">
    <p class='ocr_par' dir='ltr' id='par_1_12' title="bbox 227 3185 1567 4408">
     <span class='ocr_line' id='line_1_55' title="bbox 227 3185 1563 3247; baseline 0.003 -19"><span class='ocrx_word' id='word_1_379' title='bbox 227 3185 504 3238; x_wconf 86' lang='lat' dir='ltr'><em>cessitudine,</em></span> <span class='ocrx_word' id='word_1_380' title='bbox 549 3199 665 3242; x_wconf 90' lang='lat' dir='ltr'><em>quae</em></span> <span class='ocrx_word' id='word_1_381' title='bbox 706 3185 747 3229; x_wconf 90' lang='lat' dir='ltr'><strong><em>ei</em></strong></span> <span class='ocrx_word' id='word_1_382' title='bbox 784 3199 881 3229; x_wconf 87' lang='lat' dir='ltr'><em>cum</em></span> <span class='ocrx_word' id='word_1_383' title='bbox 918 3186 1000 3230; x_wconf 91' lang='lat' dir='ltr'><strong><em>deo</em></strong></span> <span class='ocrx_word' id='word_1_384' title='bbox 1040 3187 1170 3231; x_wconf 88' lang='lat' dir='ltr'><em>verbo</em></span> <span class='ocrx_word' id='word_1_385' title='bbox 1208 3194 1297 3240; x_wconf 88' lang='lat' dir='ltr'><em>est,</em></span> <span class='ocrx_word' id='word_1_386' title='bbox 1337 3193 1382 3232; x_wconf 89' lang='lat' dir='ltr'><strong><em>et</em></strong></span> <span class='ocrx_word' id='word_1_387' title='bbox 1417 3189 1563 3247; x_wconf 90' lang='lat' dir='ltr'><em>ipsum</em></span> 
     </span>
     <span class='ocr_line' id='line_1_56' title="bbox 227 3241 1563 3301; baseline 0.002 -17"><span class='ocrx_word' id='word_1_388' title='bbox 227 3241 354 3284; x_wconf 84' lang='lat' dir='ltr'><em>deum</em></span> <span class='ocrx_word' id='word_1_389' title='bbox 380 3241 558 3298; x_wconf 81' lang='lat' dir='ltr'><em>factum</em></span> <span class='ocrx_word' id='word_1_390' title='bbox 586 3254 703 3285; x_wconf 85' lang='lat' dir='ltr'><em>esse:</em></span> <span class='ocrx_word' id='word_1_391' title='bbox 739 3248 996 3286; x_wconf 79' lang='lat' dir='ltr'><em>recusantes</em></span> <span class='ocrx_word' id='word_1_392' title='bbox 1024 3248 1069 3286; x_wconf 90' lang='lat' dir='ltr'><strong><em>et</em></strong></span> <span class='ocrx_word' id='word_1_393' title='bbox 1095 3249 1310 3301; x_wconf 80' lang='lat' dir='ltr'><em>neqantes</em></span> <span class='ocrx_word' id='word_1_394' title='bbox 1338 3243 1563 3287; x_wconf 88' lang='lat' dir='ltr'><em>dominum</em></span> 
     </span>
     <span class='ocr_line' id='line_1_57' title="bbox 227 3295 1564 3344; baseline 0.003 -5"><span class='ocrx_word' id='word_1_395' title='bbox 227 3301 427 3340; x_wconf 88' lang='lat' dir='ltr'><em>nostrum</em></span> <span class='ocrx_word' id='word_1_396' title='bbox 450 3295 599 3340; x_wconf 85' lang='lat' dir='ltr'><em>Iesum</em></span> <span class='ocrx_word' id='word_1_397' title='bbox 618 3295 836 3340; x_wconf 79' lang='lat' dir='ltr'><em>Christum</em></span> <span class='ocrx_word' id='word_1_398' title='bbox 901 3298 1005 3341; x_wconf 86' lang='lat' dir='ltr'><em>lium</em></span> <span class='ocrx_word' id='word_1_399' title='bbox 1035 3298 1106 3342; x_wconf 89' lang='lat' dir='ltr'><strong><em>dei</em></strong></span> <span class='ocrx_word' id='word_1_400' title='bbox 1134 3304 1179 3343; x_wconf 88' lang='lat' dir='ltr'><strong><em>et</em></strong></span> <span class='ocrx_word' id='word_1_401' title='bbox 1205 3299 1333 3343; x_wconf 90' lang='lat' dir='ltr'><em>deum</em></span> <span class='ocrx_word' id='word_1_402' title='bbox 1362 3305 1564 3344; x_wconf 88' lang='lat' dir='ltr'><em>nostrum</em></span> 
     </span>
     <span class='ocr_line' id='line_1_58' title="bbox 228 3352 1564 3400; baseline 0.004 -5"><span class='ocrx_word' id='word_1_403' title='bbox 228 3353 508 3396; x_wconf 61' lang='lat' dir='ltr'><em>incarnatum</em></span> <span class='ocrx_word' id='word_1_404' title='bbox 537 3357 581 3396; x_wconf 90' lang='lat' dir='ltr'><strong><em>et</em></strong></span> <span class='ocrx_word' id='word_1_405' title='bbox 617 3353 741 3395; x_wconf 90' lang='lat' dir='ltr'><em>cruci</em></span> <span class='ocrx_word' id='word_1_406' title='bbox 775 3352 836 3395; x_wconf 88' lang='lat' dir='ltr'><em>ad</em></span> <span class='ocrx_word' id='word_1_407' title='bbox 867 3367 977 3397; x_wconf 89' lang='lat' dir='ltr'><strong><em>xum</em></strong></span> <span class='ocrx_word' id='word_1_408' title='bbox 1017 3369 1152 3398; x_wconf 91' lang='lat' dir='ltr'><em>unum</em></span> <span class='ocrx_word' id='word_1_409' title='bbox 1185 3368 1280 3399; x_wconf 91' lang='lat' dir='ltr'><em>esse</em></span> <span class='ocrx_word' id='word_1_410' title='bbox 1307 3361 1492 3400; x_wconf 87' lang='lat' dir='ltr'><em>sanctae</em></span> <span class='ocrx_word' id='word_1_411' title='bbox 1519 3361 1564 3400; x_wconf 91' lang='lat' dir='ltr'><strong><em>et</em></strong></span> 
     </span>
     <span class='ocr_line' id='line_1_59' title="bbox 229 3407 1562 3456; baseline 0.003 -6"><span class='ocrx_word' id='word_1_412' title='bbox 229 3407 622 3452; x_wconf 87' lang='lat' dir='ltr'><em>consubstantialis</em></span> <span class='ocrx_word' id='word_1_413' title='bbox 652 3408 877 3452; x_wconf 77' lang='lat' dir='ltr'><em>trinitatis.</em></span> <span class='ocrx_word' id='word_1_414' title='bbox 937 3408 1009 3453; x_wconf 86' lang='lat' dir='ltr'><strong><em>hic</em></strong></span> <span class='ocrx_word' id='word_1_415' title='bbox 1037 3411 1152 3454; x_wconf 90' lang='lat' dir='ltr'><em>enim</em></span> <span class='ocrx_word' id='word_1_416' title='bbox 1179 3411 1305 3454; x_wconf 84' lang='lat' dir='ltr'><em>solus</em></span> <span class='ocrx_word' id='word_1_417' title='bbox 1333 3417 1400 3455; x_wconf 90' lang='lat' dir='ltr'><strong><em>est</em></strong></span> <span class='ocrx_word' id='word_1_418' title='bbox 1427 3411 1562 3456; x_wconf 90' lang='lat' dir='ltr'><em>coad-</em></span> 
     </span>
     <span class='ocr_line' id='line_1_60' title="bbox 229 3463 1562 3526; baseline 0.004 -20"><span class='ocrx_word' id='word_1_419' title='bbox 229 3463 428 3507; x_wconf 85' lang='lat' dir='ltr'><em>orandus</em></span> <span class='ocrx_word' id='word_1_420' title='bbox 471 3468 517 3507; x_wconf 92' lang='lat' dir='ltr'><strong><em>et</em></strong></span> <span class='ocrx_word' id='word_1_421' title='bbox 550 3463 962 3521; x_wconf 79' lang='lat' dir='ltr'><em>conqlorificandus</em></span> <span class='ocrx_word' id='word_1_422' title='bbox 997 3467 1130 3523; x_wconf 78' lang='lat' dir='ltr'><em>patri</em></span> <span class='ocrx_word' id='word_1_423' title='bbox 1164 3472 1208 3511; x_wconf 92' lang='lat' dir='ltr'><strong><em>et</em></strong></span> <span class='ocrx_word' id='word_1_424' title='bbox 1243 3472 1400 3511; x_wconf 87' lang='lat' dir='ltr'><em>sancto</em></span> <span class='ocrx_word' id='word_1_425' title='bbox 1429 3468 1562 3526; x_wconf 87' lang='lat' dir='ltr'><em>spiri-</em></span> 
     </span>
     <span class='ocr_line' id='line_1_61' title="bbox 229 3518 1562 3582; baseline 0.005 -21"><span class='ocrx_word' id='word_1_426' title='bbox 229 3523 252 3562; x_wconf 87' lang='lat'>8</span> <span class='ocrx_word' id='word_1_427' title='bbox 313 3518 388 3562; x_wconf 90' lang='lat' dir='ltr'><em>tui.</em></span> <span class='ocrx_word' id='word_1_428' title='bbox 453 3518 729 3562; x_wconf 89' lang='lat' dir='ltr'><em>Damnamus</em></span> <span class='ocrx_word' id='word_1_429' title='bbox 766 3520 898 3563; x_wconf 90' lang='lat' dir='ltr'><em>etiam</em></span> <span class='ocrx_word' id='word_1_430' title='bbox 937 3520 1228 3578; x_wconf 74' lang='lat' dir='ltr'><em>Eutychetem</em></span> <span class='ocrx_word' id='word_1_431' title='bbox 1268 3528 1411 3567; x_wconf 90' lang='lat' dir='ltr'><em>mente</em></span> <span class='ocrx_word' id='word_1_432' title='bbox 1457 3537 1562 3582; x_wconf 88' lang='lat' dir='ltr'><em>cap-</em></span> 
     </span>
     <span class='ocr_line' id='line_1_62' title="bbox 231 3574 1564 3635; baseline 0.005 -19"><span class='ocrx_word' id='word_1_433' title='bbox 231 3580 321 3617; x_wconf 88' lang='lat' dir='ltr'><strong><em>tum</em></strong></span> <span class='ocrx_word' id='word_1_434' title='bbox 364 3587 527 3631; x_wconf 91' lang='lat' dir='ltr'><em>eosque</em></span> <span class='ocrx_word' id='word_1_435' title='bbox 568 3574 648 3631; x_wconf 91' lang='lat' dir='ltr'><strong><em>qui</em></strong></span> <span class='ocrx_word' id='word_1_436' title='bbox 689 3574 784 3618; x_wconf 90' lang='lat' dir='ltr'><em>eius</em></span> <span class='ocrx_word' id='word_1_437' title='bbox 824 3578 1086 3620; x_wconf 88' lang='lat' dir='ltr'><em>sententiam</em></span> <span class='ocrx_word' id='word_1_438' title='bbox 1123 3578 1322 3635; x_wconf 77' lang='lat' dir='ltr'><em>amplexi</em></span> <span class='ocrx_word' id='word_1_439' title='bbox 1358 3584 1465 3623; x_wconf 86' lang='lat' dir='ltr'><em>sunt</em></span> <span class='ocrx_word' id='word_1_440' title='bbox 1496 3579 1564 3624; x_wconf 88' lang='lat' dir='ltr'><strong><em>vel</em></strong></span> 
     </span>
     <span class='ocr_line' id='line_1_63' title="bbox 229 3628 1562 3691; baseline 0.005 -19"><span class='ocrx_word' id='word_1_441' title='bbox 229 3628 569 3687; x_wconf 87' lang='lat' dir='ltr'><em>amplectuntur,</em></span> <span class='ocrx_word' id='word_1_442' title='bbox 594 3630 674 3687; x_wconf 89' lang='lat' dir='ltr'><strong><em>qui</em></strong></span> <span class='ocrx_word' id='word_1_443' title='bbox 692 3630 902 3675; x_wconf 82' lang='lat' dir='ltr'><em>visionem</em></span> <span class='ocrx_word' id='word_1_444' title='bbox 917 3632 1134 3678; x_wconf 87' lang='lat' dir='ltr'><em>inducunt</em></span> <span class='ocrx_word' id='word_1_445' title='bbox 1147 3648 1201 3678; x_wconf 89' lang='lat' dir='ltr'><strong><em>ne</em></strong></span> <span class='ocrx_word' id='word_1_446' title='bbox 1235 3639 1400 3691; x_wconf 88' lang='lat' dir='ltr'><em>antque</em></span> <span class='ocrx_word' id='word_1_447' title='bbox 1414 3649 1562 3679; x_wconf 88' lang='lat' dir='ltr'><em>veram</em></span> 
     </span>
     <span class='ocr_line' id='line_1_64' title="bbox 229 3685 1564 3750; baseline 0.004 -22"><span class='ocrx_word' id='word_1_448' title='bbox 229 3698 290 3729; x_wconf 85' lang='lat' dir='ltr'><strong><em>ex</em></strong></span> <span class='ocrx_word' id='word_1_449' title='bbox 323 3690 482 3729; x_wconf 88' lang='lat' dir='ltr'><em>sancta</em></span> <span class='ocrx_word' id='word_1_450' title='bbox 519 3685 691 3750; x_wconf 76' lang='lat' dir='ltr'><em>virqine</em></span> <span class='ocrx_word' id='word_1_451' title='bbox 726 3692 769 3730; x_wconf 95' lang='lat' dir='ltr'><strong><em>et</em></strong></span> <span class='ocrx_word' id='word_1_452' title='bbox 806 3686 878 3731; x_wconf 89' lang='lat' dir='ltr'><strong><em>dei</em></strong></span> <span class='ocrx_word' id='word_1_453' title='bbox 914 3689 1138 3745; x_wconf 76' lang='lat' dir='ltr'><em>qenetrice</em></span> <span class='ocrx_word' id='word_1_454' title='bbox 1217 3690 1317 3733; x_wconf 78' lang='lat' dir='ltr'><em>aria</em></span> <span class='ocrx_word' id='word_1_455' title='bbox 1354 3691 1564 3734; x_wconf 88' lang='lat' dir='ltr'><em>incarna-</em></span> 
     </span>
     <span class='ocr_line' id='line_1_65' title="bbox 232 3739 1567 3799; baseline 0.005 -16"><span class='ocrx_word' id='word_1_456' title='bbox 232 3740 392 3784; x_wconf 87' lang='lat' dir='ltr'><em>tionem</em></span> <span class='ocrx_word' id='word_1_457' title='bbox 428 3739 594 3784; x_wconf 84' lang='lat' dir='ltr'><em>domini</em></span> <span class='ocrx_word' id='word_1_458' title='bbox 635 3746 680 3786; x_wconf 92' lang='lat' dir='ltr'><strong><em>et</em></strong></span> <span class='ocrx_word' id='word_1_459' title='bbox 714 3742 956 3787; x_wconf 88' lang='lat' dir='ltr'><em>salvatoris</em></span> <span class='ocrx_word' id='word_1_460' title='bbox 990 3745 1135 3788; x_wconf 86' lang='lat' dir='ltr'><em>nostri</em></span> <span class='ocrx_word' id='word_1_461' title='bbox 1170 3745 1273 3790; x_wconf 86' lang='lat' dir='ltr'><em>Iesu</em></span> <span class='ocrx_word' id='word_1_462' title='bbox 1306 3745 1480 3799; x_wconf 76' lang='lat' dir='ltr'><em>Christi,</em></span> <span class='ocrx_word' id='word_1_463' title='bbox 1516 3746 1567 3789; x_wconf 89' lang='lat' dir='ltr'><strong><em>id</em></strong></span> 
     </span>
     <span class='ocr_line' id='line_1_66' title="bbox 230 3795 1564 3857; baseline 0.006 -19"><span class='ocrx_word' id='word_1_464' title='bbox 230 3801 297 3839; x_wconf 92' lang='lat' dir='ltr'><strong><em>est</em></strong></span> <span class='ocrx_word' id='word_1_465' title='bbox 322 3795 509 3840; x_wconf 89' lang='lat' dir='ltr'><em>salutem</em></span> <span class='ocrx_word' id='word_1_466' title='bbox 538 3801 751 3850; x_wconf 89' lang='lat' dir='ltr'><em>nostram,</em></span> <span class='ocrx_word' id='word_1_467' title='bbox 791 3813 933 3856; x_wconf 85' lang='lat' dir='ltr'><em>neque</em></span> <span class='ocrx_word' id='word_1_468' title='bbox 963 3807 1216 3857; x_wconf 77' lang='lat' dir='ltr'><em>aqnoscunt</em></span> <span class='ocrx_word' id='word_1_469' title='bbox 1251 3816 1348 3845; x_wconf 90' lang='lat' dir='ltr'><strong><em>eum</em></strong></span> <span class='ocrx_word' id='word_1_470' title='bbox 1378 3802 1564 3846; x_wconf 85' lang='lat' dir='ltr'><em>consub-</em></span> 
     </span>
     <span class='ocr_line' id='line_1_67' title="bbox 229 3851 1563 3911; baseline 0.006 -17"><span class='ocrx_word' id='word_1_471' title='bbox 229 3851 483 3895; x_wconf 90' lang='lat' dir='ltr'><em>stantialem</em></span> <span class='ocrx_word' id='word_1_472' title='bbox 523 3866 617 3896; x_wconf 88' lang='lat' dir='ltr'><em>esse</em></span> <span class='ocrx_word' id='word_1_473' title='bbox 636 3854 767 3911; x_wconf 89' lang='lat' dir='ltr'><em>patri</em></span> <span class='ocrx_word' id='word_1_474' title='bbox 794 3855 1034 3898; x_wconf 86' lang='lat' dir='ltr'><em>secundum</em></span> <span class='ocrx_word' id='word_1_475' title='bbox 1069 3856 1343 3901; x_wconf 90' lang='lat' dir='ltr'><em>divinitatem</em></span> <span class='ocrx_word' id='word_1_476' title='bbox 1381 3865 1425 3902; x_wconf 90' lang='lat' dir='ltr'><strong><em>et</em></strong></span> <span class='ocrx_word' id='word_1_477' title='bbox 1460 3872 1563 3902; x_wconf 92' lang='lat' dir='ltr'><em>con-</em></span> 
     </span>
     <span class='ocr_line' id='line_1_68' title="bbox 230 3906 1566 3971; baseline 0.006 -22"><span class='ocrx_word' id='word_1_478' title='bbox 230 3911 254 3950; x_wconf 83' lang='lat'>9</span> <span class='ocrx_word' id='word_1_479' title='bbox 298 3906 634 3952; x_wconf 83' lang='lat' dir='ltr'><em>substantialem</em></span> <span class='ocrx_word' id='word_1_480' title='bbox 649 3909 777 3952; x_wconf 89' lang='lat' dir='ltr'><em>nobis</em></span> <span class='ocrx_word' id='word_1_481' title='bbox 792 3911 1032 3954; x_wconf 88' lang='lat' dir='ltr'><em>secundum</em></span> <span class='ocrx_word' id='word_1_482' title='bbox 1048 3911 1377 3957; x_wconf 79' lang='lat' dir='ltr'><em>humanitatem.</em></span> <span class='ocrx_word' id='word_1_483' title='bbox 1410 3913 1566 3971; x_wconf 82' lang='lat' dir='ltr'><em>Neque</em></span> 
     </span>
     <span class='ocr_line' id='line_1_69' title="bbox 231 3962 1563 4026; baseline 0.006 -21"><span class='ocrx_word' id='word_1_484' title='bbox 231 3962 375 4006; x_wconf 87' lang='lat' dir='ltr'><em>minus</em></span> <span class='ocrx_word' id='word_1_485' title='bbox 388 3963 718 4020; x_wconf 83' lang='lat' dir='ltr'><em>Apollinarium</em></span> <span class='ocrx_word' id='word_1_486' title='bbox 749 3965 923 4009; x_wconf 88' lang='lat' dir='ltr'><em>animae</em></span> <span class='ocrx_word' id='word_1_487' title='bbox 958 3968 1350 4012; x_wconf 87' lang='lat' dir='ltr'><em>exterminatorem</em></span> <span class='ocrx_word' id='word_1_488' title='bbox 1386 3982 1563 4026; x_wconf 88' lang='lat' dir='ltr'><em>eosque,</em></span> 
     </span>
     <span class='ocr_line' id='line_1_70' title="bbox 232 4018 1566 4082; baseline 0.005 -21"><span class='ocrx_word' id='word_1_489' title='bbox 232 4018 309 4075; x_wconf 88' lang='lat' dir='ltr'><strong><em>qui</em></strong></span> <span class='ocrx_word' id='word_1_490' title='bbox 347 4018 442 4062; x_wconf 89' lang='lat' dir='ltr'><em>eius</em></span> <span class='ocrx_word' id='word_1_491' title='bbox 475 4020 738 4063; x_wconf 87' lang='lat' dir='ltr'><em>sententiam</em></span> <span class='ocrx_word' id='word_1_492' title='bbox 774 4021 974 4079; x_wconf 78' lang='lat' dir='ltr'><em>amplexi</em></span> <span class='ocrx_word' id='word_1_493' title='bbox 1009 4028 1115 4066; x_wconf 88' lang='lat' dir='ltr'><em>sunt</em></span> <span class='ocrx_word' id='word_1_494' title='bbox 1142 4024 1211 4068; x_wconf 89' lang='lat' dir='ltr'><strong><em>vel</em></strong></span> <span class='ocrx_word' id='word_1_495' title='bbox 1238 4024 1566 4082; x_wconf 87' lang='lat' dir='ltr'><em>amplectuntur</em></span> 
     </span>
     <span class='ocr_line' id='line_1_71' title="bbox 231 4074 1565 4124; baseline 0.006 -8"><span class='ocrx_word' id='word_1_496' title='bbox 231 4074 424 4118; x_wconf 81' lang='lat' dir='ltr'><em>dicentes</em></span> <span class='ocrx_word' id='word_1_497' title='bbox 480 4074 630 4118; x_wconf 91' lang='lat' dir='ltr'><em>anima</em></span> <span class='ocrx_word' id='word_1_498' title='bbox 687 4089 840 4120; x_wconf 85' lang='lat' dir='ltr'><em>carere</em></span> <span class='ocrx_word' id='word_1_499' title='bbox 897 4077 1121 4122; x_wconf 86' lang='lat' dir='ltr'><em>dominum</em></span> <span class='ocrx_word' id='word_1_500' title='bbox 1170 4086 1373 4123; x_wconf 86' lang='lat' dir='ltr'><em>nostrum</em></span> <span class='ocrx_word' id='word_1_501' title='bbox 1417 4078 1565 4124; x_wconf 90' lang='lat' dir='ltr'><em>Iesum</em></span> 
     </span>
     <span class='ocr_line' id='line_1_72' title="bbox 235 4128 1565 4192; baseline 0.005 -21"><span class='ocrx_word' id='word_1_502' title='bbox 235 4128 452 4172; x_wconf 85' lang='lat' dir='ltr'><em>Christum</em></span> <span class='ocrx_word' id='word_1_503' title='bbox 478 4129 622 4185; x_wconf 80' lang='lat' dir='ltr'><em>filium</em></span> <span class='ocrx_word' id='word_1_504' title='bbox 650 4129 722 4174; x_wconf 84' lang='lat' dir='ltr'><strong><em>dei</em></strong></span> <span class='ocrx_word' id='word_1_505' title='bbox 750 4138 793 4175; x_wconf 93' lang='lat' dir='ltr'><strong><em>et</em></strong></span> <span class='ocrx_word' id='word_1_506' title='bbox 811 4131 938 4175; x_wconf 86' lang='lat' dir='ltr'><em>deum</em></span> <span class='ocrx_word' id='word_1_507' title='bbox 967 4139 1169 4178; x_wconf 87' lang='lat' dir='ltr'><em>nostrum</em></span> <span class='ocrx_word' id='word_1_508' title='bbox 1198 4141 1241 4179; x_wconf 92' lang='lat' dir='ltr'><strong><em>et</em></strong></span> <span class='ocrx_word' id='word_1_509' title='bbox 1256 4136 1565 4192; x_wconf 84' lang='lat' dir='ltr'><em>confusionem</em></span> 
     </span>
     <span class='ocr_line' id='line_1_73' title="bbox 232 4184 1566 4248; baseline 0.004 -21"><span class='ocrx_word' id='word_1_510' title='bbox 232 4198 308 4228; x_wconf 88' lang='lat' dir='ltr'><strong><em>seu</em></strong></span> <span class='ocrx_word' id='word_1_511' title='bbox 326 4240 335 4248; x_wconf 35' lang='lat'><em>⁶</em></span> <span class='ocrx_word' id='word_1_512' title='bbox 338 4184 725 4248; x_wconf 83' lang='lat' dir='ltr'><em>perturbationem</em></span> <span class='ocrx_word' id='word_1_513' title='bbox 762 4188 1109 4244; x_wconf 79' lang='lat' dir='ltr'><em>superducentes</em></span> <span class='ocrx_word' id='word_1_514' title='bbox 1136 4190 1442 4235; x_wconf 79' lang='lat' dir='ltr'><em>incarnationi</em></span> <span class='ocrx_word' id='word_1_515' title='bbox 1469 4191 1566 4234; x_wconf 87' lang='lat' dir='ltr'><em>uni-</em></span> 
     </span>
     <span class='ocr_line' id='line_1_74' title="bbox 234 4240 1566 4299; baseline 0.006 -17"><span class='ocrx_word' id='word_1_516' title='bbox 234 4246 368 4295; x_wconf 71' lang='lat' dir='ltr'><em>qenzti</em></span> <span class='ocrx_word' id='word_1_517' title='bbox 394 4240 483 4296; x_wconf 83' lang='lat' dir='ltr'><em>filii</em></span> <span class='ocrx_word' id='word_1_518' title='bbox 512 4240 596 4293; x_wconf 89' lang='lat' dir='ltr'><em>dei,</em></span> <span class='ocrx_word' id='word_1_519' title='bbox 627 4254 863 4298; x_wconf 88' lang='lat' dir='ltr'><em>omnesque</em></span> <span class='ocrx_word' id='word_1_520' title='bbox 892 4243 970 4299; x_wconf 89' lang='lat' dir='ltr'><strong><em>qui</em></strong></span> <span class='ocrx_word' id='word_1_521' title='bbox 997 4258 1149 4288; x_wconf 89' lang='lat' dir='ltr'><em>eorum</em></span> <span class='ocrx_word' id='word_1_522' title='bbox 1184 4247 1446 4290; x_wconf 90' lang='lat' dir='ltr'><em>sententiam</em></span> <span class='ocrx_word' id='word_1_523' title='bbox 1476 4260 1566 4290; x_wconf 89' lang='lat' dir='ltr'><em>am-</em></span> 
     </span>
     <span class='ocr_line' id='line_1_75' title="bbox 234 4295 1565 4354; baseline 0.005 -17"><span class='ocrx_word' id='word_1_524' title='bbox 234 4295 360 4354; x_wconf 78' lang='lat' dir='ltr'><em>plexi</em></span> <span class='ocrx_word' id='word_1_525' title='bbox 387 4300 493 4340; x_wconf 88' lang='lat' dir='ltr'><em>sunt</em></span> <span class='ocrx_word' id='word_1_526' title='bbox 519 4295 590 4340; x_wconf 87' lang='lat' dir='ltr'><strong><em>vel</em></strong></span> <span class='ocrx_word' id='word_1_527' title='bbox 616 4297 954 4354; x_wconf 84' lang='lat' dir='ltr'><em>amplectuntur.</em></span> <span class='ocrx_word' id='word_1_528' title='bbox 1013 4299 1068 4343; x_wconf 92' lang='lat' dir='ltr'><strong><em>D.</em></strong></span> <span class='ocrx_word' id='word_1_529' title='bbox 1098 4300 1156 4343; x_wconf 92' lang='lat' dir='ltr'><strong><em>id.</em></strong></span> <span class='ocrx_word' id='word_1_530' title='bbox 1175 4299 1310 4345; x_wconf 77' lang='lat' dir='ltr'><em>Mart,</em></span> <span class='ocrx_word' id='word_1_531' title='bbox 1341 4301 1413 4345; x_wconf 88' lang='lat' dir='ltr'><em>dn.</em></span> <span class='ocrx_word' id='word_1_532' title='bbox 1431 4300 1565 4346; x_wconf 84' lang='lat' dir='ltr'><em>Iusti·</em></span> 
     </span>
     <span class='ocr_line' id='line_1_76' title="bbox 237 4352 800 4408; baseline 0.012 -20"><span class='ocrx_word' id='word_1_533' title='bbox 237 4362 368 4392; x_wconf 76' lang='lat' dir='ltr'><em>niano</em></span> <span class='ocrx_word' id='word_1_534' title='bbox 394 4365 472 4408; x_wconf 90' lang='lat' dir='ltr'><strong><em>pp.</em></strong></span> <span class='ocrx_word' id='word_1_535' title='bbox 506 4352 556 4395; x_wconf 90' lang='lat' dir='ltr'><strong><em>A.</em></strong></span> <span class='ocrx_word' id='word_1_536' title='bbox 589 4363 657 4394; x_wconf 83' lang='lat'><strong><em>111</em></strong></span> <span class='ocrx_word' id='word_1_537' title='bbox 682 4365 800 4395; x_wconf 87' lang='lat' dir='ltr'><em>cons.</em></span> 
     </span>
    </p>

    <p class='ocr_par' dir='ltr' id='par_1_13' title="bbox 242 4403 1567 4579">
     <span class='ocr_line' id='line_1_77' title="bbox 294 4403 1567 4469; baseline 0.007 -23"><span class='ocrx_word' id='word_1_538' title='bbox 294 4403 411 4465; x_wconf 77' lang='lat' dir='ltr'><em>Idem</em></span> <span class='ocrx_word' id='word_1_539' title='bbox 453 4405 683 4464; x_wconf 84' lang='lat' dir='ltr'><em>Ephesiis,</em></span> <span class='ocrx_word' id='word_1_540' title='bbox 722 4407 835 4450; x_wconf 88' lang='lat' dir='ltr'><em>idem</em></span> <span class='ocrx_word' id='word_1_541' title='bbox 878 4408 1256 4464; x_wconf 87' lang='lat' dir='ltr'><em>Caesariensibus,</em></span> <span class='ocrx_word' id='word_1_542' title='bbox 1294 4411 1408 4457; x_wconf 87' lang='lat' dir='ltr'><em>idem</em></span> <span class='ocrx_word' id='word_1_543' title='bbox 1440 4410 1567 4469; x_wconf 78' lang='lat' dir='ltr'><em>Cyzi·</em></span> 
     </span>
     <span class='ocr_line' id='line_1_78' title="bbox 243 4461 1567 4525; baseline 0.009 -27"><span class='ocrx_word' id='word_1_544' title='bbox 243 4471 369 4509; x_wconf 71' lang='lat' dir='ltr'><em>cenis,</em></span> <span class='ocrx_word' id='word_1_545' title='bbox 398 4461 510 4523; x_wconf 79' lang='lat' dir='ltr'><em>idem</em></span> <span class='ocrx_word' id='word_1_546' title='bbox 539 4462 765 4506; x_wconf 84' lang='lat' dir='ltr'><em>Amidenis</em></span> <span class='ocrx_word' id='word_1_547' title='bbox 796 4462 1109 4521; x_wconf 64' lang='lat' dir='ltr'><em>Dapezuntiis</em></span> <span class='ocrx_word' id='word_1_548' title='bbox 1141 4466 1567 4525; x_wconf 81' lang='lat' dir='ltr'><em>Hierosolymitanis</em></span> 
     </span>
     <span class='ocr_line' id='line_1_79' title="bbox 242 4513 1567 4579; baseline 0.01 -26"><span class='ocrx_word' id='word_1_549' title='bbox 242 4513 275 4554; x_wconf 83' lang='lat' dir='ltr'><em>A</em></span> <span class='ocrx_word' id='word_1_550' title='bbox 311 4526 445 4578; x_wconf 76' lang='lat' dir='ltr'><em>ameis</em></span> <span class='ocrx_word' id='word_1_551' title='bbox 472 4515 940 4575; x_wconf 76' lang='lat' dir='ltr'><em>Iustinianopolitanis</em></span> <span class='ocrx_word' id='word_1_552' title='bbox 966 4519 1298 4579; x_wconf 87' lang='lat' dir='ltr'><em>Theopolitanis</em></span> <span class='ocrx_word' id='word_1_553' title='bbox 1314 4522 1567 4567; x_wconf 83' lang='lat' dir='ltr'><em>Sebastenis</em></span> 
     </span>
    </p>

    <p class='ocr_par' dir='ltr' id='par_1_14' title="bbox 277 4569 816 4631">
     <span class='ocr_line' id='line_1_80' title="bbox 277 4569 816 4631; baseline 0.013 -21"><span class='ocrx_word' id='word_1_554' title='bbox 277 4569 525 4613; x_wconf 82' lang='lat' dir='ltr'><em>arscnszbus</em></span> <span class='ocrx_word' id='word_1_555' title='bbox 553 4573 816 4631; x_wconf 75' lang='lat' dir='ltr'><em>Ancyranis.</em></span> 
     </span>
    </p>
   </div>
   <div class='ocr_carea' id='block_1_11' title="bbox 1460 2470 2256 2522">
    <p class='ocr_par' dir='ltr' id='par_1_15' title="bbox 1460 2470 2256 2522">
     <span class='ocr_line' id='line_1_81' title="bbox 1460 2470 2256 2522; baseline -0.001 -11"><span class='ocrx_word' id='word_1_556' title='bbox 1460 2472 1514 2522; x_wconf 75' lang='lat'><strong><em>(2)</em></strong></span> <span class='ocrx_word' id='word_1_557' title='bbox 1546 2485 1577 2511; x_wconf 82' lang='lat' dir='ltr'><em>c.</em></span> <span class='ocrx_word' id='word_1_558' title='bbox 1596 2480 1613 2512; x_wconf 80' lang='lat'><strong>7</strong></span> <span class='ocrx_word' id='word_1_559' title='bbox 1647 2472 1757 2510; x_wconf 76' lang='lat' dir='ltr'><em>extat</em></span> <span class='ocrx_word' id='word_1_560' title='bbox 1787 2472 1827 2510; x_wconf 80' lang='lat' dir='ltr'><strong><em>in</em></strong></span> <span class='ocrx_word' id='word_1_561' title='bbox 1859 2470 2023 2510; x_wconf 80' lang='lat' dir='ltr'><em>Nomoc.</em></span> <span class='ocrx_word' id='word_1_562' title='bbox 2060 2471 2191 2511; x_wconf 75' lang='lat' dir='ltr'><em>Conse.</em></span> <span class='ocrx_word' id='word_1_563' title='bbox 2213 2470 2256 2510; x_wconf 91' lang='lat' dir='ltr'><em>B</em></span> 
     </span>
    </p>
   </div>
   <div class='ocr_carea' id='block_1_12' title="bbox 2664 135 2968 174">
    <p class='ocr_par' dir='ltr' id='par_1_16' title="bbox 2664 135 2968 174">
     <span class='ocr_line' id='line_1_82' title="bbox 2664 135 2968 174; baseline -0.013 0"><span class='ocrx_word' id='word_1_564' title='bbox 2664 136 2740 174; x_wconf 84' lang='lat' dir='ltr'><strong><em>DE</em></strong></span> <span class='ocrx_word' id='word_1_565' title='bbox 2780 135 2968 173; x_wconf 71' lang='lat' dir='ltr'>SUMMA</span> 
     </span>
    </p>
   </div>
   <div class='ocr_carea' id='block_1_13' title="bbox 1633 268 2988 2388">
    <p class='ocr_par' dir='ltr' id='par_1_17' title="bbox 1633 268 2988 2388">
     <span class='ocr_line' id='line_1_83' title="bbox 1635 268 2968 337; baseline -0.002 -24"><span class='ocrx_word' id='word_1_566' title='bbox 1635 269 1807 314; x_wconf 83' lang='grc' dir='ltr'><strong><em>πόλεως</em></strong></span> <span class='ocrx_word' id='word_1_567' title='bbox 1845 273 1920 311; x_wconf 84' lang='grc' dir='ltr'><strong><em>καὶ</em></strong></span> <span class='ocrx_word' id='word_1_568' title='bbox 1959 269 2246 326; x_wconf 74' lang='grc' dir='ltr'><strong><em>οἰκουμενικῷ</em></strong></span> <span class='ocrx_word' id='word_1_569' title='bbox 2287 268 2550 337; x_wconf 80' lang='grc' dir='ltr'><strong><em>πατριάρχῃ.</em></strong></span> <span class='ocrx_word' id='word_1_570' title='bbox 2584 268 2845 312; x_wconf 84' lang='grc' dir='ltr'><strong><em>Γανώσκειν</em></strong></span> <span class='ocrx_word' id='word_1_571' title='bbox 2872 271 2968 324; x_wconf 77' lang='grc' dir='ltr'><strong><em>βου-</em></strong></span> 
     </span>
     <span class='ocr_line' id='line_1_84' title="bbox 1635 321 2973 385; baseline -0.001 -18"><span class='ocrx_word' id='word_1_572' title='bbox 1635 323 1815 380; x_wconf 86' lang='grc' dir='ltr'><strong><em>λόμενοι</em></strong></span> <span class='ocrx_word' id='word_1_573' title='bbox 1857 321 1943 376; x_wconf 82' lang='grc' dir='ltr'><strong><em>τὴν</em></strong></span> <span class='ocrx_word' id='word_1_574' title='bbox 1986 321 2070 378; x_wconf 83' lang='grc' dir='ltr'><strong><em>σὴν</em></strong></span> <span class='ocrx_word' id='word_1_575' title='bbox 2109 321 2372 385; x_wconf 80' lang='grc' dir='ltr'><strong><em>ἁγιωσύνην</em></strong></span> <span class='ocrx_word' id='word_1_576' title='bbox 2414 340 2567 370; x_wconf 86' lang='grc' dir='ltr'><strong><em>παντα</em></strong></span> <span class='ocrx_word' id='word_1_577' title='bbox 2609 322 2667 368; x_wconf 81' lang='grc' dir='ltr'><strong><em>τὰ</em></strong></span> <span class='ocrx_word' id='word_1_578' title='bbox 2717 324 2778 368; x_wconf 84' lang='grc' dir='ltr'><strong><em>εἰς</em></strong></span> <span class='ocrx_word' id='word_1_579' title='bbox 2828 321 2973 377; x_wconf 75' lang='grc' dir='ltr'><strong><em>ἐκκλη-</em></strong></span> 
     </span>
     <span class='ocr_line' id='line_1_85' title="bbox 1635 374 2975 439; baseline -0.001 -17"><span class='ocrx_word' id='word_1_580' title='bbox 1635 375 1870 431; x_wconf 82' lang='grc' dir='ltr'><strong><em>σιαστικὴν</em></strong></span> <span class='ocrx_word' id='word_1_581' title='bbox 1907 374 2087 436; x_wconf 83' lang='grc' dir='ltr'><strong><em>ὁρῶντα</em></strong></span> <span class='ocrx_word' id='word_1_582' title='bbox 2122 380 2400 426; x_wconf 86' lang='grc' dir='ltr'><strong><em>κατάστασιν</em></strong></span> <span class='ocrx_word' id='word_1_583' title='bbox 2428 375 2673 439; x_wconf 84' lang='grc' dir='ltr'><strong><em>ἀναγκαῖον</em></strong></span> <span class='ocrx_word' id='word_1_584' title='bbox 2711 375 2975 439; x_wconf 78' lang='grc' dir='ltr'><strong><em>ἡγησάμεθα</em></strong></span> 
     </span>
     <span class='ocr_line' id='line_1_86' title="bbox 1633 429 2976 495; baseline 0 -18"><span class='ocrx_word' id='word_1_585' title='bbox 1633 431 1818 477; x_wconf 82' lang='grc' dir='ltr'><strong><em>ταύταις</em></strong></span> <span class='ocrx_word' id='word_1_586' title='bbox 1845 431 1956 490; x_wconf 83' lang='grc' dir='ltr'><strong><em>πρὸς</em></strong></span> <span class='ocrx_word' id='word_1_587' title='bbox 1985 429 2087 477; x_wconf 70' lang='grc' dir='ltr'><strong><em>αὖτ’</em></strong></span> <span class='ocrx_word' id='word_1_588' title='bbox 2152 437 2407 495; x_wconf 80' lang='grc' dir='ltr'><strong><em>χρήσασθαι</em></strong></span> <span class='ocrx_word' id='word_1_589' title='bbox 2437 440 2533 479; x_wconf 89' lang='grc' dir='ltr'><strong><em>ταῖς</em></strong></span> <span class='ocrx_word' id='word_1_590' title='bbox 2561 436 2710 478; x_wconf 82' lang='grc' dir='ltr'><strong><em>θείαις</em></strong></span> <span class='ocrx_word' id='word_1_591' title='bbox 2737 433 2976 490; x_wconf 79' lang='grc' dir='ltr'><strong><em>συλλαβαῖς</em></strong></span> 
     </span>
     <span class='ocr_line' id='line_1_87' title="bbox 1635 485 2976 552; baseline -0.001 -20"><span class='ocrx_word' id='word_1_592' title='bbox 1635 493 1710 532; x_wconf 85' lang='grc' dir='ltr'><strong><em>καὶ</em></strong></span> <span class='ocrx_word' id='word_1_593' title='bbox 1739 486 1800 531; x_wconf 77' lang='grc' dir='ltr'><strong><em>δι’</em></strong></span> <span class='ocrx_word' id='word_1_594' title='bbox 1835 485 1990 532; x_wconf 78' lang='grc' dir='ltr'><strong><em>αὐτῶν</em></strong></span> <span class='ocrx_word' id='word_1_595' title='bbox 2019 487 2072 543; x_wconf 86' lang='grc' dir='ltr'><strong><em>δῆ</em></strong></span> <span class='ocrx_word' id='word_1_596' title='bbox 2100 508 2128 533; x_wconf 91' lang='grc' dir='ltr'><strong><em>α</em></strong></span> <span class='ocrx_word' id='word_1_597' title='bbox 2164 490 2277 552; x_wconf 77' lang='grc' dir='ltr'><strong><em>αὗτῇ</em></strong></span> <span class='ocrx_word' id='word_1_598' title='bbox 2307 493 2584 546; x_wconf 83' lang='grc' dir='ltr'><strong><em>καταστῆσαι</em></strong></span> <span class='ocrx_word' id='word_1_599' title='bbox 2625 490 2683 534; x_wconf 82' lang='grc' dir='ltr'><strong><em>τὰ</em></strong></span> <span class='ocrx_word' id='word_1_600' title='bbox 2716 490 2976 544; x_wconf 81' lang='grc' dir='ltr'><strong><em>κινηθέντα,</em></strong></span> 
     </span>
     <span class='ocr_line' id='line_1_88' title="bbox 1641 541 2978 603; baseline -0.001 -15"><span class='ocrx_word' id='word_1_601' title='bbox 1641 550 1657 588; x_wconf 89' lang='lat'>1</span> <span class='ocrx_word' id='word_1_602' title='bbox 1718 541 1833 602; x_wconf 83' lang='grc' dir='ltr'><strong><em>ἅπερ</em></strong></span> <span class='ocrx_word' id='word_1_603' title='bbox 1882 548 1957 586; x_wconf 81' lang='grc' dir='ltr'><strong><em>καὶ</em></strong></span> <span class='ocrx_word' id='word_1_604' title='bbox 2003 541 2143 599; x_wconf 76' lang='grc' dir='ltr'><strong><em>αὐτὴν</em></strong></span> <span class='ocrx_word' id='word_1_605' title='bbox 2178 545 2344 591; x_wconf 86' lang='grc' dir='ltr'><strong><em>εἰδέναι</em></strong></span> <span class='ocrx_word' id='word_1_606' title='bbox 2389 547 2688 602; x_wconf 85' lang='grc' dir='ltr'><strong><em>πεπείσμεθα.</em></strong></span> <span class='ocrx_word' id='word_1_607' title='bbox 2759 541 2978 603; x_wconf 77' lang='grc' dir='ltr'><strong><em>Εὗρόντες</em></strong></span> 
     </span>
     <span class='ocr_line' id='line_1_89' title="bbox 1633 596 2976 662; baseline -0.001 -19"><span class='ocrx_word' id='word_1_608' title='bbox 1633 600 1718 659; x_wconf 88' lang='grc' dir='ltr'><strong><em>γάρ</em></strong></span> <span class='ocrx_word' id='word_1_609' title='bbox 1747 614 1875 643; x_wconf 87' lang='grc' dir='ltr'><strong><em>τινας</em></strong></span> <span class='ocrx_word' id='word_1_610' title='bbox 1902 596 2154 657; x_wconf 75' lang='grc' dir='ltr'><strong><em>ἀλλοτρίους</em></strong></span> <span class='ocrx_word' id='word_1_611' title='bbox 2180 605 2257 658; x_wconf 85' lang='grc' dir='ltr'><strong><em>τῆς</em></strong></span> <span class='ocrx_word' id='word_1_612' title='bbox 2284 600 2408 662; x_wconf 83' lang='grc' dir='ltr'><strong><em>ἁγίας</em></strong></span> <span class='ocrx_word' id='word_1_613' title='bbox 2436 601 2676 657; x_wconf 85' lang='grc' dir='ltr'><strong><em>καθολικῆς</em></strong></span> <span class='ocrx_word' id='word_1_614' title='bbox 2698 604 2773 643; x_wconf 79' lang='grc' dir='ltr'><strong><em>καὶ</em></strong></span> <span class='ocrx_word' id='word_1_615' title='bbox 2789 597 2976 644; x_wconf 84' lang='grc' dir='ltr'><strong><em>ἀποστο-</em></strong></span> 
     </span>
     <span class='ocr_line' id='line_1_90' title="bbox 1637 652 2977 717; baseline -0.001 -19"><span class='ocrx_word' id='word_1_616' title='bbox 1637 656 1755 710; x_wconf 83' lang='grc' dir='ltr'><strong><em>λικῆς</em></strong></span> <span class='ocrx_word' id='word_1_617' title='bbox 1791 653 1893 697; x_wconf 79' lang='grc' dir='ltr'><strong><em>ἐκκλ</em></strong></span> <span class='ocrx_word' id='word_1_618' title='bbox 1922 660 2038 707; x_wconf 87' lang='grc' dir='ltr'><strong><em>σίας,</em></strong></span> <span class='ocrx_word' id='word_1_619' title='bbox 2074 658 2131 717; x_wconf 84' lang='grc' dir='ltr'><strong><em>τῇ</em></strong></span> <span class='ocrx_word' id='word_1_620' title='bbox 2165 660 2261 700; x_wconf 85' lang='grc' dir='ltr'><strong><em>τῶν</em></strong></span> <span class='ocrx_word' id='word_1_621' title='bbox 2290 656 2472 715; x_wconf 81' lang='grc' dir='ltr'><strong><em>ἀσεβῶν</em></strong></span> <span class='ocrx_word' id='word_1_622' title='bbox 2501 661 2747 714; x_wconf 89' lang='grc' dir='ltr'><strong><em>Νεστορίου</em></strong></span> <span class='ocrx_word' id='word_1_623' title='bbox 2785 659 2860 699; x_wconf 86' lang='grc' dir='ltr'><strong><em>καὶ</em></strong></span> <span class='ocrx_word' id='word_1_624' title='bbox 2891 652 2977 697; x_wconf 69' lang='grc' dir='ltr'><strong><em>Εὖ·</em></strong></span> 
     </span>
     <span class='ocr_line' id='line_1_91' title="bbox 1636 707 2976 773; baseline -0.001 -19"><span class='ocrx_word' id='word_1_625' title='bbox 1636 715 1783 764; x_wconf 87' lang='grc' dir='ltr'><strong><em>τυχέος</em></strong></span> <span class='ocrx_word' id='word_1_626' title='bbox 1811 707 1892 752; x_wconf 85' lang='grc' dir='ltr'><strong><em>ἀκο</em></strong></span> <span class='ocrx_word' id='word_1_627' title='bbox 1974 711 2169 755; x_wconf 91' lang='grc' dir='ltr'><strong><em>θοῦντας</em></strong></span> <span class='ocrx_word' id='word_1_628' title='bbox 2197 711 2344 773; x_wconf 85' lang='grc' dir='ltr'><strong><em>πλάνῃ</em></strong></span> <span class='ocrx_word' id='word_1_629' title='bbox 2368 718 2442 757; x_wconf 87' lang='grc' dir='ltr'><strong><em>καὶ</em></strong></span> <span class='ocrx_word' id='word_1_630' title='bbox 2465 718 2562 757; x_wconf 89' lang='grc' dir='ltr'><strong><em>ταῖς</em></strong></span> <span class='ocrx_word' id='word_1_631' title='bbox 2579 712 2756 756; x_wconf 86' lang='grc' dir='ltr'><strong><em>τούτων</em></strong></span> <span class='ocrx_word' id='word_1_632' title='bbox 2780 709 2976 767; x_wconf 79' lang='grc' dir='ltr'><strong><em>βλασφη-</em></strong></span> 
     </span>
     <span class='ocr_line' id='line_1_92' title="bbox 1635 762 2978 842; baseline -0.001 -32"><span class='ocrx_word' id='word_1_633' title='bbox 1635 773 1758 824; x_wconf 85' lang='grc' dir='ltr'><strong><em>μίαις</em></strong></span> <span class='ocrx_word' id='word_1_634' title='bbox 1794 770 2092 823; x_wconf 82' lang='grc' dir='ltr'><strong><em>κεχρημένους,</em></strong></span> <span class='ocrx_word' id='word_1_635' title='bbox 2127 769 2260 812; x_wconf 87' lang='grc' dir='ltr'><strong><em>θεῖον</em></strong></span> <span class='ocrx_word' id='word_1_636' title='bbox 2295 768 2614 842; x_wconf 56' lang='grc' dir='ltr'><strong><em>προεθήκαμεν</em></strong></span> <span class='ocrx_word' id='word_1_637' title='bbox 2643 766 2837 823; x_wconf 78' lang='grc' dir='ltr'><strong><em>ἧδικτον,</em></strong></span> <span class='ocrx_word' id='word_1_638' title='bbox 2866 762 2978 823; x_wconf 75' lang='grc' dir='ltr'><strong><em>ὅπερ</em></strong></span> 
     </span>
     <span class='ocr_line' id='line_1_93' title="bbox 1637 818 2978 882; baseline -0.001 -17"><span class='ocrx_word' id='word_1_639' title='bbox 1637 827 1711 865; x_wconf 84' lang='grc' dir='ltr'><strong><em>καὶ</em></strong></span> <span class='ocrx_word' id='word_1_640' title='bbox 1740 818 1767 876; x_wconf 82' lang='grc' dir='ltr'>ἡ</span> <span class='ocrx_word' id='word_1_641' title='bbox 1795 821 1851 876; x_wconf 83' lang='grc' dir='ltr'><strong><em>σὴ</em></strong></span> <span class='ocrx_word' id='word_1_642' title='bbox 1877 821 2088 880; x_wconf 81' lang='grc' dir='ltr'><strong><em>γινώσκει</em></strong></span> <span class='ocrx_word' id='word_1_643' title='bbox 2121 820 2361 882; x_wconf 86' lang='grc' dir='ltr'><strong><em>ἁγιωσύνη,</em></strong></span> <span class='ocrx_word' id='word_1_644' title='bbox 2402 824 2464 869; x_wconf 82' lang='grc' dir='ltr'><strong><em>δι’</em></strong></span> <span class='ocrx_word' id='word_1_645' title='bbox 2497 842 2546 868; x_wconf 91' lang='grc' dir='ltr'><strong><em>ου</em></strong></span> <span class='ocrx_word' id='word_1_646' title='bbox 2582 823 2666 879; x_wconf 86' lang='grc' dir='ltr'><strong><em>τὴν</em></strong></span> <span class='ocrx_word' id='word_1_647' title='bbox 2692 824 2792 867; x_wconf 89' lang='grc' dir='ltr'><strong><em>τῶν</em></strong></span> <span class='ocrx_word' id='word_1_648' title='bbox 2820 821 2978 879; x_wconf 85' lang='grc' dir='ltr'><strong><em>αἱρετι-</em></strong></span> 
     </span>
     <span class='ocr_line' id='line_1_94' title="bbox 1638 875 2980 936; baseline -0.001 -15"><span class='ocrx_word' id='word_1_649' title='bbox 1638 881 1734 921; x_wconf 83' lang='grc' dir='ltr'><strong><em>κῶν</em></strong></span> <span class='ocrx_word' id='word_1_650' title='bbox 1760 883 1932 933; x_wconf 84' lang='grc' dir='ltr'><strong><em>μανίαν</em></strong></span> <span class='ocrx_word' id='word_1_651' title='bbox 1959 875 2212 936; x_wconf 80' lang='grc' dir='ltr'><strong><em>ἦλέγξαμεν,</em></strong></span> <span class='ocrx_word' id='word_1_652' title='bbox 2243 877 2376 923; x_wconf 78' lang='grc' dir='ltr'><strong><em>οὐδὲν</em></strong></span> <span class='ocrx_word' id='word_1_653' title='bbox 2405 879 2636 925; x_wconf 78' lang='grc' dir='ltr'><strong><em>παντελῶς</em></strong></span> <span class='ocrx_word' id='word_1_654' title='bbox 2661 876 2980 928; x_wconf 74' lang='grc' dir='ltr'><strong><em>ἐναλλάξαντες</em></strong></span> 
     </span>
     <span class='ocr_line' id='line_1_95' title="bbox 1637 930 2980 993; baseline -0.001 -17"><span class='ocrx_word' id='word_1_655' title='bbox 1637 931 1664 989; x_wconf 80' lang='grc' dir='ltr'><em>ἢ</em></span> <span class='ocrx_word' id='word_1_656' title='bbox 1705 932 2045 976; x_wconf 79' lang='grc' dir='ltr'><strong><em>ἐναλλάττοντες</em></strong></span> <span class='ocrx_word' id='word_1_657' title='bbox 2074 933 2101 989; x_wconf 84' lang='grc' dir='ltr'>ἢ</span> <span class='ocrx_word' id='word_1_658' title='bbox 2136 935 2491 993; x_wconf 81' lang='grc' dir='ltr'><strong><em>παρεξελθόντες</em></strong></span> <span class='ocrx_word' id='word_1_659' title='bbox 2526 938 2603 990; x_wconf 83' lang='grc' dir='ltr'><strong><em>τῆς</em></strong></span> <span class='ocrx_word' id='word_1_660' title='bbox 2630 939 2755 992; x_wconf 87' lang='grc' dir='ltr'><strong><em>μέχρι</em></strong></span> <span class='ocrx_word' id='word_1_661' title='bbox 2784 935 2869 977; x_wconf 88' lang='grc' dir='ltr'><strong><em>νῦν</em></strong></span> <span class='ocrx_word' id='word_1_662' title='bbox 2897 930 2980 975; x_wconf 79' lang='grc' dir='ltr'><strong><em>σύν</em></strong></span> 
     </span>
     <span class='ocr_line' id='line_1_96' title="bbox 1638 987 2982 1047; baseline -0.001 -14"><span class='ocrx_word' id='word_1_663' title='bbox 1638 991 1740 1044; x_wconf 76' lang='grc' dir='ltr'><strong><em>θεῷ</em></strong></span> <span class='ocrx_word' id='word_1_664' title='bbox 1769 988 2013 1047; x_wconf 84' lang='grc' dir='ltr'><strong><em>κρατούσης</em></strong></span> <span class='ocrx_word' id='word_1_665' title='bbox 2028 988 2385 1043; x_wconf 72' lang='grc' dir='ltr'><strong><em>ἐκκλησιαστικ”ς</em></strong></span> <span class='ocrx_word' id='word_1_666' title='bbox 2409 991 2733 1043; x_wconf 84' lang='grc' dir='ltr'><strong><em>καταστάσεως,</em></strong></span> <span class='ocrx_word' id='word_1_667' title='bbox 2749 987 2877 1032; x_wconf 82' lang='grc' dir='ltr'><strong><em>καθὰ</em></strong></span> <span class='ocrx_word' id='word_1_668' title='bbox 2906 991 2982 1032; x_wconf 81' lang='grc' dir='ltr'><strong><em>καὶ.</em></strong></span> 
     </span>
     <span class='ocr_line' id='line_1_97' title="bbox 1638 1042 2980 1104; baseline -0.001 -16"><span class='ocrx_word' id='word_1_669' title='bbox 1638 1042 1664 1100; x_wconf 80' lang='grc' dir='ltr'><strong><em>ἡ</em></strong></span> <span class='ocrx_word' id='word_1_670' title='bbox 1693 1043 1749 1099; x_wconf 87' lang='grc' dir='ltr'><strong><em>σὴ</em></strong></span> <span class='ocrx_word' id='word_1_671' title='bbox 1767 1044 1978 1103; x_wconf 81' lang='grc' dir='ltr'><strong><em>γινώσκει</em></strong></span> <span class='ocrx_word' id='word_1_672' title='bbox 1996 1045 2277 1103; x_wconf 87' lang='grc' dir='ltr'><strong><em>μακαριότης,</em></strong></span> <span class='ocrx_word' id='word_1_673' title='bbox 2305 1044 2333 1089; x_wconf 85' lang='grc' dir='ltr'><strong><em>ἀ</em></strong></span> <span class='ocrx_word' id='word_1_674' title='bbox 2363 1045 2417 1089; x_wconf 88' lang='grc' dir='ltr'><strong><em>λὰ</em></strong></span> <span class='ocrx_word' id='word_1_675' title='bbox 2438 1045 2513 1090; x_wconf 81' lang='grc' dir='ltr'><strong><em>διὰ</em></strong></span> <span class='ocrx_word' id='word_1_676' title='bbox 2530 1046 2720 1092; x_wconf 87' lang='grc' dir='ltr'><strong><em>πάντων</em></strong></span> <span class='ocrx_word' id='word_1_677' title='bbox 2739 1043 2980 1104; x_wconf 86' lang='grc' dir='ltr'><strong><em>φυλάττον·</em></strong></span> 
     </span>
     <span class='ocr_line' id='line_1_98' title="bbox 1637 1094 2982 1168; baseline -0.002 -24"><span class='ocrx_word' id='word_1_678' title='bbox 1637 1117 1708 1144; x_wconf 87' lang='grc' dir='ltr'><strong><em>τες</em></strong></span> <span class='ocrx_word' id='word_1_679' title='bbox 1750 1100 1833 1155; x_wconf 80' lang='grc' dir='ltr'><strong><em>τὴν</em></strong></span> <span class='ocrx_word' id='word_1_680' title='bbox 1877 1094 2152 1143; x_wconf 81' lang='grc' dir='ltr'><strong><em>κατάστασιν</em></strong></span> <span class='ocrx_word' id='word_1_681' title='bbox 2195 1103 2272 1156; x_wconf 86' lang='grc' dir='ltr'><strong><em>τῆς</em></strong></span> <span class='ocrx_word' id='word_1_682' title='bbox 2315 1102 2519 1146; x_wconf 85' lang='grc' dir='ltr'><strong><em>ἑνώσεως</em></strong></span> <span class='ocrx_word' id='word_1_683' title='bbox 2565 1104 2663 1145; x_wconf 87' lang='grc' dir='ltr'><strong><em>τῶν</em></strong></span> <span class='ocrx_word' id='word_1_684' title='bbox 2714 1098 2982 1168; x_wconf 76' lang='grc' dir='ltr'><strong><em>ἁγιωτάτων</em></strong></span> 
     </span>
     <span class='ocr_line' id='line_1_99' title="bbox 1640 1154 2980 1215; baseline -0.001 -17"><span class='ocrx_word' id='word_1_685' title='bbox 1640 1156 1885 1210; x_wconf 79' lang='grc' dir='ltr'><strong><em>ἐκκλησιῶν</em></strong></span> <span class='ocrx_word' id='word_1_686' title='bbox 1912 1156 1987 1209; x_wconf 80' lang='grc' dir='ltr'><strong><em>τῆς</em></strong></span> <span class='ocrx_word' id='word_1_687' title='bbox 2012 1156 2120 1215; x_wconf 86' lang='grc' dir='ltr'><strong><em>πρὸς</em></strong></span> <span class='ocrx_word' id='word_1_688' title='bbox 2147 1156 2230 1199; x_wconf 87' lang='grc' dir='ltr'><strong><em>τὸν</em></strong></span> <span class='ocrx_word' id='word_1_689' title='bbox 2257 1154 2512 1215; x_wconf 85' lang='grc' dir='ltr'><strong><em>ἁγιώτατον</em></strong></span> <span class='ocrx_word' id='word_1_690' title='bbox 2526 1156 2687 1203; x_wconf 90' lang='grc' dir='ltr'><strong><em>πάπαν</em></strong></span> <span class='ocrx_word' id='word_1_691' title='bbox 2700 1171 2777 1212; x_wconf 90' lang='grc' dir='ltr'><strong><em>της</em></strong></span> <span class='ocrx_word' id='word_1_692' title='bbox 2792 1159 2980 1214; x_wconf 82' lang='grc' dir='ltr'><strong><em>πρεσβυ-</em></strong></span> 
     </span>
     <span class='ocr_line' id='line_1_100' title="bbox 1638 1207 2981 1282; baseline -0.001 -28"><span class='ocrx_word' id='word_1_693' title='bbox 1638 1217 1765 1272; x_wconf 87' lang='grc' dir='ltr'><strong><em>τέρας</em></strong></span> <span class='ocrx_word' id='word_1_694' title='bbox 1794 1208 1956 1268; x_wconf 83' lang='grc' dir='ltr'><strong><em>Ῥώμης</em></strong></span> <span class='ocrx_word' id='word_1_695' title='bbox 1993 1216 2066 1254; x_wconf 83' lang='grc' dir='ltr'><strong><em>καὶ</em></strong></span> <span class='ocrx_word' id='word_1_696' title='bbox 2106 1210 2398 1272; x_wconf 86' lang='grc' dir='ltr'><strong><em>πατριάρχην,</em></strong></span> <span class='ocrx_word' id='word_1_697' title='bbox 2438 1213 2550 1272; x_wconf 83' lang='grc' dir='ltr'><strong><em>πρὸς</em></strong></span> <span class='ocrx_word' id='word_1_698' title='bbox 2577 1210 2631 1256; x_wconf 78' lang='grc' dir='ltr'><strong><em>ὃν</em></strong></span> <span class='ocrx_word' id='word_1_699' title='bbox 2659 1217 2734 1256; x_wconf 82' lang='grc' dir='ltr'><strong><em>καὶ</em></strong></span> <span class='ocrx_word' id='word_1_700' title='bbox 2762 1211 2820 1256; x_wconf 84' lang='grc' dir='ltr'><strong><em>τὰ</em></strong></span> <span class='ocrx_word' id='word_1_701' title='bbox 2848 1207 2981 1282; x_wconf 74' lang='grc' dir='ltr'><strong><em>ὅμοια</em></strong></span> 
     </span>
     <span class='ocr_line' id='line_1_101' title="bbox 1641 1266 2982 1328; baseline -0.004 -16"><span class='ocrx_word' id='word_1_702' title='bbox 1641 1274 1664 1312; x_wconf 83' lang='lat'>2</span> <span class='ocrx_word' id='word_1_703' title='bbox 1721 1266 1892 1310; x_wconf 82' lang='grc' dir='ltr'><strong><em>τούτοις</em></strong></span> <span class='ocrx_word' id='word_1_704' title='bbox 1943 1266 2239 1325; x_wconf 86' lang='grc' dir='ltr'><strong><em>γεγράφαμεν.</em></strong></span> <span class='ocrx_word' id='word_1_705' title='bbox 2326 1268 2439 1311; x_wconf 79' lang='grc' dir='ltr'><strong><em>Οὔτε</em></strong></span> <span class='ocrx_word' id='word_1_706' title='bbox 2495 1268 2580 1328; x_wconf 88' lang='grc' dir='ltr'><strong><em>γὰρ</em></strong></span> <span class='ocrx_word' id='word_1_707' title='bbox 2631 1266 2889 1324; x_wconf 80' lang='grc' dir='ltr'><strong><em>ἀνεχόμεθα</em></strong></span> <span class='ocrx_word' id='word_1_708' title='bbox 2937 1281 2982 1308; x_wconf 84' lang='grc' dir='ltr'><strong><em>τι</em></strong></span> 
     </span>
     <span class='ocr_line' id='line_1_102' title="bbox 1641 1320 2983 1380; baseline 0 -14"><span class='ocrx_word' id='word_1_709' title='bbox 1641 1325 1735 1366; x_wconf 85' lang='grc' dir='ltr'><strong><em>τῶν</em></strong></span> <span class='ocrx_word' id='word_1_710' title='bbox 1772 1326 1831 1366; x_wconf 88' lang='grc' dir='ltr'><strong><em>εἰς</em></strong></span> <span class='ocrx_word' id='word_1_711' title='bbox 1867 1322 2232 1377; x_wconf 81' lang='grc' dir='ltr'><strong><em>ἐκκλησιαστικὴν</em></strong></span> <span class='ocrx_word' id='word_1_712' title='bbox 2269 1320 2487 1380; x_wconf 80' lang='grc' dir='ltr'><strong><em>ὁρώντων</em></strong></span> <span class='ocrx_word' id='word_1_713' title='bbox 2516 1322 2794 1367; x_wconf 86' lang='grc' dir='ltr'><strong><em>κατάστασιν</em></strong></span> <span class='ocrx_word' id='word_1_714' title='bbox 2820 1322 2882 1379; x_wconf 78' lang='grc' dir='ltr'><strong><em>μὴ</em></strong></span> <span class='ocrx_word' id='word_1_715' title='bbox 2908 1323 2983 1365; x_wconf 78' lang='grc' dir='ltr'><strong><em>καὶ</em></strong></span> 
     </span>
     <span class='ocr_line' id='line_1_103' title="bbox 1641 1375 2982 1439; baseline -0.001 -18"><span class='ocrx_word' id='word_1_716' title='bbox 1641 1382 1696 1439; x_wconf 84' lang='grc' dir='ltr'><strong><em>τῇ</em></strong></span> <span class='ocrx_word' id='word_1_717' title='bbox 1727 1378 1862 1421; x_wconf 78' lang='grc' dir='ltr'><strong><em>αὐτοῦ</em></strong></span> <span class='ocrx_word' id='word_1_718' title='bbox 1899 1377 2209 1436; x_wconf 78' lang='grc' dir='ltr'><strong><em>ἀναφέρεσθαι</em></strong></span> <span class='ocrx_word' id='word_1_719' title='bbox 2237 1378 2547 1438; x_wconf 84' lang='grc' dir='ltr'><strong><em>μακαριότητι,</em></strong></span> <span class='ocrx_word' id='word_1_720' title='bbox 2588 1375 2648 1422; x_wconf 63' lang='lat' dir='ltr'><em>ozie</em></span> <span class='ocrx_word' id='word_1_721' title='bbox 2675 1377 2844 1438; x_wconf 84' lang='grc' dir='ltr'><strong><em>κεφαλῇ</em></strong></span> <span class='ocrx_word' id='word_1_722' title='bbox 2873 1377 2982 1434; x_wconf 79' lang='grc' dir='ltr'><strong><em>οὔσῃ</em></strong></span> 
     </span>
     <span class='ocr_line' id='line_1_104' title="bbox 1640 1430 2984 1502; baseline -0.003 -23"><span class='ocrx_word' id='word_1_723' title='bbox 1640 1434 1830 1480; x_wconf 88' lang='grc' dir='ltr'><strong><em>πάντων</em></strong></span> <span class='ocrx_word' id='word_1_724' title='bbox 1845 1436 1941 1478; x_wconf 89' lang='grc' dir='ltr'><strong><em>τῶν</em></strong></span> <span class='ocrx_word' id='word_1_725' title='bbox 1956 1431 2251 1502; x_wconf 79' lang='grc' dir='ltr'><strong><em>ἁγιωτάτων3</em></strong></span> <span class='ocrx_word' id='word_1_726' title='bbox 2280 1437 2359 1478; x_wconf 91' lang='grc' dir='ltr'><strong><em>τοῦ</em></strong></span> <span class='ocrx_word' id='word_1_727' title='bbox 2377 1436 2487 1478; x_wconf 88' lang='grc' dir='ltr'><strong><em>θεοῦ</em></strong></span> <span class='ocrx_word' id='word_1_728' title='bbox 2520 1434 2688 1493; x_wconf 86' lang='grc' dir='ltr'><strong><em>ἱερέων,</em></strong></span> <span class='ocrx_word' id='word_1_729' title='bbox 2718 1438 2792 1476; x_wconf 85' lang='grc' dir='ltr'><strong><em>καὶ</em></strong></span> <span class='ocrx_word' id='word_1_730' title='bbox 2817 1430 2984 1488; x_wconf 76' lang='grc' dir='ltr'><strong><em>ἐπειδὴ,</em></strong></span> 
     </span>
     <span class='ocr_line' id='line_1_105' title="bbox 1640 1487 2983 1550; baseline -0.001 -16"><span class='ocrx_word' id='word_1_731' title='bbox 1640 1488 1788 1534; x_wconf 85' lang='grc' dir='ltr'><strong><em>ὁσάκις</em></strong></span> <span class='ocrx_word' id='word_1_732' title='bbox 1826 1493 1876 1533; x_wconf 80' lang='grc' dir='ltr'><strong><em>ἐν</em></strong></span> <span class='ocrx_word' id='word_1_733' title='bbox 1912 1504 2084 1534; x_wconf 79' lang='grc' dir='ltr'><strong><em>τούτοις</em></strong></span> <span class='ocrx_word' id='word_1_734' title='bbox 2119 1495 2210 1533; x_wconf 89' lang='grc' dir='ltr'><strong><em>τοῖς</em></strong></span> <span class='ocrx_word' id='word_1_735' title='bbox 2246 1495 2429 1550; x_wconf 87' lang='grc' dir='ltr'><strong><em>μέρεσιν</em></strong></span> <span class='ocrx_word' id='word_1_736' title='bbox 2468 1490 2679 1549; x_wconf 86' lang='grc' dir='ltr'><strong><em>αἱρετικοὶ</em></strong></span> <span class='ocrx_word' id='word_1_737' title='bbox 2713 1487 2983 1547; x_wconf 74' lang='grc' dir='ltr'><strong><em>ἀνεφύησαν,</em></strong></span> 
     </span>
     <span class='ocr_line' id='line_1_106' title="bbox 1639 1544 2985 1606; baseline -0.003 -16"><span class='ocrx_word' id='word_1_738' title='bbox 1639 1549 1694 1606; x_wconf 83' lang='grc' dir='ltr'><strong><em>τῇ</em></strong></span> <span class='ocrx_word' id='word_1_739' title='bbox 1766 1545 1894 1605; x_wconf 87' lang='grc' dir='ltr'><strong><em>νώμῃ</em></strong></span> <span class='ocrx_word' id='word_1_740' title='bbox 1938 1550 2010 1589; x_wconf 84' lang='grc' dir='ltr'><strong><em>καὶ</em></strong></span> <span class='ocrx_word' id='word_1_741' title='bbox 2057 1544 2180 1605; x_wconf 85' lang='grc' dir='ltr'><strong><em>ὀρθῇ</em></strong></span> <span class='ocrx_word' id='word_1_742' title='bbox 2224 1553 2365 1603; x_wconf 87' lang='grc' dir='ltr'><strong><em>κρίσει</em></strong></span> <span class='ocrx_word' id='word_1_743' title='bbox 2411 1550 2578 1589; x_wconf 83' lang='grc' dir='ltr'><strong><em>ἐκείνου</em></strong></span> <span class='ocrx_word' id='word_1_744' title='bbox 2621 1547 2700 1588; x_wconf 91' lang='grc' dir='ltr'><strong><em>τοῦ</em></strong></span> <span class='ocrx_word' id='word_1_745' title='bbox 2742 1548 2985 1599; x_wconf 87' lang='grc' dir='ltr'><strong><em>σεβασμίου</em></strong></span> 
     </span>
     <span class='ocr_line' id='line_1_107' title="bbox 1642 1600 2985 1661; baseline -0.002 -15"><span class='ocrx_word' id='word_1_746' title='bbox 1642 1608 1664 1647; x_wconf 87' lang='lat'><strong>3</strong></span> <span class='ocrx_word' id='word_1_747' title='bbox 1763 1602 1896 1659; x_wconf 89' lang='grc' dir='ltr'><strong><em>ρόνου</em></strong></span> <span class='ocrx_word' id='word_1_748' title='bbox 1946 1619 2058 1656; x_wconf 87' lang='grc' dir='ltr'><strong><em>κατη</em></strong></span> <span class='ocrx_word' id='word_1_749' title='bbox 2087 1601 2312 1660; x_wconf 76' lang='grc' dir='ltr'><strong><em>γήθησαν.</em></strong></span> <span class='ocrx_word' id='word_1_750' title='bbox 2377 1600 2452 1645; x_wconf 85' lang='grc' dir='ltr'><strong><em>Ἐκ</em></strong></span> <span class='ocrx_word' id='word_1_751' title='bbox 2493 1601 2576 1661; x_wconf 85' lang='grc' dir='ltr'><strong><em>γὰρ</em></strong></span> <span class='ocrx_word' id='word_1_752' title='bbox 2614 1602 2711 1645; x_wconf 88' lang='grc' dir='ltr'><strong><em>τῶν</em></strong></span> <span class='ocrx_word' id='word_1_753' title='bbox 2740 1601 2985 1659; x_wconf 73' lang='grc' dir='ltr'><strong><em>παρουσῶν</em></strong></span> 
     </span>
     <span class='ocr_line' id='line_1_108' title="bbox 1642 1618 2985 1716; baseline -0.001 -16"><span class='ocrx_word' id='word_1_754' title='bbox 1642 1659 1788 1701; x_wconf 86' lang='grc' dir='ltr'><strong><em>θείων</em></strong></span> <span class='ocrx_word' id='word_1_755' title='bbox 1833 1655 1959 1714; x_wconf 79' lang='grc' dir='ltr'><strong><em>ἡμῶν</em></strong></span> <span class='ocrx_word' id='word_1_756' title='bbox 2003 1618 2242 1714; x_wconf 64' lang='grc' dir='ltr'><strong><em>συλλαβῶν</em></strong></span> <span class='ocrx_word' id='word_1_757' title='bbox 2286 1657 2555 1714; x_wconf 34' lang='grc' dir='ltr'><strong><em>μαθήσεται*</em></strong></span> <span class='ocrx_word' id='word_1_758' title='bbox 2589 1654 2616 1711; x_wconf 80' lang='grc' dir='ltr'><em>ἡ</em></span> <span class='ocrx_word' id='word_1_759' title='bbox 2659 1657 2715 1711; x_wconf 82' lang='grc' dir='ltr'><strong><em>σὴ</em></strong></span> <span class='ocrx_word' id='word_1_760' title='bbox 2757 1654 2985 1716; x_wconf 86' lang='grc' dir='ltr'><strong><em>ἁγιωσύνη</em></strong></span> 
     </span>
     <span class='ocr_line' id='line_1_109' title="bbox 1640 1711 2984 1772; baseline -0.002 -15"><span class='ocrx_word' id='word_1_761' title='bbox 1640 1714 1695 1757; x_wconf 91' lang='grc' dir='ltr'><strong><em>τὰ</em></strong></span> <span class='ocrx_word' id='word_1_762' title='bbox 1725 1711 1838 1772; x_wconf 77' lang='grc' dir='ltr'><strong><em>παρ’</em></strong></span> <span class='ocrx_word' id='word_1_763' title='bbox 1873 1711 2000 1770; x_wconf 76' lang='grc' dir='ltr'><strong><em>ἡμῶν</em></strong></span> <span class='ocrx_word' id='word_1_764' title='bbox 2030 1715 2374 1772; x_wconf 84' lang='grc' dir='ltr'><strong><em>προτεθειμένα,</em></strong></span> <span class='ocrx_word' id='word_1_765' title='bbox 2406 1711 2482 1771; x_wconf 72' lang='grc' dir='ltr'><strong><em>ἐφ’</em></strong></span> <span class='ocrx_word' id='word_1_766' title='bbox 2517 1713 2554 1768; x_wconf 78' lang='grc' dir='ltr'><em>ᾧ</em></span> <span class='ocrx_word' id='word_1_767' title='bbox 2586 1712 2688 1756; x_wconf 75' lang='grc' dir='ltr'><strong><em>τοὺς</em></strong></span> <span class='ocrx_word' id='word_1_768' title='bbox 2716 1714 2984 1771; x_wconf 85' lang='grc' dir='ltr'><strong><em>ἐπιχειροῦν·</em></strong></span> 
     </span>
     <span class='ocr_line' id='line_1_110' title="bbox 1639 1765 2985 1828; baseline -0.002 -15"><span class='ocrx_word' id='word_1_769' title='bbox 1639 1785 1718 1813; x_wconf 89' lang='grc' dir='ltr'><strong><em>τας</em></strong></span> <span class='ocrx_word' id='word_1_770' title='bbox 1753 1773 1960 1828; x_wconf 90' lang='grc' dir='ltr'><strong><em>πονηρῶς</em></strong></span> <span class='ocrx_word' id='word_1_771' title='bbox 1998 1776 2118 1812; x_wconf 88' lang='grc' dir='ltr'><strong><em>νοεῖν</em></strong></span> <span class='ocrx_word' id='word_1_772' title='bbox 2155 1767 2182 1823; x_wconf 86' lang='grc' dir='ltr'>ἢ</span> <span class='ocrx_word' id='word_1_773' title='bbox 2221 1769 2480 1828; x_wconf 83' lang='grc' dir='ltr'><strong><em>ἑρμηνεύειν</em></strong></span> <span class='ocrx_word' id='word_1_774' title='bbox 2514 1769 2571 1812; x_wconf 88' lang='grc' dir='ltr'><strong><em>τὰ</em></strong></span> <span class='ocrx_word' id='word_1_775' title='bbox 2609 1765 2719 1828; x_wconf 77' lang='grc' dir='ltr'><strong><em>παρ’</em></strong></span> <span class='ocrx_word' id='word_1_776' title='bbox 2760 1765 2887 1823; x_wconf 74' lang='grc' dir='ltr'><strong><em>ἡμῶν</em></strong></span> <span class='ocrx_word' id='word_1_777' title='bbox 2917 1765 2985 1826; x_wconf 84' lang='grc' dir='ltr'><strong><em>ὀρ·</em></strong></span> 
     </span>
     <span class='ocr_line' id='line_1_111' title="bbox 1642 1823 2988 1884; baseline -0.001 -16"><span class='ocrx_word' id='word_1_778' title='bbox 1642 1827 1739 1869; x_wconf 88' lang='grc' dir='ltr'><strong><em>θῶς</em></strong></span> <span class='ocrx_word' id='word_1_779' title='bbox 1769 1829 1818 1869; x_wconf 83' lang='grc' dir='ltr'><strong><em>ἐν</em></strong></span> <span class='ocrx_word' id='word_1_780' title='bbox 1846 1828 1915 1880; x_wconf 77' lang='grc' dir='ltr'><strong><em>τῷ</em></strong></span> <span class='ocrx_word' id='word_1_781' title='bbox 1944 1823 2110 1881; x_wconf 79' lang='grc' dir='ltr'><strong><em>ἠδίκτῳ</em></strong></span> <span class='ocrx_word' id='word_1_782' title='bbox 2129 1825 2349 1880; x_wconf 82' lang='grc' dir='ltr'><strong><em>λεχθέντα</em></strong></span> <span class='ocrx_word' id='word_1_783' title='bbox 2379 1829 2426 1868; x_wconf 81' lang='grc' dir='ltr'><strong><em>ἐκ</em></strong></span> <span class='ocrx_word' id='word_1_784' title='bbox 2457 1827 2553 1868; x_wconf 83' lang='grc' dir='ltr'><strong><em>τῶν</em></strong></span> <span class='ocrx_word' id='word_1_785' title='bbox 2578 1826 2822 1884; x_wconf 80' lang='grc' dir='ltr'><strong><em>παρουσῶν</em></strong></span> <span class='ocrx_word' id='word_1_786' title='bbox 2837 1824 2988 1867; x_wconf 82' lang='grc' dir='ltr'><strong><em>θείων</em></strong></span> 
     </span>
     <span class='ocr_line' id='line_1_112' title="bbox 1642 1877 2986 1948; baseline -0.003 -23"><span class='ocrx_word' id='word_1_787' title='bbox 1642 1890 1663 1925; x_wconf 72' lang='grc'><strong>4</strong></span> <span class='ocrx_word' id='word_1_788' title='bbox 1724 1878 1850 1939; x_wconf 81' lang='grc' dir='ltr'><strong><em>ἡμῶν</em></strong></span> <span class='ocrx_word' id='word_1_789' title='bbox 1880 1881 2141 1941; x_wconf 72' lang='grc' dir='ltr'><strong><em>ἐλέγχεσθαι</em></strong></span> <span class='ocrx_word' id='word_1_790' title='bbox 2171 1881 2421 1937; x_wconf 85' lang='grc' dir='ltr'><strong><em>συλλαβῶν.</em></strong></span> <span class='ocrx_word' id='word_1_791' title='bbox 2471 1877 2633 1948; x_wconf 76' lang='grc' dir='ltr'><strong><em>Ὀλίγοι</em></strong></span> <span class='ocrx_word' id='word_1_792' title='bbox 2661 1882 2780 1924; x_wconf 80' lang='grc' dir='ltr'><strong><em>τινὲς</em></strong></span> <span class='ocrx_word' id='word_1_793' title='bbox 2797 1877 2986 1924; x_wconf 81' lang='grc' dir='ltr'><strong><em>’ἄπιστοι</em></strong></span> 
     </span>
     <span class='ocr_line' id='line_1_113' title="bbox 1641 1934 2987 1997; baseline -0.002 -17"><span class='ocrx_word' id='word_1_794' title='bbox 1641 1943 1713 1980; x_wconf 84' lang='grc' dir='ltr'><strong><em>καὶ</em></strong></span> <span class='ocrx_word' id='word_1_795' title='bbox 1764 1936 1989 1997; x_wconf 81' lang='grc' dir='ltr'><strong><em>ἀλλότριοι</em></strong></span> <span class='ocrx_word' id='word_1_796' title='bbox 2038 1940 2114 1992; x_wconf 81' lang='grc' dir='ltr'><strong><em>τῆς</em></strong></span> <span class='ocrx_word' id='word_1_797' title='bbox 2164 1934 2288 1997; x_wconf 90' lang='grc' dir='ltr'><strong><em>ἁγίας</em></strong></span> <span class='ocrx_word' id='word_1_798' title='bbox 2340 1939 2420 1980; x_wconf 88' lang='grc' dir='ltr'><strong><em>τοῦ</em></strong></span> <span class='ocrx_word' id='word_1_799' title='bbox 2464 1938 2575 1980; x_wconf 91' lang='grc' dir='ltr'><strong><em>θεου</em></strong></span> <span class='ocrx_word' id='word_1_800' title='bbox 2631 1935 2871 1990; x_wconf 82' lang='grc' dir='ltr'><strong><em>καθολικῆς</em></strong></span> <span class='ocrx_word' id='word_1_801' title='bbox 2914 1938 2987 1978; x_wconf 79' lang='grc' dir='ltr'><strong><em>καὶ</em></strong></span> 
     </span>
     <span class='ocr_line' id='line_1_114' title="bbox 1640 1990 2988 2049; baseline -0.002 -13"><span class='ocrx_word' id='word_1_802' title='bbox 1640 1993 1930 2048; x_wconf 81' lang='grc' dir='ltr'><strong><em>ἀποστολικῆς</em></strong></span> <span class='ocrx_word' id='word_1_803' title='bbox 1959 1993 2187 2047; x_wconf 78' lang='grc' dir='ltr'><strong><em>ἐκκλησίας</em></strong></span> <span class='ocrx_word' id='word_1_804' title='bbox 2216 1991 2445 2036; x_wconf 86' lang='grc' dir='ltr'><strong><em>ἀντειπεῖν</em></strong></span> <span class='ocrx_word' id='word_1_805' title='bbox 2458 1990 2708 2035; x_wconf 85' lang='grc' dir='ltr'><strong><em>Ἰουδαϊκῶς</em></strong></span> <span class='ocrx_word' id='word_1_806' title='bbox 2726 1991 2988 2049; x_wconf 82' lang='grc' dir='ltr'><strong><em>ἐθάρρησαν</em></strong></span> 
     </span>
     <span class='ocr_line' id='line_1_115' title="bbox 1641 2044 2985 2109; baseline -0.003 -16"><span class='ocrx_word' id='word_1_807' title='bbox 1641 2049 1750 2107; x_wconf 85' lang='grc' dir='ltr'><strong><em>πρὸς</em></strong></span> <span class='ocrx_word' id='word_1_808' title='bbox 1785 2050 1841 2092; x_wconf 81' lang='grc' dir='ltr'><strong><em>τὰ</em></strong></span> <span class='ocrx_word' id='word_1_809' title='bbox 1880 2049 2003 2109; x_wconf 86' lang='grc' dir='ltr'><strong><em>παρὰ</em></strong></span> <span class='ocrx_word' id='word_1_810' title='bbox 2041 2048 2230 2094; x_wconf 88' lang='grc' dir='ltr'><strong><em>πάντων</em></strong></span> <span class='ocrx_word' id='word_1_811' title='bbox 2266 2051 2363 2093; x_wconf 89' lang='grc' dir='ltr'><strong><em>τῶν</em></strong></span> <span class='ocrx_word' id='word_1_812' title='bbox 2404 2049 2561 2108; x_wconf 85' lang='grc' dir='ltr'><strong><em>ἱερέων</em></strong></span> <span class='ocrx_word' id='word_1_813' title='bbox 2598 2044 2753 2106; x_wconf 79' lang='grc' dir='ltr'><strong><em>ὀρθῶς</em></strong></span> <span class='ocrx_word' id='word_1_814' title='bbox 2801 2045 2985 2105; x_wconf 91' lang='grc' dir='ltr'><strong><em>κρατού-</em></strong></span> 
     </span>
     <span class='ocr_line' id='line_1_116' title="bbox 1638 2100 2986 2162; baseline -0.002 -15"><span class='ocrx_word' id='word_1_815' title='bbox 1638 2123 1751 2162; x_wconf 85' lang='grc' dir='ltr'><strong><em>μενα</em></strong></span> <span class='ocrx_word' id='word_1_816' title='bbox 1795 2110 1868 2148; x_wconf 87' lang='grc' dir='ltr'><strong><em>καὶ</em></strong></span> <span class='ocrx_word' id='word_1_817' title='bbox 1914 2103 2187 2162; x_wconf 80' lang='grc' dir='ltr'><strong><em>δοξαζόμενα</em></strong></span> <span class='ocrx_word' id='word_1_818' title='bbox 2230 2110 2304 2148; x_wconf 81' lang='grc' dir='ltr'><strong><em>καὶ</em></strong></span> <span class='ocrx_word' id='word_1_819' title='bbox 2348 2104 2667 2162; x_wconf 86' lang='grc' dir='ltr'><strong><em>κηρυττόμενα,</em></strong></span> <span class='ocrx_word' id='word_1_820' title='bbox 2723 2100 2986 2160; x_wconf 87' lang='grc' dir='ltr'><strong><em>ἀρνούμενοι</em></strong></span> 
     </span>
     <span class='ocr_line' id='line_1_117' title="bbox 1638 2157 2987 2219; baseline -0.002 -16"><span class='ocrx_word' id='word_1_821' title='bbox 1638 2161 1720 2204; x_wconf 87' lang='grc' dir='ltr'><strong><em>τὸν</em></strong></span> <span class='ocrx_word' id='word_1_822' title='bbox 1756 2161 1908 2219; x_wconf 81' lang='grc' dir='ltr'><strong><em>κύριον</em></strong></span> <span class='ocrx_word' id='word_1_823' title='bbox 1945 2158 2072 2217; x_wconf 80' lang='grc' dir='ltr'><strong><em>ἡμῶν</em></strong></span> <span class='ocrx_word' id='word_1_824' title='bbox 2097 2159 2267 2216; x_wconf 84' lang='grc' dir='ltr'><strong><em>Ἰησοῦν</em></strong></span> <span class='ocrx_word' id='word_1_825' title='bbox 2295 2160 2499 2219; x_wconf 88' lang='grc' dir='ltr'><strong><em>Χριστὸν</em></strong></span> <span class='ocrx_word' id='word_1_826' title='bbox 2534 2159 2617 2203; x_wconf 84' lang='grc' dir='ltr'><strong><em>τὸν</em></strong></span> <span class='ocrx_word' id='word_1_827' title='bbox 2644 2160 2862 2218; x_wconf 80' lang='grc' dir='ltr'><strong><em>μονογενῆ</em></strong></span> <span class='ocrx_word' id='word_1_828' title='bbox 2888 2157 2987 2202; x_wconf 83' lang='grc' dir='ltr'><strong><em>υἱὸν</em></strong></span> 
     </span>
     <span class='ocr_line' id='line_1_118' title="bbox 1640 2213 2987 2275; baseline -0.002 -15"><span class='ocrx_word' id='word_1_829' title='bbox 1640 2219 1717 2260; x_wconf 87' lang='grc' dir='ltr'><strong><em>τοῦ</em></strong></span> <span class='ocrx_word' id='word_1_830' title='bbox 1747 2219 1859 2260; x_wconf 88' lang='grc' dir='ltr'><strong><em>θεοῦ</em></strong></span> <span class='ocrx_word' id='word_1_831' title='bbox 1897 2222 1971 2260; x_wconf 82' lang='grc' dir='ltr'><strong><em>καὶ</em></strong></span> <span class='ocrx_word' id='word_1_832' title='bbox 2000 2217 2115 2260; x_wconf 88' lang='grc' dir='ltr'><strong><em>θεὸν</em></strong></span> <span class='ocrx_word' id='word_1_833' title='bbox 2144 2215 2282 2274; x_wconf 82' lang='grc' dir='ltr'><strong><em>ἡμῶν,</em></strong></span> <span class='ocrx_word' id='word_1_834' title='bbox 2322 2217 2404 2260; x_wconf 86' lang='grc' dir='ltr'><strong><em>τὸν</em></strong></span> <span class='ocrx_word' id='word_1_835' title='bbox 2434 2216 2737 2275; x_wconf 85' lang='grc' dir='ltr'><strong><em>σαρκωθέντα</em></strong></span> <span class='ocrx_word' id='word_1_836' title='bbox 2780 2217 2826 2258; x_wconf 79' lang='grc' dir='ltr'><strong><em>ἐκ</em></strong></span> <span class='ocrx_word' id='word_1_837' title='bbox 2855 2213 2987 2259; x_wconf 84' lang='grc' dir='ltr'><strong><em>πνεύ·</em></strong></span> 
     </span>
     <span class='ocr_line' id='line_1_119' title="bbox 1637 2267 2986 2333; baseline -0.003 -17"><span class='ocrx_word' id='word_1_838' title='bbox 1637 2288 1776 2329; x_wconf 89' lang='grc' dir='ltr'><strong><em>ματος</em></strong></span> <span class='ocrx_word' id='word_1_839' title='bbox 1814 2270 1938 2333; x_wconf 86' lang='grc' dir='ltr'><strong><em>ἁγίου</em></strong></span> <span class='ocrx_word' id='word_1_840' title='bbox 1974 2278 2048 2316; x_wconf 84' lang='grc' dir='ltr'><strong><em>καὶ</em></strong></span> <span class='ocrx_word' id='word_1_841' title='bbox 2086 2275 2162 2328; x_wconf 82' lang='grc' dir='ltr'><strong><em>τῆς</em></strong></span> <span class='ocrx_word' id='word_1_842' title='bbox 2200 2271 2324 2332; x_wconf 87' lang='grc' dir='ltr'><strong><em>ἁγίας</em></strong></span> <span class='ocrx_word' id='word_1_843' title='bbox 2361 2270 2542 2323; x_wconf 80' lang='grc' dir='ltr'><strong><em>ἐνδόξου</em></strong></span> <span class='ocrx_word' id='word_1_844' title='bbox 2575 2267 2882 2330; x_wconf 87' lang='grc' dir='ltr'><strong><em>ἀειπαρθένου</em></strong></span> <span class='ocrx_word' id='word_1_845' title='bbox 2911 2273 2986 2313; x_wconf 81' lang='grc' dir='ltr'><strong><em>καὶ</em></strong></span> 
     </span>
     <span class='ocr_line' id='line_1_120' title="bbox 1637 2327 2986 2388; baseline -0.002 -17"><span class='ocrx_word' id='word_1_846' title='bbox 1637 2327 1856 2372; x_wconf 84' lang='grc' dir='ltr'><strong><em>θεοτόκου</em></strong></span> <span class='ocrx_word' id='word_1_847' title='bbox 1887 2334 2064 2388; x_wconf 90' lang='grc' dir='ltr'><strong><em>Μαρίας</em></strong></span> <span class='ocrx_word' id='word_1_848' title='bbox 2101 2334 2175 2371; x_wconf 86' lang='grc' dir='ltr'><strong><em>καὶ</em></strong></span> <span class='ocrx_word' id='word_1_849' title='bbox 2215 2327 2641 2388; x_wconf 81' lang='grc' dir='ltr'><strong><em>ένανθρωπὴσαντα</em></strong></span> <span class='ocrx_word' id='word_1_850' title='bbox 2683 2331 2758 2370; x_wconf 89' lang='grc' dir='ltr'><strong><em>καὶ</em></strong></span> <span class='ocrx_word' id='word_1_851' title='bbox 2787 2340 2986 2386; x_wconf 85' lang='grc' dir='ltr'><strong><em>σταυρω-</em></strong></span> 
     </span>
    </p>
   </div>
   <div class='ocr_carea' id='block_1_14' title="bbox 1717 2425 1837 2430">
    <p class='ocr_par' dir='ltr' id='par_1_18' title="bbox 1717 2425 1837 2430">
     <span class='ocr_line' id='line_1_121' title="bbox 1717 2425 1837 2430; baseline 0 0"><span class='ocrx_word' id='word_1_852' title='bbox 1717 2425 1837 2430; x_wconf 95' lang='lat' dir='ltr'><strong><em> </em></strong></span> 
     </span>
    </p>
   </div>
   <div class='ocr_carea' id='block_1_15' title="bbox 1918 2426 2125 2429">
    <p class='ocr_par' dir='ltr' id='par_1_19' title="bbox 1918 2426 2125 2429">
     <span class='ocr_line' id='line_1_122' title="bbox 1918 2426 2125 2429; baseline 0 0"><span class='ocrx_word' id='word_1_853' title='bbox 1918 2426 2125 2429; x_wconf 95' lang='lat' dir='ltr'><strong><em> </em></strong></span> 
     </span>
    </p>
   </div>
   <div class='ocr_carea' id='block_1_16' title="bbox 2216 2425 2380 2429">
    <p class='ocr_par' dir='ltr' id='par_1_20' title="bbox 2216 2425 2380 2429">
     <span class='ocr_line' id='line_1_123' title="bbox 2216 2425 2380 2429; baseline 0 0"><span class='ocrx_word' id='word_1_854' title='bbox 2216 2425 2380 2429; x_wconf 95' lang='lat' dir='ltr'><strong><em> </em></strong></span> 
     </span>
    </p>
   </div>
   <div class='ocr_carea' id='block_1_17' title="bbox 2373 2460 2987 2522">
    <p class='ocr_par' dir='ltr' id='par_1_21' title="bbox 2373 2460 2987 2522">
     <span class='ocr_line' id='line_1_124' title="bbox 2373 2460 2987 2522; baseline -0.007 -11"><span class='ocrx_word' id='word_1_855' title='bbox 2373 2474 2426 2522; x_wconf 89' lang='grc'><strong><em>(3)</em></strong></span> <span class='ocrx_word' id='word_1_856' title='bbox 2455 2471 2516 2510; x_wconf 76' lang='lat' dir='ltr'><strong><em>sic</em></strong></span> <span class='ocrx_word' id='word_1_857' title='bbox 2539 2469 2773 2519; x_wconf 74' lang='lat' dir='ltr'><em>Nomoc-B,</em></span> <span class='ocrx_word' id='word_1_858' title='bbox 2802 2460 2987 2508; x_wconf 76' lang='grc' dir='ltr'><strong><em>ἇσιωτά·</em></strong></span> 
     </span>
    </p>
   </div>
   <div class='ocr_carea' id='block_1_18' title="bbox 2651 2637 2882 2643">
    <p class='ocr_par' dir='ltr' id='par_1_22' title="bbox 2651 2637 2882 2643">
     <span class='ocr_line' id='line_1_125' title="bbox 2651 2637 2882 2643; baseline 0 0"><span class='ocrx_word' id='word_1_859' title='bbox 2651 2637 2882 2643; x_wconf 95' lang='lat' dir='ltr'><strong><em> </em></strong></span> 
     </span>
    </p>
   </div>
   <div class='ocr_carea' id='block_1_19' title="bbox 1639 2687 3011 4637">
    <p class='ocr_par' dir='ltr' id='par_1_23' title="bbox 1646 2687 3011 3416">
     <span class='ocr_line' id='line_1_126' title="bbox 1703 2687 2987 2748; baseline 0.001 -15"><span class='ocrx_word' id='word_1_860' title='bbox 1703 2687 1730 2733; x_wconf 93' lang='grc'>7</span> <span class='ocrx_word' id='word_1_861' title='bbox 1763 2688 1888 2733; x_wconf 86' lang='lat' dir='ltr'><em>Idem</em></span> <span class='ocrx_word' id='word_1_862' title='bbox 1918 2691 1970 2732; x_wconf 88' lang='lat' dir='ltr'><strong><em>A.</em></strong></span> <span class='ocrx_word' id='word_1_863' title='bbox 2018 2688 2277 2748; x_wconf 82' lang='lat' dir='ltr'><em>Epiphanio</em></span> <span class='ocrx_word' id='word_1_864' title='bbox 2316 2690 2597 2734; x_wconf 82' lang='lat' dir='ltr'><em>sanctissimo</em></span> <span class='ocrx_word' id='word_1_865' title='bbox 2650 2694 2693 2734; x_wconf 86' lang='lat' dir='ltr'><strong><em>et</em></strong></span> <span class='ocrx_word' id='word_1_866' title='bbox 2735 2689 2987 2734; x_wconf 80' lang='lat' dir='ltr'><em>beatissimo</em></span> 
     </span>
     <span class='ocr_line' id='line_1_127' title="bbox 1646 2744 2979 2843; baseline 0.002 -57"><span class='ocrx_word' id='word_1_867' title='bbox 1646 2744 1984 2843; x_wconf 59' lang='lat' dir='ltr'><em>archiepiscqpo</em></span> <span class='ocrx_word' id='word_1_868' title='bbox 2007 2745 2139 2788; x_wconf 84' lang='lat' dir='ltr'><em>huius</em></span> <span class='ocrx_word' id='word_1_869' title='bbox 2164 2747 2316 2803; x_wconf 74' lang='lat' dir='ltr'><em>reqiae</em></span> <span class='ocrx_word' id='word_1_870' title='bbox 2342 2745 2467 2789; x_wconf 89' lang='lat' dir='ltr'><em>urbis</em></span> <span class='ocrx_word' id='word_1_871' title='bbox 2489 2751 2535 2790; x_wconf 91' lang='lat' dir='ltr'><strong><em>et</em></strong></span> <span class='ocrx_word' id='word_1_872' title='bbox 2548 2745 2828 2790; x_wconf 89' lang='lat' dir='ltr'><em>oecumenico</em></span> <span class='ocrx_word' id='word_1_873' title='bbox 2837 2745 2979 2804; x_wconf 87' lang='lat' dir='ltr'><em>patri-</em></span> 
     </span>
     <span class='ocr_line' id='line_1_128' title="bbox 1646 2799 2989 2846; baseline 0.003 -4"><span class='ocrx_word' id='word_1_874' title='bbox 1646 2799 1820 2843; x_wconf 89' lang='lat' dir='ltr'><em>archae.</em></span> <span class='ocrx_word' id='word_1_875' title='bbox 1917 2799 2096 2843; x_wconf 69' lang='lat' dir='ltr'><em>tdocere</em></span> <span class='ocrx_word' id='word_1_876' title='bbox 2134 2801 2331 2845; x_wconf 86' lang='lat' dir='ltr'><em>volentes</em></span> <span class='ocrx_word' id='word_1_877' title='bbox 2367 2802 2652 2846; x_wconf 84' lang='lat' dir='ltr'><em>sanctitatem</em></span> <span class='ocrx_word' id='word_1_878' title='bbox 2686 2806 2806 2846; x_wconf 88' lang='lat' dir='ltr'><em>tuam</em></span> <span class='ocrx_word' id='word_1_879' title='bbox 2837 2801 2989 2846; x_wconf 85' lang='lat' dir='ltr'><em>omnia</em></span> 
     </span>
     <span class='ocr_line' id='line_1_129' title="bbox 1646 2854 3011 2915; baseline 0.001 -18"><span class='ocrx_word' id='word_1_880' title='bbox 1646 2869 1761 2910; x_wconf 90' lang='lat' dir='ltr'><em>quae</em></span> <span class='ocrx_word' id='word_1_881' title='bbox 1799 2854 1860 2898; x_wconf 88' lang='lat' dir='ltr'><em>ad</em></span> <span class='ocrx_word' id='word_1_882' title='bbox 1897 2856 2184 2899; x_wconf 89' lang='lat' dir='ltr'><em>ecclesiarum</em></span> <span class='ocrx_word' id='word_1_883' title='bbox 2221 2862 2386 2900; x_wconf 90' lang='lat' dir='ltr'><em>statum</em></span> <span class='ocrx_word' id='word_1_884' title='bbox 2417 2857 2652 2915; x_wconf 82' lang='lat' dir='ltr'><em>pertinent</em></span> <span class='ocrx_word' id='word_1_885' title='bbox 2687 2857 3011 2913; x_wconf 22' lang='lat' dir='ltr'><em>necessarium-</em></span> 
     </span>
     <span class='ocr_line' id='line_1_130' title="bbox 1647 2910 2989 2971; baseline 0.004 -19"><span class='ocrx_word' id='word_1_886' title='bbox 1647 2910 1859 2954; x_wconf 81' lang='lat' dir='ltr'><em>duximus</em></span> <span class='ocrx_word' id='word_1_887' title='bbox 1894 2911 2014 2954; x_wconf 87' lang='lat' dir='ltr'><em>hisce</em></span> <span class='ocrx_word' id='word_1_888' title='bbox 2049 2910 2111 2954; x_wconf 91' lang='lat' dir='ltr'><em>ad</em></span> <span class='ocrx_word' id='word_1_889' title='bbox 2146 2926 2243 2955; x_wconf 92' lang='lat' dir='ltr'><strong><em>eam</em></strong></span> <span class='ocrx_word' id='word_1_890' title='bbox 2271 2913 2416 2956; x_wconf 88' lang='lat' dir='ltr'><em>sacris</em></span> <span class='ocrx_word' id='word_1_891' title='bbox 2446 2913 2608 2956; x_wconf 88' lang='lat' dir='ltr'><em>litteris</em></span> <span class='ocrx_word' id='word_1_892' title='bbox 2635 2913 2702 2956; x_wconf 88' lang='lat' dir='ltr'><strong><em>uti</em></strong></span> <span class='ocrx_word' id='word_1_893' title='bbox 2729 2918 2774 2957; x_wconf 89' lang='lat' dir='ltr'><strong><em>et</em></strong></span> <span class='ocrx_word' id='word_1_894' title='bbox 2794 2926 2884 2971; x_wconf 83' lang='lat' dir='ltr'><strong><em>per</em></strong></span> <span class='ocrx_word' id='word_1_895' title='bbox 2911 2926 2989 2957; x_wconf 80' lang='lat' dir='ltr'><strong><em>eas</em></strong></span> 
     </span>
     <span class='ocr_line' id='line_1_131' title="bbox 1648 2966 2988 3025; baseline 0.004 -17"><span class='ocrx_word' id='word_1_896' title='bbox 1648 2980 1763 3022; x_wconf 82' lang='lat' dir='ltr'><em>quae</em></span> <span class='ocrx_word' id='word_1_897' title='bbox 1821 2966 2055 3024; x_wconf 77' lang='lat' dir='ltr'><em>aqitantur</em></span> <span class='ocrx_word' id='word_1_898' title='bbox 2106 2968 2394 3025; x_wconf 82' lang='lat' dir='ltr'><em>manifestum</em></span> <span class='ocrx_word' id='word_1_899' title='bbox 2446 2968 2487 3011; x_wconf 87' lang='lat' dir='ltr'><strong><em>ei</em></strong></span> <span class='ocrx_word' id='word_1_900' title='bbox 2534 2969 2719 3025; x_wconf 83' lang='lat' dir='ltr'><em>facere:</em></span> <span class='ocrx_word' id='word_1_901' title='bbox 2778 2981 2894 3025; x_wconf 82' lang='lat' dir='ltr'><em>quae</em></span> <span class='ocrx_word' id='word_1_902' title='bbox 2945 2975 2988 3013; x_wconf 81' lang='lat' dir='ltr'><strong><em>et</em></strong></span> 
     </span>
     <span class='ocr_line' id='line_1_132' title="bbox 1656 3022 2987 3081; baseline 0.003 -17"><span class='ocrx_word' id='word_1_903' title='bbox 1656 3028 1665 3063; x_wconf 91' lang='lat'><em>1</em></span> <span class='ocrx_word' id='word_1_904' title='bbox 1729 3022 1747 3064; x_wconf 87' lang='lat' dir='ltr'><strong><em>i</em></strong></span> <span class='ocrx_word' id='word_1_905' title='bbox 1779 3035 1875 3065; x_wconf 90' lang='lat' dir='ltr'><strong><em>sam</em></strong></span> <span class='ocrx_word' id='word_1_906' title='bbox 1910 3022 2026 3065; x_wconf 88' lang='lat' dir='ltr'><em>scire</em></span> <span class='ocrx_word' id='word_1_907' title='bbox 2059 3024 2274 3081; x_wconf 89' lang='lat' dir='ltr'><em>persuasi</em></span> <span class='ocrx_word' id='word_1_908' title='bbox 2315 3037 2477 3067; x_wconf 88' lang='lat' dir='ltr'><em>sumus.</em></span> <span class='ocrx_word' id='word_1_909' title='bbox 2555 3022 2661 3066; x_wconf 89' lang='lat' dir='ltr'><strong><em>Cum</em></strong></span> <span class='ocrx_word' id='word_1_910' title='bbox 2697 3022 2840 3081; x_wconf 77' lang='lat' dir='ltr'><em>iqitur</em></span> <span class='ocrx_word' id='word_1_911' title='bbox 2877 3037 2987 3068; x_wconf 84' lang='lat' dir='ltr'><em>non-</em></span> 
     </span>
     <span class='ocr_line' id='line_1_133' title="bbox 1647 3036 2988 3136; baseline 0.004 -18"><span class='ocrx_word' id='word_1_912' title='bbox 1647 3036 1796 3121; x_wconf 58' lang='lat' dir='ltr'><em>nultgs</em></span> <span class='ocrx_word' id='word_1_913' title='bbox 1832 3078 2125 3122; x_wconf 81' lang='lat' dir='ltr'><em>invenerimus</em></span> <span class='ocrx_word' id='word_1_914' title='bbox 2153 3079 2324 3123; x_wconf 87' lang='lat' dir='ltr'><em>alienos</em></span> <span class='ocrx_word' id='word_1_915' title='bbox 2352 3093 2381 3122; x_wconf 93' lang='lat' dir='ltr'><em>a</em></span> <span class='ocrx_word' id='word_1_916' title='bbox 2409 3083 2570 3123; x_wconf 89' lang='lat' dir='ltr'><em>sancta</em></span> <span class='ocrx_word' id='word_1_917' title='bbox 2598 3077 2821 3122; x_wconf 87' lang='lat' dir='ltr'><em>catholica</em></span> <span class='ocrx_word' id='word_1_918' title='bbox 2850 3085 2988 3136; x_wconf 89' lang='lat' dir='ltr'><em>atque</em></span> 
     </span>
     <span class='ocr_line' id='line_1_134' title="bbox 1647 3130 2987 3194; baseline 0.001 -19"><span class='ocrx_word' id='word_1_919' title='bbox 1647 3133 1898 3190; x_wconf 85' lang='lat' dir='ltr'><em>apostolica</em></span> <span class='ocrx_word' id='word_1_920' title='bbox 1927 3134 2113 3177; x_wconf 91' lang='lat' dir='ltr'><em>ecclesia</em></span> <span class='ocrx_word' id='word_1_921' title='bbox 2141 3135 2379 3194; x_wconf 84' lang='lat' dir='ltr'><em>impiorum</em></span> <span class='ocrx_word' id='word_1_922' title='bbox 2409 3134 2610 3178; x_wconf 89' lang='lat' dir='ltr'><em>Nestorii</em></span> <span class='ocrx_word' id='word_1_923' title='bbox 2647 3141 2692 3178; x_wconf 90' lang='lat' dir='ltr'><strong><em>et</em></strong></span> <span class='ocrx_word' id='word_1_924' title='bbox 2726 3130 2987 3192; x_wconf 71' lang='lat' dir='ltr'><em>Eutychetis</em></span> 
     </span>
     <span class='ocr_line' id='line_1_135' title="bbox 1646 3189 2984 3248; baseline 0.002 -18"><span class='ocrx_word' id='word_1_925' title='bbox 1646 3202 1845 3233; x_wconf 90' lang='lat' dir='ltr'><em>errorem</em></span> <span class='ocrx_word' id='word_1_926' title='bbox 1872 3193 2050 3233; x_wconf 88' lang='lat' dir='ltr'><em>secutos</em></span> <span class='ocrx_word' id='word_1_927' title='bbox 2078 3203 2319 3247; x_wconf 88' lang='lat' dir='ltr'><em>eorumque</em></span> <span class='ocrx_word' id='word_1_928' title='bbox 2348 3189 2633 3248; x_wconf 88' lang='lat' dir='ltr'><em>blasphemiis</em></span> <span class='ocrx_word' id='word_1_929' title='bbox 2661 3203 2781 3242; x_wconf 88' lang='lat' dir='ltr'><em>usos,</em></span> <span class='ocrx_word' id='word_1_930' title='bbox 2809 3204 2984 3234; x_wconf 85' lang='lat' dir='ltr'><em>sacrum</em></span> 
     </span>
     <span class='ocr_line' id='line_1_136' title="bbox 1647 3244 2985 3310; baseline 0.002 -23"><span class='ocrx_word' id='word_1_931' title='bbox 1647 3244 1835 3289; x_wconf 87' lang='lat' dir='ltr'><em>edictum</em></span> <span class='ocrx_word' id='word_1_932' title='bbox 1865 3245 2214 3303; x_wconf 85' lang='lat' dir='ltr'><em>proposuimus,</em></span> <span class='ocrx_word' id='word_1_933' title='bbox 2253 3246 2378 3310; x_wconf 87' lang='lat' dir='ltr'><em>quod</em></span> <span class='ocrx_word' id='word_1_934' title='bbox 2413 3253 2457 3290; x_wconf 87' lang='lat' dir='ltr'><strong><em>et</em></strong></span> <span class='ocrx_word' id='word_1_935' title='bbox 2497 3251 2575 3290; x_wconf 89' lang='lat' dir='ltr'><strong><em>tua</em></strong></span> <span class='ocrx_word' id='word_1_936' title='bbox 2603 3245 2822 3290; x_wconf 84' lang='lat' dir='ltr'><em>sanctitas</em></span> <span class='ocrx_word' id='word_1_937' title='bbox 2849 3246 2985 3299; x_wconf 82' lang='lat' dir='ltr'><em>novit,</em></span> 
     </span>
     <span class='ocr_line' id='line_1_137' title="bbox 1647 3299 2986 3359; baseline 0.001 -16"><span class='ocrx_word' id='word_1_938' title='bbox 1647 3313 1736 3357; x_wconf 90' lang='lat' dir='ltr'><strong><em>quo</em></strong></span> <span class='ocrx_word' id='word_1_939' title='bbox 1767 3299 2093 3344; x_wconf 88' lang='lat' dir='ltr'><em>haereticorum</em></span> <span class='ocrx_word' id='word_1_940' title='bbox 2121 3301 2344 3345; x_wconf 78' lang='lat' dir='ltr'><em>insaniam</em></span> <span class='ocrx_word' id='word_1_941' title='bbox 2365 3302 2676 3359; x_wconf 84' lang='lat' dir='ltr'><em>refutavimus,</em></span> <span class='ocrx_word' id='word_1_942' title='bbox 2704 3301 2880 3346; x_wconf 88' lang='lat' dir='ltr'><em>minime</em></span> <span class='ocrx_word' id='word_1_943' title='bbox 2906 3301 2986 3345; x_wconf 88' lang='lat' dir='ltr'><strong><em>im—</em></strong></span> 
     </span>
     <span class='ocr_line' id='line_1_138' title="bbox 1647 3356 2986 3416; baseline 0.002 -18"><span class='ocrx_word' id='word_1_944' title='bbox 1647 3361 1814 3399; x_wconf 88' lang='lat' dir='ltr'><em>mutato</em></span> <span class='ocrx_word' id='word_1_945' title='bbox 1833 3356 1900 3400; x_wconf 86' lang='lat' dir='ltr'><strong><em>vel</em></strong></span> <span class='ocrx_word' id='word_1_946' title='bbox 1913 3356 2187 3400; x_wconf 88' lang='lat' dir='ltr'><em>immutando</em></span> <span class='ocrx_word' id='word_1_947' title='bbox 2200 3357 2269 3402; x_wconf 89' lang='lat' dir='ltr'><strong><em>vel</em></strong></span> <span class='ocrx_word' id='word_1_948' title='bbox 2267 3358 2517 3416; x_wconf 87' lang='lat' dir='ltr'><em>praetermi</em></span> <span class='ocrx_word' id='word_1_949' title='bbox 2521 3357 2670 3401; x_wconf 86' lang='lat' dir='ltr'><em>ttendo</em></span> <span class='ocrx_word' id='word_1_950' title='bbox 2687 3357 2986 3402; x_wconf 81' lang='lat' dir='ltr'><em>ecclesiastico</em></span> 
     </span>
    </p>

    <p class='ocr_par' dir='ltr' id='par_1_24' title="bbox 1639 3411 2986 4637">
     <span class='ocr_line' id='line_1_139' title="bbox 1677 3411 2986 3470; baseline 0.002 -16"><span class='ocrx_word' id='word_1_951' title='bbox 1677 3412 1724 3454; x_wconf 88' lang='lat' dir='ltr'><strong><em>ui</em></strong></span> <span class='ocrx_word' id='word_1_952' title='bbox 1767 3412 1914 3456; x_wconf 88' lang='lat' dir='ltr'><em>adhuc</em></span> <span class='ocrx_word' id='word_1_953' title='bbox 1956 3412 2039 3456; x_wconf 84' lang='lat' dir='ltr'><strong><em>deo</em></strong></span> <span class='ocrx_word' id='word_1_954' title='bbox 2082 3413 2263 3457; x_wconf 89' lang='lat' dir='ltr'><em>iuvante</em></span> <span class='ocrx_word' id='word_1_955' title='bbox 2292 3413 2461 3457; x_wconf 89' lang='lat' dir='ltr'><em>obtinet</em></span> <span class='ocrx_word' id='word_1_956' title='bbox 2492 3418 2639 3465; x_wconf 90' lang='lat' dir='ltr'><em>statu,</em></span> <span class='ocrx_word' id='word_1_957' title='bbox 2684 3411 2807 3470; x_wconf 88' lang='lat' dir='ltr'><em>quod</em></span> <span class='ocrx_word' id='word_1_958' title='bbox 2835 3417 2878 3457; x_wconf 90' lang='lat' dir='ltr'><strong><em>et</em></strong></span> <span class='ocrx_word' id='word_1_959' title='bbox 2908 3417 2986 3457; x_wconf 85' lang='lat' dir='ltr'><strong><em>tna</em></strong></span> 
     </span>
     <span class='ocr_line' id='line_1_140' title="bbox 1647 3425 2986 3527; baseline 0 -16"><span class='ocrx_word' id='word_1_960' title='bbox 1647 3425 1872 3511; x_wconf 51' lang='lat' dir='ltr'><em>beatitudo</em></span> <span class='ocrx_word' id='word_1_961' title='bbox 1903 3468 2000 3520; x_wconf 90' lang='lat' dir='ltr'><em>scit,</em></span> <span class='ocrx_word' id='word_1_962' title='bbox 2037 3468 2119 3512; x_wconf 87' lang='lat' dir='ltr'><strong><em>sed</em></strong></span> <span class='ocrx_word' id='word_1_963' title='bbox 2143 3482 2233 3527; x_wconf 85' lang='lat' dir='ltr'><strong><em>per</em></strong></span> <span class='ocrx_word' id='word_1_964' title='bbox 2263 3469 2412 3512; x_wconf 88' lang='lat' dir='ltr'><em>omnia</em></span> <span class='ocrx_word' id='word_1_965' title='bbox 2442 3468 2740 3512; x_wconf 81' lang='lat' dir='ltr'><em>custodie-ntes</em></span> <span class='ocrx_word' id='word_1_966' title='bbox 2772 3468 2986 3512; x_wconf 87' lang='lat' dir='ltr'><em>unitatem</em></span> 
     </span>
     <span class='ocr_line' id='line_1_141' title="bbox 1645 3523 2985 3568; baseline 0 -1"><span class='ocrx_word' id='word_1_967' title='bbox 1645 3530 2038 3567; x_wconf 89' lang='lat' dir='ltr'><em>sacrosanctarum</em></span> <span class='ocrx_word' id='word_1_968' title='bbox 2067 3524 2352 3568; x_wconf 84' lang='lat' dir='ltr'><em>ecclesiarum</em></span> <span class='ocrx_word' id='word_1_969' title='bbox 2395 3537 2493 3567; x_wconf 85' lang='lat' dir='ltr'><em>cum</em></span> <span class='ocrx_word' id='word_1_970' title='bbox 2527 3523 2808 3567; x_wconf 89' lang='lat' dir='ltr'><em>sanctissimo</em></span> <span class='ocrx_word' id='word_1_971' title='bbox 2842 3528 2985 3568; x_wconf 86' lang='lat' dir='ltr'><em>vetus-</em></span> 
     </span>
     <span class='ocr_line' id='line_1_142' title="bbox 1649 3578 2984 3678; baseline 0 -56"><span class='ocrx_word' id='word_1_972' title='bbox 1649 3579 1777 3622; x_wconf 88' lang='lat' dir='ltr'><em>tioris</em></span> <span class='ocrx_word' id='word_1_973' title='bbox 1804 3579 1975 3623; x_wconf 86' lang='lat' dir='ltr'><em>Romae</em></span> <span class='ocrx_word' id='word_1_974' title='bbox 1995 3593 2127 3637; x_wconf 86' lang='lat' dir='ltr'><em>papa</em></span> <span class='ocrx_word' id='word_1_975' title='bbox 2168 3579 2539 3678; x_wconf 82' lang='lat' dir='ltr'><em>ethatriarcha,</em></span> <span class='ocrx_word' id='word_1_976' title='bbox 2584 3578 2645 3622; x_wconf 89' lang='lat' dir='ltr'><em>ad</em></span> <span class='ocrx_word' id='word_1_977' title='bbox 2671 3592 2799 3636; x_wconf 86' lang='lat' dir='ltr'><em>quem</em></span> <span class='ocrx_word' id='word_1_978' title='bbox 2829 3578 2899 3622; x_wconf 85' lang='lat' dir='ltr'><strong><em>his</em></strong></span> <span class='ocrx_word' id='word_1_979' title='bbox 2924 3579 2984 3622; x_wconf 88' lang='lat' dir='ltr'><strong><em>si-</em></strong></span> 
     </span>
     <span class='ocr_line' id='line_1_143' title="bbox 1649 3634 2983 3692; baseline 0 -14"><span class='ocrx_word' id='word_1_980' title='bbox 1649 3639 1672 3677; x_wconf 83' lang='lat'><strong>2</strong></span> <span class='ocrx_word' id='word_1_981' title='bbox 1730 3635 1854 3678; x_wconf 87' lang='lat' dir='ltr'><em>milia</em></span> <span class='ocrx_word' id='word_1_982' title='bbox 1882 3634 1972 3678; x_wconf 89' lang='lat' dir='ltr'><em>scri</em></span> <span class='ocrx_word' id='word_1_983' title='bbox 2004 3635 2151 3678; x_wconf 77' lang='lat' dir='ltr'><em>simus,</em></span> <span class='ocrx_word' id='word_1_984' title='bbox 2245 3649 2354 3692; x_wconf 82' lang='lat' dir='ltr'><em>eque</em></span> <span class='ocrx_word' id='word_1_985' title='bbox 2382 3635 2496 3679; x_wconf 89' lang='lat' dir='ltr'><em>enim</em></span> <span class='ocrx_word' id='word_1_986' title='bbox 2518 3635 2723 3692; x_wconf 87' lang='lat' dir='ltr'><em>patimur</em></span> <span class='ocrx_word' id='word_1_987' title='bbox 2747 3634 2983 3692; x_wconf 87' lang='lat' dir='ltr'><em>quicquam</em></span> 
     </span>
     <span class='ocr_line' id='line_1_144' title="bbox 1649 3689 2984 3748; baseline 0 -14"><span class='ocrx_word' id='word_1_988' title='bbox 1649 3689 1772 3747; x_wconf 88' lang='lat' dir='ltr'><em>quod</em></span> <span class='ocrx_word' id='word_1_989' title='bbox 1808 3689 1869 3733; x_wconf 89' lang='lat' dir='ltr'><em>ad</em></span> <span class='ocrx_word' id='word_1_990' title='bbox 1896 3703 1970 3734; x_wconf 91' lang='lat' dir='ltr'><strong><em>ecc</em></strong></span> <span class='ocrx_word' id='word_1_991' title='bbox 1988 3690 2238 3734; x_wconf 88' lang='lat' dir='ltr'><em>esiasticum</em></span> <span class='ocrx_word' id='word_1_992' title='bbox 2275 3696 2442 3734; x_wconf 86' lang='lat' dir='ltr'><em>statum</em></span> <span class='ocrx_word' id='word_1_993' title='bbox 2464 3691 2663 3748; x_wconf 88' lang='lat' dir='ltr'><em>pertinet</em></span> <span class='ocrx_word' id='word_1_994' title='bbox 2699 3703 2792 3734; x_wconf 87' lang='lat' dir='ltr'><strong><em>non</em></strong></span> <span class='ocrx_word' id='word_1_995' title='bbox 2819 3690 2984 3747; x_wconf 81' lang='lat' dir='ltr'><em>referri</em></span> 
     </span>
     <span class='ocr_line' id='line_1_145' title="bbox 1648 3745 2984 3804; baseline -0.001 -14"><span class='ocrx_word' id='word_1_996' title='bbox 1648 3746 1710 3790; x_wconf 84' lang='lat' dir='ltr'><em>ad</em></span> <span class='ocrx_word' id='word_1_997' title='bbox 1736 3745 1831 3790; x_wconf 87' lang='lat' dir='ltr'><em>eius</em></span> <span class='ocrx_word' id='word_1_998' title='bbox 1846 3745 2174 3800; x_wconf 84' lang='lat' dir='ltr'><em>beatitudinem,</em></span> <span class='ocrx_word' id='word_1_999' title='bbox 2205 3760 2304 3790; x_wconf 89' lang='lat' dir='ltr'><em>cum</em></span> <span class='ocrx_word' id='word_1_1000' title='bbox 2326 3746 2387 3789; x_wconf 87' lang='lat' dir='ltr'><strong><em>sit</em></strong></span> <span class='ocrx_word' id='word_1_1001' title='bbox 2397 3751 2539 3804; x_wconf 85' lang='lat' dir='ltr'><em>caput</em></span> <span class='ocrx_word' id='word_1_1002' title='bbox 2553 3745 2745 3790; x_wconf 88' lang='lat' dir='ltr'><em>omnium</em></span> <span class='ocrx_word' id='word_1_1003' title='bbox 2757 3745 2984 3790; x_wconf 87' lang='lat' dir='ltr'><em>sanctissi-</em></span> 
     </span>
     <span class='ocr_line' id='line_1_146' title="bbox 1647 3799 2983 3865; baseline -0.001 -20"><span class='ocrx_word' id='word_1_1004' title='bbox 1647 3815 1818 3845; x_wconf 89' lang='lat' dir='ltr'><em>morum</em></span> <span class='ocrx_word' id='word_1_1005' title='bbox 1835 3801 1907 3845; x_wconf 88' lang='lat' dir='ltr'><strong><em>dei</em></strong></span> <span class='ocrx_word' id='word_1_1006' title='bbox 1920 3801 2202 3846; x_wconf 87' lang='lat' dir='ltr'><em>sacerdotum</em></span> <span class='ocrx_word' id='word_1_1007' title='bbox 2218 3808 2262 3846; x_wconf 92' lang='lat' dir='ltr'><strong><em>et</em></strong></span> <span class='ocrx_word' id='word_1_1008' title='bbox 2284 3802 2406 3860; x_wconf 88' lang='lat' dir='ltr'><em>quia,</em></span> <span class='ocrx_word' id='word_1_1009' title='bbox 2432 3802 2824 3859; x_wconf 81' lang='lat' dir='ltr'><em>quotienscumque</em></span> <span class='ocrx_word' id='word_1_1010' title='bbox 2843 3801 2890 3844; x_wconf 87' lang='lat' dir='ltr'><strong><em>in</em></strong></span> <span class='ocrx_word' id='word_1_1011' title='bbox 2915 3799 2983 3865; x_wconf 79' lang='lat' dir='ltr'><strong><em>his</em></strong></span> 
     </span>
     <span class='ocr_line' id='line_1_147' title="bbox 1639 3856 2983 3916; baseline 0 -16"><span class='ocrx_word' id='word_1_1012' title='bbox 1639 3856 1853 3916; x_wconf 88' lang='lat' dir='ltr'><em>partibus</em></span> <span class='ocrx_word' id='word_1_1013' title='bbox 1888 3856 2101 3901; x_wconf 88' lang='lat' dir='ltr'><em>haeretici</em></span> <span class='ocrx_word' id='word_1_1014' title='bbox 2137 3858 2396 3908; x_wconf 86' lang='lat' dir='ltr'><em>extiterunt,</em></span> <span class='ocrx_word' id='word_1_1015' title='bbox 2433 3857 2652 3901; x_wconf 86' lang='lat' dir='ltr'><em>sententia</em></span> <span class='ocrx_word' id='word_1_1016' title='bbox 2680 3861 2802 3901; x_wconf 88' lang='lat' dir='ltr'><em>recto</em></span> <span class='ocrx_word' id='word_1_1017' title='bbox 2835 3870 2890 3900; x_wconf 88' lang='lat' dir='ltr'><strong><em>ue</em></strong></span> <span class='ocrx_word' id='word_1_1018' title='bbox 2917 3869 2983 3900; x_wconf 76' lang='lat' dir='ltr'><strong><em>iu-</em></strong></span> 
     </span>
     <span class='ocr_line' id='line_1_148' title="bbox 1649 3911 2984 3969; baseline -0.001 -13"><span class='ocrx_word' id='word_1_1019' title='bbox 1649 3917 1672 3956; x_wconf 86' lang='lat'><strong>3</strong></span> <span class='ocrx_word' id='word_1_1020' title='bbox 1731 3912 1848 3956; x_wconf 88' lang='lat' dir='ltr'><em>dicio</em></span> <span class='ocrx_word' id='word_1_1021' title='bbox 1865 3912 1986 3956; x_wconf 87' lang='lat' dir='ltr'><em>illius</em></span> <span class='ocrx_word' id='word_1_1022' title='bbox 2001 3913 2276 3958; x_wconf 84' lang='lat' dir='ltr'><em>venerandae</em></span> <span class='ocrx_word' id='word_1_1023' title='bbox 2291 3912 2410 3956; x_wconf 88' lang='lat' dir='ltr'><em>sedis</em></span> <span class='ocrx_word' id='word_1_1024' title='bbox 2430 3912 2612 3956; x_wconf 88' lang='lat' dir='ltr'><em>coerciti</em></span> <span class='ocrx_word' id='word_1_1025' title='bbox 2625 3916 2741 3955; x_wconf 86' lang='lat' dir='ltr'><em>sunt.</em></span> <span class='ocrx_word' id='word_1_1026' title='bbox 2814 3911 2984 3969; x_wconf 90' lang='lat' dir='ltr'><em>deoque</em></span> 
     </span>
     <span class='ocr_line' id='line_1_149' title="bbox 1647 3967 2982 4026; baseline -0.001 -14"><span class='ocrx_word' id='word_1_1027' title='bbox 1647 3982 1708 4012; x_wconf 88' lang='lat' dir='ltr'><strong><em>ex</em></strong></span> <span class='ocrx_word' id='word_1_1028' title='bbox 1728 3968 2044 4026; x_wconf 86' lang='lat' dir='ltr'><em>praesentibus</em></span> <span class='ocrx_word' id='word_1_1029' title='bbox 2064 3969 2208 4012; x_wconf 91' lang='lat' dir='ltr'><em>sacris</em></span> <span class='ocrx_word' id='word_1_1030' title='bbox 2229 3968 2389 4012; x_wconf 86' lang='lat' dir='ltr'><em>litteris</em></span> <span class='ocrx_word' id='word_1_1031' title='bbox 2403 3967 2620 4012; x_wconf 88' lang='lat' dir='ltr'><em>sanctitas</em></span> <span class='ocrx_word' id='word_1_1032' title='bbox 2635 3971 2781 4012; x_wconf 90' lang='lat' dir='ltr'><em>vestra</em></span> <span class='ocrx_word' id='word_1_1033' title='bbox 2796 3979 2982 4024; x_wconf 76' lang='lat' dir='ltr'><em>coqnos-</em></span> 
     </span>
     <span class='ocr_line' id='line_1_150' title="bbox 1649 4021 2981 4082; baseline -0.002 -15"><span class='ocrx_word' id='word_1_1034' title='bbox 1649 4030 1718 4067; x_wconf 89' lang='lat' dir='ltr'><strong><em>cet</em></strong></span> <span class='ocrx_word' id='word_1_1035' title='bbox 1754 4037 1871 4080; x_wconf 90' lang='lat' dir='ltr'><em>quae</em></span> <span class='ocrx_word' id='word_1_1036' title='bbox 1906 4038 1935 4067; x_wconf 92' lang='lat' dir='ltr'><em>a</em></span> <span class='ocrx_word' id='word_1_1037' title='bbox 1973 4023 2101 4067; x_wconf 85' lang='lat' dir='ltr'><em>nobis</em></span> <span class='ocrx_word' id='word_1_1038' title='bbox 2132 4023 2378 4082; x_wconf 89' lang='lat' dir='ltr'><em>proposita</em></span> <span class='ocrx_word' id='word_1_1039' title='bbox 2406 4028 2525 4075; x_wconf 89' lang='lat' dir='ltr'><em>sunt,</em></span> <span class='ocrx_word' id='word_1_1040' title='bbox 2565 4028 2615 4066; x_wconf 91' lang='lat' dir='ltr'><strong><em>ut</em></strong></span> <span class='ocrx_word' id='word_1_1041' title='bbox 2643 4021 2721 4080; x_wconf 85' lang='lat' dir='ltr'><strong><em>qui</em></strong></span> <span class='ocrx_word' id='word_1_1042' title='bbox 2741 4035 2888 4080; x_wconf 90' lang='lat' dir='ltr'><em>prave</em></span> <span class='ocrx_word' id='word_1_1043' title='bbox 2914 4022 2981 4064; x_wconf 84' lang='lat' dir='ltr'><strong><em>in·</em></strong></span> 
     </span>
     <span class='ocr_line' id='line_1_151' title="bbox 1650 4076 2980 4137; baseline -0.002 -15"><span class='ocrx_word' id='word_1_1044' title='bbox 1650 4079 1856 4136; x_wconf 80' lang='lat' dir='ltr'><em>telleqere</em></span> <span class='ocrx_word' id='word_1_1045' title='bbox 1884 4078 1954 4123; x_wconf 85' lang='lat' dir='ltr'><strong><em>vel</em></strong></span> <span class='ocrx_word' id='word_1_1046' title='bbox 1979 4079 2270 4137; x_wconf 88' lang='lat' dir='ltr'><em>interpretari</em></span> <span class='ocrx_word' id='word_1_1047' title='bbox 2300 4078 2621 4137; x_wconf 88' lang='lat' dir='ltr'><em>temptaverint,</em></span> <span class='ocrx_word' id='word_1_1048' title='bbox 2654 4091 2770 4135; x_wconf 90' lang='lat' dir='ltr'><em>quae</em></span> <span class='ocrx_word' id='word_1_1049' title='bbox 2797 4091 2826 4122; x_wconf 92' lang='lat' dir='ltr'><em>a</em></span> <span class='ocrx_word' id='word_1_1050' title='bbox 2855 4076 2980 4121; x_wconf 83' lang='lat' dir='ltr'><em>nobis</em></span> 
     </span>
     <span class='ocr_line' id='line_1_152' title="bbox 1647 4132 2982 4192; baseline -0.002 -15"><span class='ocrx_word' id='word_1_1051' title='bbox 1647 4139 1767 4178; x_wconf 87' lang='lat' dir='ltr'><em>recte</em></span> <span class='ocrx_word' id='word_1_1052' title='bbox 1794 4135 1841 4177; x_wconf 86' lang='lat' dir='ltr'><strong><em>in</em></strong></span> <span class='ocrx_word' id='word_1_1053' title='bbox 1870 4134 2012 4178; x_wconf 88' lang='lat' dir='ltr'><em>edicto</em></span> <span class='ocrx_word' id='word_1_1054' title='bbox 2033 4135 2337 4192; x_wconf 88' lang='lat' dir='ltr'><em>pronuntiata</em></span> <span class='ocrx_word' id='word_1_1055' title='bbox 2364 4139 2481 4185; x_wconf 88' lang='lat' dir='ltr'><em>sunt,</em></span> <span class='ocrx_word' id='word_1_1056' title='bbox 2508 4132 2820 4191; x_wconf 86' lang='lat' dir='ltr'><em>praesentibus</em></span> <span class='ocrx_word' id='word_1_1057' title='bbox 2838 4133 2982 4176; x_wconf 87' lang='lat' dir='ltr'><em>sacris</em></span> 
     </span>
     <span class='ocr_line' id='line_1_153' title="bbox 1649 4186 2980 4246; baseline -0.001 -13"><span class='ocrx_word' id='word_1_1058' title='bbox 1649 4194 1674 4233; x_wconf 89' lang='grc'>4</span> <span class='ocrx_word' id='word_1_1059' title='bbox 1732 4190 1891 4234; x_wconf 88' lang='lat' dir='ltr'><em>litteris</em></span> <span class='ocrx_word' id='word_1_1060' title='bbox 1919 4189 2087 4233; x_wconf 87' lang='lat' dir='ltr'><em>nostris</em></span> <span class='ocrx_word' id='word_1_1061' title='bbox 2114 4191 2381 4246; x_wconf 81' lang='lat' dir='ltr'><em>refutentur.</em></span> <span class='ocrx_word' id='word_1_1062' title='bbox 2439 4186 2584 4232; x_wconf 88' lang='lat' dir='ltr'><em>Pauci</em></span> <span class='ocrx_word' id='word_1_1063' title='bbox 2619 4187 2798 4245; x_wconf 87' lang='lat' dir='ltr'><em>quidam</em></span> <span class='ocrx_word' id='word_1_1064' title='bbox 2826 4187 2980 4244; x_wconf 81' lang='lat' dir='ltr'><em>infide-</em></span> 
     </span>
     <span class='ocr_line' id='line_1_154' title="bbox 1650 4242 2980 4301; baseline -0.002 -12"><span class='ocrx_word' id='word_1_1065' title='bbox 1650 4245 1713 4289; x_wconf 89' lang='lat' dir='ltr'><strong><em>les</em></strong></span> <span class='ocrx_word' id='word_1_1066' title='bbox 1741 4250 1786 4289; x_wconf 92' lang='lat' dir='ltr'><strong><em>et</em></strong></span> <span class='ocrx_word' id='word_1_1067' title='bbox 1807 4245 1944 4289; x_wconf 90' lang='lat' dir='ltr'><em>alieni</em></span> <span class='ocrx_word' id='word_1_1068' title='bbox 1973 4259 2002 4289; x_wconf 92' lang='lat' dir='ltr'><em>a</em></span> <span class='ocrx_word' id='word_1_1069' title='bbox 2022 4251 2180 4289; x_wconf 87' lang='lat' dir='ltr'><em>sancta</em></span> <span class='ocrx_word' id='word_1_1070' title='bbox 2208 4245 2278 4289; x_wconf 85' lang='lat' dir='ltr'><strong><em>dei</em></strong></span> <span class='ocrx_word' id='word_1_1071' title='bbox 2309 4243 2532 4288; x_wconf 87' lang='lat' dir='ltr'><em>catholica</em></span> <span class='ocrx_word' id='word_1_1072' title='bbox 2564 4250 2700 4300; x_wconf 87' lang='lat' dir='ltr'><em>atque</em></span> <span class='ocrx_word' id='word_1_1073' title='bbox 2731 4242 2980 4301; x_wconf 85' lang='lat' dir='ltr'><em>apostolica</em></span> 
     </span>
     <span class='ocr_line' id='line_1_155' title="bbox 1649 4297 2980 4355; baseline -0.002 -11"><span class='ocrx_word' id='word_1_1074' title='bbox 1649 4300 1835 4345; x_wconf 90' lang='lat' dir='ltr'><em>ecclesia</em></span> <span class='ocrx_word' id='word_1_1075' title='bbox 1873 4300 2179 4344; x_wconf 88' lang='lat' dir='ltr'><em>contradicere</em></span> <span class='ocrx_word' id='word_1_1076' title='bbox 2207 4298 2392 4344; x_wconf 83' lang='lat' dir='ltr'><em>Iudaice</em></span> <span class='ocrx_word' id='word_1_1077' title='bbox 2428 4299 2529 4343; x_wconf 87' lang='lat' dir='ltr'><em>ausi</em></span> <span class='ocrx_word' id='word_1_1078' title='bbox 2564 4305 2669 4342; x_wconf 88' lang='lat' dir='ltr'><em>sunt</em></span> <span class='ocrx_word' id='word_1_1079' title='bbox 2697 4297 2754 4342; x_wconf 89' lang='lat' dir='ltr'><strong><em>iis</em></strong></span> <span class='ocrx_word' id='word_1_1080' title='bbox 2781 4311 2897 4355; x_wconf 87' lang='lat' dir='ltr'><em>quae</em></span> <span class='ocrx_word' id='word_1_1081' title='bbox 2925 4297 2980 4341; x_wconf 89' lang='lat' dir='ltr'><em>ab</em></span> 
     </span>
     <span class='ocr_line' id='line_1_156' title="bbox 1650 4351 2981 4412; baseline -0.003 -13"><span class='ocrx_word' id='word_1_1082' title='bbox 1650 4355 1853 4399; x_wconf 89' lang='lat' dir='ltr'><em>omnibus</em></span> <span class='ocrx_word' id='word_1_1083' title='bbox 1878 4354 2183 4399; x_wconf 77' lang='lat' dir='ltr'><em>sacerdotibus</em></span> <span class='ocrx_word' id='word_1_1084' title='bbox 2210 4361 2329 4399; x_wconf 90' lang='lat' dir='ltr'><em>recte</em></span> <span class='ocrx_word' id='word_1_1085' title='bbox 2348 4353 2639 4398; x_wconf 84' lang='lat' dir='ltr'><em>observantur</em></span> <span class='ocrx_word' id='word_1_1086' title='bbox 2666 4357 2711 4397; x_wconf 86' lang='lat' dir='ltr'><strong><em>et</em></strong></span> <span class='ocrx_word' id='word_1_1087' title='bbox 2722 4351 2981 4412; x_wconf 88' lang='lat' dir='ltr'><em>probantur</em></span> 
     </span>
     <span class='ocr_line' id='line_1_157' title="bbox 1649 4406 2978 4469; baseline -0.003 -15"><span class='ocrx_word' id='word_1_1088' title='bbox 1649 4416 1693 4455; x_wconf 86' lang='lat' dir='ltr'><strong><em>et</em></strong></span> <span class='ocrx_word' id='word_1_1089' title='bbox 1711 4410 2052 4469; x_wconf 87' lang='lat' dir='ltr'><em>praedicantur,</em></span> <span class='ocrx_word' id='word_1_1090' title='bbox 2082 4410 2349 4469; x_wconf 77' lang='lat' dir='ltr'><em>deneqantes</em></span> <span class='ocrx_word' id='word_1_1091' title='bbox 2372 4409 2595 4453; x_wconf 87' lang='lat' dir='ltr'><em>dominum</em></span> <span class='ocrx_word' id='word_1_1092' title='bbox 2617 4413 2817 4452; x_wconf 83' lang='lat' dir='ltr'><em>nostrum</em></span> <span class='ocrx_word' id='word_1_1093' title='bbox 2834 4406 2978 4451; x_wconf 88' lang='lat' dir='ltr'><em>Iesum</em></span> 
     </span>
     <span class='ocr_line' id='line_1_158' title="bbox 1652 4462 2977 4524; baseline -0.004 -14"><span class='ocrx_word' id='word_1_1094' title='bbox 1652 4465 1872 4510; x_wconf 87' lang='lat' dir='ltr'><em>Christum</em></span> <span class='ocrx_word' id='word_1_1095' title='bbox 1913 4466 2189 4524; x_wconf 74' lang='lat' dir='ltr'><em>uniqenitum</em></span> <span class='ocrx_word' id='word_1_1096' title='bbox 2230 4465 2302 4510; x_wconf 89' lang='lat' dir='ltr'><strong><em>dei</em></strong></span> <span class='ocrx_word' id='word_1_1097' title='bbox 2339 4464 2482 4522; x_wconf 84' lang='lat' dir='ltr'><em>filium</em></span> <span class='ocrx_word' id='word_1_1098' title='bbox 2525 4470 2569 4509; x_wconf 88' lang='lat' dir='ltr'><strong><em>et</em></strong></span> <span class='ocrx_word' id='word_1_1099' title='bbox 2611 4462 2739 4507; x_wconf 84' lang='lat' dir='ltr'><em>deum</em></span> <span class='ocrx_word' id='word_1_1100' title='bbox 2775 4467 2977 4506; x_wconf 82' lang='lat' dir='ltr'><em>nostrum</em></span> 
     </span>
     <span class='ocr_line' id='line_1_159' title="bbox 1647 4517 2978 4580; baseline -0.002 -16"><span class='ocrx_word' id='word_1_1101' title='bbox 1647 4521 1931 4566; x_wconf 85' lang='lat' dir='ltr'><em>incarnatum</em></span> <span class='ocrx_word' id='word_1_1102' title='bbox 1981 4535 2044 4566; x_wconf 86' lang='lat' dir='ltr'><strong><em>ex</em></strong></span> <span class='ocrx_word' id='word_1_1103' title='bbox 2083 4521 2247 4580; x_wconf 89' lang='lat' dir='ltr'><em>spiritu</em></span> <span class='ocrx_word' id='word_1_1104' title='bbox 2293 4525 2448 4564; x_wconf 88' lang='lat' dir='ltr'><em>sancto</em></span> <span class='ocrx_word' id='word_1_1105' title='bbox 2494 4525 2537 4563; x_wconf 90' lang='lat' dir='ltr'><strong><em>et</em></strong></span> <span class='ocrx_word' id='word_1_1106' title='bbox 2577 4522 2735 4563; x_wconf 81' lang='lat' dir='ltr'><em>sancta</em></span> <span class='ocrx_word' id='word_1_1107' title='bbox 2809 4517 2978 4562; x_wconf 84' lang='lat' dir='ltr'><em>toriosa</em></span> 
     </span>
     <span class='ocr_line' id='line_1_160' title="bbox 1647 4573 2978 4637; baseline -0.002 -15"><span class='ocrx_word' id='word_1_1108' title='bbox 1647 4590 1819 4637; x_wconf 84' lang='lat' dir='ltr'><em>semper</em></span> <span class='ocrx_word' id='word_1_1109' title='bbox 1857 4576 2028 4636; x_wconf 77' lang='lat' dir='ltr'><em>virqine</em></span> <span class='ocrx_word' id='word_1_1110' title='bbox 2064 4583 2108 4623; x_wconf 87' lang='lat' dir='ltr'><strong><em>et</em></strong></span> <span class='ocrx_word' id='word_1_1111' title='bbox 2144 4576 2216 4622; x_wconf 82' lang='lat' dir='ltr'><strong><em>dei</em></strong></span> <span class='ocrx_word' id='word_1_1112' title='bbox 2248 4575 2471 4635; x_wconf 74' lang='lat' dir='ltr'><em>qenetrice</em></span> <span class='ocrx_word' id='word_1_1113' title='bbox 2501 4573 2651 4619; x_wconf 88' lang='lat' dir='ltr'><em>Maria</em></span> <span class='ocrx_word' id='word_1_1114' title='bbox 2689 4579 2733 4620; x_wconf 89' lang='lat' dir='ltr'><strong><em>et</em></strong></span> <span class='ocrx_word' id='word_1_1115' title='bbox 2777 4573 2978 4619; x_wconf 73' lang='lat' dir='ltr'><em>cominem</em></span> 
     </span>
    </p>
   </div>
   <div class='ocr_carea' id='block_1_20' title="bbox 3099 0 3138 760">
    <p class='ocr_par' dir='ltr' id='par_1_25' title="bbox 3099 0 3138 760">
     <span class='ocr_line' id='line_1_161' title="bbox 3099 0 3138 760; baseline 0 3972"><span class='ocrx_word' id='word_1_1116' title='bbox 3099 0 3138 760; x_wconf 95' lang='lat' dir='ltr'><strong><em> </em></strong></span> 
     </span>
    </p>
   </div>
  </div>
 </body>
</html>
