3080 4770
201 180 251 225 81
281 173 394 222 PER'
422 180 522 218 VIM
560 180 667 218 VEL
697 178 833 219 ALIO
871 177 1034 217 MODO

195 313 329 363 ‘talem
356 328 658 372 possessorem
681 322 733 362 ut
753 316 1021 374 praedonem
1043 316 1234 372 intellegi
1259 321 1302 363 et
1334 321 1530 376 generali

194 372 494 419 iurisdictione
525 387 578 418 ea
605 374 768 428 teneri,
799 385 912 429 quae
939 385 1021 427 pro
1051 374 1322 419 restituenda
1350 390 1527 433 posses-

194 429 318 473 sione
362 434 518 472 contra
561 428 813 474 huius-modi
860 440 1075 484 personas
1118 431 1337 476 veteribus
1382 433 1527 477 decla-

192 489 291 528 rata
330 487 426 528 est¹
466 486 507 529 le
536 486 650 530 ibus.
710 485 944 528 ridiculum
982 484 1139 528 etenim
1176 492 1243 529 est
1284 489 1427 532 dicere
1460 489 1529 533 vel

193 540 369 592 audire,
411 554 497 596 quo
567 555 648 607 per
682 540 975 597 ignorantiam
1015 541 1201 585 alienam
1240 557 1331 587 rem
1368 545 1528 600 aliquis

196 601 210 639 1
276 596 405 653 quasi
433 610 513 653 pro
547 611 660 641 riam
694 596 991 652 occupaverit.
1052 597 1209 641 Omnes
1239 604 1383 644 autem
1415 600 1528 644 scire

191 652 376 705 debent,
422 666 507 708 quo
582 666 671 697 non
715 665 844 696 suum
888 657 976 707 est,
1021 653 1104 697 hoc
1143 654 1199 697 ad
1237 656 1346 700 alios
1387 655 1527 700 modis

191 709 393 753 omnibus
417 710 651 765 pertinere,
679 721 779 752 cum
801 708 903 751 talis
924 708 1152 764 dispositio
1167 711 1213 753 in
1227 711 1334 755 furti
1352 712 1528 756 actione

189 765 276 808 iam
306 764 472 808 dudum
501 765 724 808 veteribus
752 764 922 820 legibus
953 764 1133 809 definita
1158 770 1228 810 est
1252 768 1525 812 dicentibus:

189 821 229 865 si
280 820 379 877 quis
429 821 616 865 alienam
659 833 752 864 rem
797 820 1006 864 adversus
1051 822 1213 866 domini
1255 825 1526 867 voluntatem

189 881 214 919 2
272 876 487 932 attigerit,
541 876 651 919 furti
702 876 879 920 actione
921 881 1109 921 tenetur.
1181 879 1263 922 His
1308 879 1524 929 videlicet,

189 944 303 988 quae
338 945 474 988 super
509 931 762 987 recipienda
790 933 1071 989 possessione
1100 946 1127 976 a
1155 935 1283 978 nobis
1314 934 1527 990 disposita

188 990 306 1040 sunt,
336 988 481 1032 locum
509 987 792 1041 habentibus,
833 989 872 1031 si
901 1002 990 1032 non
1021 1001 1072 1033 ex
1102 989 1190 1044 die,
1222 1004 1276 1034 ex
1307 1004 1391 1046 quo
1421 1002 1525 1046 pos-

190 1044 330 1088 sessio
373 1043 552 1087 detenta
605 1045 695 1095 est,
751 1044 932 1100 triginta
983 1058 1198 1090 annorum
1241 1048 1528 1090 excesserunt

187 1099 423 1144 curricula.
497 1098 554 1143 D.
593 1101 690 1143 xv2
739 1099 780 1143 lc.
824 1100 935 1145 Nov.
990 1100 1380 1160 Constantinopoli
1414 1105 1528 1160 post

187 1155 469 1199 consulatum
511 1154 752 1214 Lampadii
794 1163 838 1200 et
884 1156 1054 1201 Orestis
1090 1171 1154 1203 vv.
1192 1171 1253 1202 cc.
1295 1171 1416 1202 anno
1460 1171 1525 1201 se-

186 1210 346 1254 eundo.
1339 1218 1394 1266 [a.
1429 1216 1524 1264 532]

821 1413 879 1460 V.

183 1506 235 1547 SI
272 1506 387 1548 PER
424 1504 532 1547 VIM
571 1506 684 1547 VEL
725 1508 858 1549 ALIO
897 1508 1053 1550 MODO
1083 1508 1355 1548 ABSENTIS
1394 1508 1524 1548 PER-

499 1562 758 1604 TURBATA
788 1564 875 1604 SIT
903 1564 1206 1605 POSSESSIO.

241 1658 265 1705 1
304 1657 438 1717 ⁸Imp.
474 1658 792 1703 Constantinus
828 1661 879 1703 A.
913 1658 1088 1703 Severo.
1154 1659 1328 1703 Iudices
1367 1660 1523 1702 absen-

181 1715 311 1766 tium,
364 1715 440 1771 qui
484 1714 720 1758 cuiuslibet
761 1715 826 1758 rei
875 1714 1155 1770 possessione
1199 1714 1361 1770 privati
1405 1719 1523 1764 sunt,

181 1770 301 1816 susci
333 1771 428 1814 iant
455 1772 502 1814 in
530 1771 627 1813 iure
655 1782 892 1825 personam
922 1776 965 1814 et
991 1770 1271 1814 auctoritatis
1299 1783 1407 1814 suae
1432 1770 1522 1813 for-

180 1826 297 1870 mida
329 1827 385 1870 ile
415 1825 705 1870 ministerium
735 1825 930 1869 obiciant
966 1831 1100 1881 atque
1123 1826 1187 1869 ita
1211 1829 1420 1870 tueantur
1444 1826 1523 1868 ab·

181 1887 342 1935 sentes,
382 1885 435 1925 ut
469 1881 544 1925 id⁴
581 1882 724 1925 solum
762 1881 993 1937 diligenter
1029 1881 1275 1937 inquirant,
1317 1894 1374 1924 an
1414 1881 1522 1934 eius,

181 1938 256 1994 qui
299 1938 497 1994 quolibet
533 1937 695 1981 modo-'³
737 1937 1068 1993 peregrinatur,
1110 1937 1331 1993 possessio
1371 1937 1524 1980 ablata

180 1999 269 2060 est,
310 2006 441 2051 quam
478 1994 752 2050 propinquus
783 1994 851 2037 vel
879 2006 1041 2049 parens
1071 1993 1139 2037 vel
1169 1994 1425 2049 proximus⁶
1458 1993 1523 2036 vel

180 2063 347 2095 amicus
383 2050 454 2094 vel
494 2050 678 2094 colonus
716 2050 784 2093 vel
821 2049 1036 2094 libertus⁷
1075 2063 1155 2094 seu
1192 2051 1375 2094 servus⁸
1414 2063 1520 2104 quo-

179 2107 290 2151 libet
316 2107 446 2150 titulo
475 2106 720 2160 retinebat,
761 2118 843 2150 nec
873 2119 972 2159 eos,
1013 2106 1089 2162 qui
1122 2106 1281 2150 deiecti
1310 2110 1416 2150 sunt
1445 2106 1522 2148 ab·

180 2163 368 2207 sentium
396 2162 572 2207 nomine
599 2162 893 2218 possidentes,
925 2163 1029 2218 quia
1053 2162 1229 2206 minime
1251 2162 1361 2218 ipsis
1389 2162 1522 2206 dictio

182 2230 344 2262 causae
385 2218 595 2261 mandata
637 2218 714 2272 sit,
766 2219 823 2261 ab
867 2218 1139 2274 experiunda
1182 2231 1231 2262 re
1275 2218 1522 2273 secludant,

181 2287 287 2327 nec,
325 2274 362 2318 si
402 2273 516 2317 servi
545 2274 651 2327 sint,
694 2287 847 2318 corum
875 2274 1064 2318 reiciant
1091 2274 1138 2318 in
1166 2274 1264 2318 iure
1292 2286 1522 2330 personas,

211 2330 287 2374 uia
324 2329 576 2373 huiusmodi
615 2330 889 2373 condicionis
919 2331 1170 2375 hominibus
1202 2342 1362 2373 causas
1394 2343 1523 2373 orare

201 2400 251 2431 as
280 2398 370 2430 non
409 2385 485 2430 sit:
527 2385 605 2429 sed
640 2390 745 2441 post
776 2386 928 2441 elapsa
958 2398 1132 2441 quoque
1162 2386 1307 2442 spatia
1335 2398 1521 2441 recupe-

180 2442 348 2487 randae
415 2442 676 2486 ossessionis
714 2441 883 2497 legibus
923 2441 1191 2497 praestituta
1233 2441 1418 2496 litigium
1458 2441 1520 2485 eis

180 2498 388 2543 inferenti
421 2511 474 2541 us
517 2497 666 2552 largiri
711 2498 936 2550 convenit,
990 2502 1042 2540 ut
1085 2511 1160 2542 eos
1203 2497 1522 2541 momentariae

179 2554 364 2612 perinde
386 2553 655 2610 possessioni
685 2554 779 2597 sine
808 2554 899 2597 ulla
930 2554 1242 2598 cunctatione⁹
1269 2553 1520 2605 restituant,

186 2616 204 2655 1
279 2623 333 2655 ac
377 2610 415 2654 si
456 2622 658 2654 reversus
702 2609 903 2654 dominus
946 2609 1175 2665 litigasset.
1250 2609 1332 2653 Cui
1374 2614 1521 2653 tamen

183 2667 379 2724 quolibet
403 2670 491 2710 tem
524 2678 599 2710 ore
622 2678 799 2710 reverso
826 2666 1044 2710 actionem
1066 2666 1399 2722 recuperandae
1419 2679 1523 2722 pos-

181 2722 392 2768 sessionis
427 2722 473 2765 in
505 2722 763 2777 ulgemus¹⁰,
807 2722 912 2777 quia
954 2722 1052 2766 fieri
1086 2725 1255 2778 potest,
1299 2726 1351 2766 ut
1393 2721 1522 2767 resti-

180 2779 293 2824 tutio
330 2782 511 2834 propter
547 2779 744 2822 servulos
779 2778 977 2822 infideles
1006 2779 1075 2822 vel
1111 2778 1390 2834 neglegentes
1418 2791 1523 2834 pro-

180 2837 368 2892 pinquos
406 2834 475 2878 vel
507 2838 720 2899 parentes
758 2835 826 2878 vel
864 2834 1089 2889 proximos
1107 2836 1140 2861 ¹¹
1178 2835 1246 2878 vel
1284 2834 1449 2878 amicos
1481 2837 1525 2877 et

181 2892 361 2936 colonos
390 2890 459 2934 vel
486 2890 672 2934 llbertos
688 2891 723 2915 ¹²
760 2890 931 2935 interea
961 2890 1203 2934 differatur.
1263 2890 1522 2935 absentibus

180 2948 294 2992 enim
324 2946 505 2991 officere
534 2959 623 2989 non
652 2945 784 2990 debet
811 2951 984 3002 tempus
1019 2959 1263 2999 emensum,
1305 2946 1424 3002 quod
1453 2959 1522 2990 re-

182 3003 462 3103 cuiperandae
490 3002 761 3058 possessioni
790 3003 961 3059 legibus
992 3003 1304 3059 praestitutum
1335 3007 1414 3057 est,
1446 3003 1523 3047 sed

179 3072 228 3104 re
249 3062 419 3104 ormato
441 3061 576 3110 statu,
607 3058 683 3114 qui
707 3071 788 3115 per
810 3059 1018 3103 iniuriam
1041 3060 1244 3103 sublatus
1273 3063 1352 3111 est,
1377 3059 1524 3102 omnia

180 3128 294 3171 quae
324 3117 590 3170 supererunt
626 3115 683 3158 ad
713 3115 1076 3170 disceptationem
1105 3116 1231 3170 litigii
1259 3115 1523 3158 immutilata

179 3174 491 3227 permaneant:
529 3169 693 3213 iudicio
732 3173 905 3214 servato
945 3171 1074 3214 iustis
1103 3171 1395 3227 legitimisque
1423 3184 1522 3226 per-

181 3227 324 3277 sonis,
365 3238 465 3269 cum
507 3225 635 3269 valde
675 3225 870 3269 sufficiat
906 3227 1230 3281 possessionem
1268 3227 1522 3270 tenentibus

181 3281 431 3326 absentium
455 3281 631 3327 nomine
655 3284 811 3325 contra
831 3281 1130 3337 praesentium
1143 3281 1396 3325 violentiam
1415 3283 1521 3325 sub-

180 3338 332 3382 veniri.
393 3336 448 3380 D.
479 3348 518 3380 Χ
542 3335 584 3380 lc.
616 3336 727 3381 Nov.
759 3335 1009 3381 Mediolani
1043 3336 1335 3382 Constantino
1366 3338 1417 3381 A.
1453 3349 1526 3381 VJ!

182 3400 227 3439 et
256 3392 518 3438 Constantio
552 3391 594 3436 C.
627 3405 771 3436 conss.
1334 3397 1390 3445 [a.
1423 3397 1520 3445 326]

239 3449 270 3495 2
314 3448 420 3493 ¹³Im
490 3483 497 3491 .
539 3448 764 3492 Arcadius
807 3452 852 3492 et
889 3447 1124 3493 Honorius
1164 3449 1257 3493 AA.
1303 3447 1521 3493 Petronio

181 3506 351 3552 vicario
453 3504 745 3562 ispaniarum.
828 3504 923 3549 Nec
972 3504 1200 3560 imperiale
1246 3517 1521 3561 responsum,

183 3562 301 3619 quod
335 3560 601 3618 supplicatio
637 3559 870 3616 litigatoris
914 3560 1108 3605 obtinuit
1122 3562 1168 3614 ¹⁴,
1213 3573 1296 3605 nec
1339 3561 1521 3604 interlo-

184 3618 302 3663 cutio
333 3616 571 3673 cognitoris
602 3628 655 3660 ex
681 3629 957 3672 quacumque
980 3619 1109 3672 parte
1132 3617 1343 3661 innovare
1359 3619 1392 3643 ¹⁵
1417 3629 1522 3682 pos-

182 3673 392 3718 sessionis
417 3675 581 3717 statum
606 3685 658 3716 eo
683 3672 758 3728 qui
783 3685 876 3716 rem
898 3678 1021 3717 tenet
1040 3674 1224 3717 absente
1239 3673 1521 3729 permittltur,

182 3731 287 3787 quia
322 3729 597 3785 negotiorum
632 3728 791 3773 merita
819 3729 1012 3784 partium
1041 3729 1290 3773 adsertione
1318 3728 1520 3784 pandun-

180 3789 270 3830 tur.
329 3785 384 3829 D.
411 3796 489 3829 JV
521 3783 565 3829 lc.
597 3782 698 3828 Ian.
738 3783 999 3829 Mediolano
1041 3784 1251 3829 Caesario
1290 3790 1335 3829 et
1371 3784 1521 3828 Attico

182 3855 326 3887 conss.
1334 3843 1391 3893 [a.
1423 3843 1521 3892 397]

185 4152 232 4204 (1)
263 4153 324 4193 est
354 4152 397 4203 C,
426 4151 524 4192 sunt
551 4149 631 4193 PR

184 4211 236 4263 cs.
268 4210 504 4260 Zeitsckrift
531 4208 610 4261 su'r
638 4207 920 4261 Rechtsqesclz.
950 4215 986 4247 11
1020 4221 1062 4259 p.
1094 4215 1155 4248 181

184 4268 223 4314 4,
256 4273 313 4316 22,
343 4273 360 4306 1
391 4265 434 4305 Β
465 4266 531 4315 50,
562 4271 596 4313 3,
629 4271 674 4304 60
802 4263 856 4314 (4)
895 4261 1101 4308 absentes,
1140 4264 1189 4301 ut
1223 4261 1283 4312 id]
1324 4262 1519 4302 absentes.

186 4320 260 4359 hos
288 4322 424 4360 tamen
455 4319 622 4368 iudices,
654 4331 756 4370 quos
784 4317 1014 4358 absentium
1042 4318 1233 4357 iussimus
1263 4317 1399 4357 subire
1428 4329 1521 4369 per-

183 4388 337 4427 sonam,
366 4376 479 4416 intra
507 4376 582 4415 hos
611 4373 806 4415 terminos
834 4373 1056 4413 ministerii
1085 4373 1321 4424 retinemus,
1359 4375 1408 4413 ut
1435 4372 1521 4412 illi-

183 4431 290 4471 batis
319 4434 442 4482 atque
471 4430 662 4471 omnibus
690 4429 863 4481 integris
891 4441 1036 4469 causae
1070 4428 1313 4481 principalis
1343 4428 1522 4469 externis

183 4486 227 4526 id
269 4487 360 4541 st,
470 4489 525 4539 (5)
562 4489 682 4539 pacto
724 4487 795 4526 le.

183 4554 275 4582 mus
304 4557 387 4583 cum
418 4542 490 4583 le.
523 4553 559 4584 et
586 4543 756 4585 Graecis
787 4542 864 4582 del.

645 4599 701 4651 (8)
730 4597 796 4638 vel
824 4596 1012 4637 servulus
1045 4597 1117 4637 171.

662 4654 737 4707 (10)
769 4652 1017 4694 indulsimus
1057 4652 1130 4695 171.

745 4151 799 4201 (2)
827 4162 891 4191 xv
919 4151 1078 4204 scripsi,
1107 4162 1194 4190 1111
1217 4150 1333 4259 Hal),
1362 4149 1522 4246 xuiTlZ,

1287 4215 1306 4248 3
1355 4226 1411 4242 =--·
1510 4235 1519 4244 .

925 4484 980 4536 (6)
1009 4484 1075 4524 vel
1109 4497 1258 4536 parens
1287 4484 1351 4525 vel
1380 4483 1520 4537 proxi-

950 4541 1005 4592 (7)
1034 4539 1100 4581 Vel
1128 4539 1303 4580 libertus
1333 4556 1417 4581 cum
1448 4541 1519 4581 771.

185 4607 223 4639 et
255 4597 423 4640 Graecis
453 4599 529 4639 del.
1231 4597 1287 4648 (9)
1317 4596 1405 4637 gine
1434 4594 1523 4635 ulla

185 4655 320 4696 cunct.
353 4669 423 4695 om.
460 4654 532 4696 Th.

1461 240 1466 247 Δ
1510 164 1619 224 333

1258 4652 1328 4703 (11)
1357 4650 1422 4691 vel
1449 4663 1521 4703 pa·
1559 4673 1568 4703 1
1608 4649 1724 4697 Hal„
1753 4659 1846 4688 nov.
1877 4646 1920 4688 P

2617 168 2741 222 VIH
2778 173 2945 222 4-10

2223 323 2343 373 V1.¹⁶

2048 404 2146 446 UTI
2175 404 2506 448 Possrnn‘ms

1670 489 1692 535 1
1731 489 1876 548 Impp.
1909 488 2220 534 Diocletianus
2258 494 2302 533 et
2329 487 2641 534 Maximianus
2669 491 2761 534 AA.
2794 496 2838 534 et
2869 489 2946 536 CC.

1614 544 1649 588 C
1677 545 1796 588 rillo.
1856 545 1933 589 Uti
1959 545 2194 601 possidetis
2225 544 2409 589 fundum
2439 545 2493 588 de
2523 557 2609 600 quo
2641 546 2809 600 agitur,
2849 558 2949 589 cum

1611 613 1637 642 a
1710 601 1850 645 altero
1893 613 1974 644 nec
2010 601 2053 644 vi
2091 614 2173 645 nec
2215 602 2326 645 clam
2357 613 2436 644 nec
2464 599 2667 656 precario
2697 599 2948 655 possidetis,

1610 658 1759 699 rector
1796 656 2050 711 provinciae
2079 657 2165 701 vim
2202 657 2300 700 fieri
2333 655 2586 713 prohibebit
2613 667 2667 698 ac
2697 654 2949 698 satisdatio-

1610 710 1679 754 nis
1723 711 1790 754 vel
1842 712 2178 756 transferendae
2221 711 2516 768 possessionis
2563 709 2697 753 edicti
2746 711 2950 807 {erpetui

1609 765 1754 809 forma
1784 771 1957 810 servata
1986 768 2040 810 de
2068 769 2340 823 proprietate
2373 766 2623 820 cognoscet.
2686 762 2750 807 Su
2778 764 2950 822 scripta

1611 833 1679 864 III
1705 821 1764 864 id.
1799 820 1936 865 Oct.¹⁷
1965 821 2255 866 Nicomediae
2286 820 2364 864 CC.
2396 833 2540 864 conss»
2763 823 2819 871 [a.
2851 822 2948 871 294]

2210 989 2356 1037 V11.¹⁸

1902 1072 1979 1114 DE
2010 1071 2249 1112 TABULIS
2279 1070 2651 1111 EXHIBENDIS.

1670 1154 1691 1202 1
1731 1154 1875 1214 Impp.
1919 1153 2190 1198 Valerianus
2227 1157 2271 1197 et
2309 1151 2539 1197 Gallienus
2578 1154 2668 1196 AA.
2715 1151 2948 1197 Germano.

1610 1211 1657 1255 Si
1695 1212 1742 1255 in
1778 1214 1999 1267 potestate
2028 1209 2170 1266 patris
2199 1209 2382 1253 fuerunt
2409 1209 2664 1265 impuberes
2690 1208 2772 1252 filii
2802 1213 2846 1252 et
2874 1222 2952 1253 vos

1609 1268 1671 1311 eis
1703 1268 1807 1312 estis
1837 1266 2067 1311 substituti
2095 1269 2228 1322 atque
2255 1265 2321 1309 ita
2351 1265 2408 1309 ad
2430 1278 2508 1308 vos
2534 1265 2650 1308 intra
2671 1265 2952 1321 pubertatem

1609 1324 1696 1368 illis
1736 1323 2049 1368 decedentibus
2090 1322 2235 1378 coepit
2273 1322 2496 1366 hereditas
2526 1321 2761 1376 pertinere,
2791 1321 2846 1364 de
2875 1333 2950 1366 ex-

1608 1379 1812 1424 hibendis
1856 1378 2112 1424 testamenti
2152 1378 2318 1422 tabulis
2362 1377 2598 1421 interdicto
2641 1377 2709 1420 uti
2747 1377 2948 1433 potestis.

1609 1435 1701 1479 PP.
1729 1448 1801 1479 VII
1827 1435 1868 1479 k.
1898 1435 2004 1478 Mai.
2033 1433 2268 1478 Saeculari
2297 1439 2341 1478 et
2363 1433 2542 1478 Donato
2567 1447 2710 1478 conss.
2772 1436 2828 1486 [a.
2853 1436 2949 1485 260]

2191 1606 2365 1655 V111.¹⁹

1609 1689 1685 1728 DE
1730 1689 1955 1729 LIBERIS
2000 1688 2360 1729 EXHIBENDIS
2405 1688 2511 1728 SEU
2550 1689 2626 1728 DE
2667 1688 2948 1729 DUCENDIS

1747 1744 1821 1784 ET
1852 1745 1928 1783 DE
1959 1744 2190 1785 HOMINE
2219 1744 2430 1784 LIBERO
2460 1742 2817 1784 EXHIBENDO.

1666 1823 1688 1870 1
1735 1824 1848 1882 Imp.
1891 1825 2148 1868 Antoninus
2187 1825 2238 1868 A.
2279 1824 2468 1868 Iustino.
2539 1825 2607 1876 Si,
2647 1828 2697 1869 ut
2725 1826 2950 1881 proponis,

1609 1894 1709 1925 cum
1737 1885 1843 1924 tuae
1854 1881 1892 1908 ²⁰
1920 1880 2153 1936 potestatis
2185 1893 2326 1933 esses,
2366 1893 2499 1936 super
2528 1882 2660 1925 rebus
2691 1882 2843 1924 matris
2875 1881 2951 1924 ob-

1606 1936 1802 1989 tinuisti,
1844 1941 1971 1992 potes
2011 1949 2088 1980 eos
2127 1937 2199 1992 qui
2238 1936 2319 1980 tibi
2350 1936 2631 1980 condemnati
2661 1941 2764 1980 sunt
2796 1950 2950 1980 conve-

1606 1992 1714 2036 nire.
1776 1992 1895 2048 quod
1925 1992 1963 2036 si
1992 1992 2161 2047 extitit,
2201 1993 2276 2049 qui
2312 1995 2357 2036 te
2392 1992 2532 2036 filium
2569 1997 2612 2036 et
2639 1993 2686 2036 in
2716 2005 2797 2037 sua
2826 1997 2951 2048 pote-

1607 2052 1723 2093 state
1754 2062 1850 2093 esse
1883 2048 2121 2102 contendit,
2151 2048 2388 2093 interdicto
2414 2049 2459 2092 in
2485 2061 2581 2092 eam
2606 2062 2699 2093 rem
2723 2050 2952 2106 proposito

1608 2105 1662 2149 de
1691 2105 1779 2149 fide
1807 2105 2065 2150 intentionis
2098 2105 2191 2149 eius
2222 2109 2472 2161 quaeretur.
2533 2104 2626 2149 PP.
2654 2117 2703 2148 VJ
2730 2106 2787 2149 id.
2808 2106 2950 2163 April.

1608 2161 1783 2206 duobus
1811 2162 1974 2220 Aspris
2003 2174 2147 2206 conss.
2766 2166 2822 2213 [a.
2856 2165 2951 2214 212]

1665 2215 1696 2263 2
1728 2216 1874 2276 Impp.
1908 2217 2223 2261 Diocletianus
2261 2223 2306 2261 et
2333 2216 2645 2261 Maximianus
2673 2218 2766 2261 AA.
2798 2221 2843 2262 et
2874 2216 2951 2261 CC.

1611 2272 1816 2331 Cyrillae.
1876 2273 1963 2316 Adi
1992 2273 2240 2329 praesidem
2260 2273 2521 2329 provinciae
2550 2286 2603 2316 ac
2665 2274 2811 2317 ostula
2836 2273 2952 2317 filios

1607 2334 1708 2373 tuos
1739 2329 1951 2373 exhiberi.
2012 2328 2279 2386 Subscripta
2318 2342 2348 2372 V
2370 2329 2428 2372 id.
2453 2329 2596 2386 April.
2638 2330 2641 2332 ’
2666 2329 2844 2387 yzantii
2858 2329 2949 2372 AA.

1608 2398 1750 2428 conss.
2764 2388 2819 2436 [a.
2853 2387 2949 2434 293]

1666 2437 1695 2487 3
1728 2439 1853 2484 Idem
1882 2441 1973 2484 AA.
2005 2445 2050 2484 et
2081 2438 2159 2484 CC.
2193 2439 2460 2484 Euodiae²¹.
2521 2439 2569 2483 Si
2607 2439 2663 2482 ad
2702 2438 2845 2483 instar
2883 2440 2949 2483 in-

1607 2495 1783 2540 terdicti
1824 2496 1878 2540 de
1915 2496 2165 2541 exhibenda
2203 2495 2295 2539 filia
2324 2496 2518 2552 Philippi
2557 2508 2657 2538 eum
2688 2495 2948 2540 convenien-

1608 2553 1712 2596 dum
1751 2552 1999 2608 putaveris,
2036 2554 2185 2596 rector
2214 2551 2362 2596 aditus
2392 2552 2645 2608 provinciae
2673 2564 2799 2595 suam
2827 2551 2949 2595 vobis

1607 2608 1961 2653 accommodabit
1998 2609 2235 2652 notionem.
2307 2607 2351 2652 S.
2394 2620 2475 2651 XII
2510 2606 2552 2651 lc.
2591 2607 2696 2651 Dee.
2745 2607 2950 2652 Nicome-

1607 2665 1709 2709 diae
1738 2666 1830 2709 AA.
1863 2665 2052 2709 conss.²2
2763 2667 2820 2716 [a.
2852 2667 2948 2715 293]

2174 2834 2372 2885 V1111.²³

1606 2919 1684 2959 DE
1722 2918 2006 2980 PRECARIO
2044 2919 2118 2960 ET
2155 2919 2231 2959 DE
2270 2918 2550 2960 SALVIANO
2588 2918 2948 2960 INTERDICTO.

1665 3001 1690 3047 1
1727 3000 1840 3067 Imp.
1876 2999 2136 3046 Gordianus
2165 3001 2216 3043 A.
2247 3000 2462 3044 Aristoni.
2532 2999 2579 3043 Si
2608 3004 2652 3043 te
2682 3013 2770 3043 non
2799 3000 2948 3043 remit·

1607 3062 1727 3101 tente
1754 3070 1914 3114 p1gnus
1946 3057 2121 3100 debitor
2149 3061 2252 3100 tuus
2288 3069 2341 3100 ea
2370 3068 2484 3112 quae
2512 3055 2593 3099 tibi
2623 3055 2814 3099 obnoxia
2844 3058 2949 3099 sunt

1606 3113 1910 3163 venumdedit,
1950 3113 2167 3168 integrum
2205 3112 2288 3155 tibi
2315 3111 2386 3155 ius
2417 3114 2485 3155 est
2513 3123 2566 3154 ea
2594 3111 2819 3166 persequi,
2859 3124 2948 3154 non

1606 3169 1841 3213 interdicto
1886 3169 2094 3212 Salviano
2139 3167 2200 3220 (id
2237 3167 2351 3211 enim
2386 3167 2690 3210 tantummodo
2737 3167 2947 3211 adversus

1608 3225 1922 3269 conductorem
1975 3223 2267 3267 debitoremve
2314 3223 2562 3278 competit),
2617 3222 2693 3266 sed
2738 3222 2948 3266 Serviana

1608 3281 1781 3325 actione
1809 3280 1879 3324 vel
1919 3291 2032 3335 quae
2062 3279 2119 3322 ad
2149 3279 2396 3334 exemplum
2426 3279 2519 3322 eius
2548 3278 2796 3322 instituitur
2824 3279 2946 3323 utilis

1607 3338 1819 3381 adversus
1859 3339 2100 3391 emptorem
2139 3334 2396 3379 exercenda.
2466 3333 2559 3378 PP.
2601 3346 2649 3378 ν]
2687 3335 2747 3377 id.
2783 3333 2948 3393 Sept.2⁴

1606 3392 1692 3437 Pio
1723 3397 1769 3436 et
1795 3390 2023 3435 Pontiano
2053 3403 2196 3434 conss.
2760 3395 2815 3443 [a.
2849 3394 2945 3443 238]

1664 3446 1694 3493 2
1727 3446 1873 3505 Impp.
1904 3446 2216 3490 Diocletianus
2254 3451 2300 3490 et
2326 3445 2638 3491 Maximianus
2668 3449 2757 3490 AA.
2791 3452 2835 3490 et
2867 3446 2944 3491 CC.

1606 3504 1830 3548 Fabricio.
1889 3501 2144 3546 Habitantis
2176 3502 2379 3558 precario
2409 3503 2594 3547 heredes
2624 3503 2681 3546 ad
2710 3503 2944 3547 restituen-

1607 3560 1709 3604 dum
1747 3559 2053 3603 habitaculum
2090 3559 2230 3602 teneri
2268 3562 2424 3603 contra
2463 3572 2538 3604 eos
2577 3559 2811 3603 interdicto
2842 3571 2942 3613 pro-

1605 3616 1750 3672 posito
1790 3614 2024 3658 manifeste
2063 3614 2328 3658 declaratur.
2390 3613 2435 3659 S.
2474 3614 2516 3659 lc.
2547 3615 2653 3659 Dec.
2687 3614 2822 3658 Sirmi
2851 3614 2941 3657 AA.

1605 3685 1748 3717 conss.
2757 3673 2813 3722 [a.
2846 3672 2943 3720 293]

2224 3785 2326 3834 X.²⁵

1910 3867 1988 3907 DE
2017 3867 2330 3908 AEDIFICIIS
2359 3864 2631 3907 PRIVATIS.

1664 3948 1688 3995 1
1719 3947 1879 4007 Impp.
1912 3948 2168 3993 Antoninus
2206 3954 2251 3993 et
2288 3948 2431 3993 Verus
2443 3948 2480 3974 ²⁶
2517 3946 2608 3991 AA.
2653 3944 2815 3989 Tauro.
2883 3944 2945 3987 Et

1605 4006 1832 4060 balneum,
1875 4008 1927 4048 ut
1970 4003 2220 4058 desideras,
2263 4005 2482 4050 instruere
2520 4006 2565 4046 et
2606 3999 2857 4045 aedificium
2901 3999 2942 4043 ei

1604 4150 1741 4188 rentes
1767 4145 1832 4186 vel
1855 4145 2063 4198 proximos
2086 4147 2162 4188 del.
2190 4162 2273 4188 cum
2307 4145 2379 4185 Th.
2475 4144 2551 4194 (12)
2575 4141 2642 4183 vel
2665 4141 2736 4182 lib.
2763 4158 2836 4182 om.
2867 4142 2940 4182 Th.

1606 4205 1680 4257 (13)
1709 4224 1764 4238 =
1799 4203 1872 4242 Th.
1897 4203 1935 4250 4,
1963 4210 2021 4253 22,
2046 4211 2067 4244 5
2098 4203 2225 4254 Β50,
2243 4210 2277 4251 3,
2295 4210 2358 4242 61:
2392 4202 2509 4253 {unqe
2536 4202 2574 4248 7,
2602 4207 2660 4250 32,
2686 4207 2723 4240 11
2795 4198 2868 4250 (14)
2884 4200 2942 4238 sic

1606 4259 1679 4300 Ma
1715 4259 1800 4306 Th„
1840 4257 2044 4298 obtinebit
2075 4255 2261 4299 PCRMv
2405 4258 2477 4304 (15)
2510 4267 2558 4295 ex
2588 4266 2626 4305 q.
2655 4267 2696 4306 p.
2726 4252 2939 4303 innovare]

1604 4313 1871 4366 interpellare
1905 4313 1975 4355 Th.
2094 4315 2170 4367 (16)
2198 4314 2244 4354 Β
2274 4315 2342 4360 50,
2372 4320 2406 4360 3,
2437 4319 2495 4352 62.
2527 4312 2594 4360 60,
2629 4319 2679 4358 17,
2710 4318 2755 4350 30
2785 4332 2840 4338 —-
2877 4309 2940 4362 Cf.

1604 4371 1705 4423 Diy.
1736 4372 1802 4418 43,
1833 4378 1871 4410 17
2023 4370 2098 4422 (17)
2128 4370 2225 4410 Dec.
2263 4367 2480 4408 Mommsen
2630 4366 2704 4416 (18)
2746 4365 2807 4418 Cf.
2838 4364 2938 4419 Diq.

1604 4428 1673 4477 43,
1704 4435 1724 4466 5
1810 4426 1885 4475 (19)
1921 4425 1984 4479 Cf:
2014 4426 2114 4480 Diy.
2145 4427 2213 4475 43,
2243 4432 2301 4465 29.
2331 4432 2377 4463 30
2462 4422 2542 4473 (1ο)
2572 4423 2667 4460 tuae
2695 4421 2750 4471 R,
2779 4432 2875 4460 suae
2909 4421 2943 4461 C

1605 4481 1681 4535 (21)
1706 4480 1876 4521 euodiae
1899 4480 1949 4531 P,
1981 4480 2153 4522 euvodie
2174 4480 2221 4529 S,
2248 4478 2395 4519 euodio
2422 4477 2515 4520 CR.-
2546 4478 2598 4530 cjl
2615 4476 2795 4517 Schmidt
2810 4477 2939 4517 Inter-

1605 4538 1951 4590 dictenverfahren
1972 4553 2016 4591 p.
2034 4545 2101 4578 325
2175 4536 2254 4587 (22)
2277 4533 2357 4575 CC.
2384 4545 2512 4574 conse.
2539 4534 2593 4584 (a.
2610 4534 2696 4584 294)
2722 4533 2939 4573 Mommsen

1604 4591 1684 4643 (23)
1714 4592 1760 4633 B
1790 4594 1858 4643 25,
1888 4599 1923 4642 2,
1954 4601 2012 4635 36.
2043 4601 2086 4635 31
2118 4615 2171 4621 -
2208 4591 2270 4643 C'f.
2293 4589 2395 4644 Εἰς.
2420 4591 2487 4639 43,
2511 4597 2568 4631 16.
2595 4596 2638 4631 33
2730 4589 2809 4639 (14)
2837 4590 2938 4641 sept.

2028 4646 2106 4701 (25)
2137 4646 2182 4688 B
2213 4646 2281 4698 58,
2309 4654 2345 4688 11
2458 4645 2539 4699 (16)
2567 4655 2731 4685 severus
2762 4644 2857 4685 libri
