3094 4732
218 146 360 198 vnn
397 146 529 194 2-4

266 290 330 338 12
361 290 482 333 Idem
510 289 601 332 AA.
634 292 678 331 et
707 285 782 330 CC.
813 285 1007 330 Aurelio.
1076 284 1260 327 Factum
1295 281 1452 341 sponte
1481 289 1528 319 se

209 344 539 402 praecipitantis
569 342 812 385 innocenti²
853 341 1045 384 criminis
1082 337 1319 394 periculum
1353 333 1526 375 adferre

210 415 293 443 non
341 402 466 443 otest.
507 398 550 441 S.
569 408 693 440 stul
713 395 755 440 lc.
775 394 899 438 Ιειη.2
914 394 1052 438 Sirmi
1065 396 1153 437 AA.
1174 403 1313 434 conss.
1355 392 1410 439 [a.
1429 389 1527 437 293]

266 415 338 501 123Ρ
360 453 507 510 ³Impp
544 487 552 495 .
587 452 831 494 Gratianus
870 449 1207 509 Valentinianus
1245 451 1290 488 et
1329 442 1369 486 T
1364 441 1527 506 (leodo-

206 512 299 553 sius
335 510 465 552 AAA.
503 467 762 550 filariniano
803 506 969 548 vicario
1008 504 1268 558 Hispaniae.
1341 498 1387 541 Si
1430 509 1528 552 quis

208 578 353 608 servos
394 563 622 607 crediderit
661 559 954 611 accusandos,
993 571 1082 601 non
1119 557 1240 620 prius
1275 554 1331 597 ad
1370 565 1527 617 corpo-

208 622 331 662 rum⁴
358 622 575 662 tormenta
599 617 807 667 veniatur,
839 627 968 669 quam
997 616 1072 656 se⁵
1100 611 1272 655 vmculo
1304 610 1529 663 subscrip-

207 676 337 719 tionis
367 674 678 717 adstrinxerit(
717 671 770 714 D.
798 682 844 713 VJ
872 670 913 712 lc.
942 667 1041 711 Iun.
1068 666 1233 711 Patavi
1255 664 1530 709 Merobaude

208 732 363 774 iterum
393 738 436 773 et
463 728 705 772 Saturnino
737 739 878 769 conss,
1343 725 1397 774 [a.
1432 723 1527 769 383}

266 785 327 831 14
371 784 513 829 ‘’Idem
557 786 685 827 AAA.
740 788 784 826 et
833 780 1056 824 Arcadius
1102 779 1154 822 A.
1203 776 1398 835 Cyneqio
1446 789 1527 840 pp.

209 840 373 895 Singuli
414 840 687 894 universique
729 837 894 881 iudices
936 836 1206 889 cognoscant
1255 833 1299 875 in
1342 831 1529 896 pubhcis

210 896 460 939 criminibus
509 909 597 938 non
635 900 837 949 oportere
876 891 1156 935 emendicatis
1197 888 1414 942 suffragiis
1455 886 1528 950 de-

208 956 425 994 cretorum
465 955 542 993 aut
578 950 862 993 relationibus
893 961 919 990 a
947 946 1136 1002 publicis
1166 946 1366 1000 personis
1397 942 1528 1004 desti-

208 1006 359 1049 nandis
391 1005 577 1055 credere,
608 1005 684 1048 sed
712 1006 773 1046 rei
798 1004 1022 1046 veritatem
1047 1002 1281 1056 requirere.
1327 998 1382 1042 D.
1405 996 1528 1055 prid.

207 1061 248 1104 lc.
294 1060 401 1104 Mai.
459 1060 846 1117 Constantinopoli
888 1057 1082 1101 Arcadio
1127 1058 1178 1100 A.
1233 1061 1277 1098 et
1319 1053 1531 1161 ξααέοέξί

207 1130 346 1159 conss.
1359 1124 1399 1152 a.
1463 1144 1469 1148 .

263 1170 322 1216 15
364 1169 505 1214 'Idem
543 1170 714 1214 AAAA.
759 1169 948 1212 Tatiano
989 1182 1072 1232 pp.
1151 1167 1275 1209 Tunc
1330 1163 1530 1208 convenit

205 1226 470 1281 potentiores
509 1226 623 1268 viros
663 1224 816 1268 adesse
855 1224 1045 1273 iudiciis,
1088 1236 1183 1265 cum
1222 1234 1371 1264 eorum
1400 1231 1530 1275 prae-

206 1282 388 1324 sentiam
430 1283 474 1324 in
519 1281 770 1323 criminibus
815 1279 1034 1334 publicis⁸
1079 1291 1159 1333 per
1201 1276 1530 1331 inscriptionem

205 1349 337 1379 causa
370 1336 598 1391 deposcat,
638 1335 741 1378 licet
770 1335 815 1378 in
846 1334 1111 1390 pecuniariis
1142 1334 1287 1376 causis
1317 1344 1405 1396 per.
1424 1344 1531 1395 pro-

205 1398 428 1435 curatores
450 1391 550 1434 lites
576 1391 822 1435 sustineant
833 1391 862 1433 ⁹.
900 1389 954 1433 D.
973 1401 1045 1433 XV
1067 1388 1109 1432 lc.
1129 1387 1263 1432 Mart.
1281 1387 1528 1431 Mediolani

216 1445 526 1490 Valentiniano
556 1450 605 1490 A.
639 1458 728 1489 1111
754 1453 798 1489 et
826 1445 1038 1489 Neoterio
1069 1458 1210 1487 conss.
1342 1446 1528 1501 [a.ss390]

206 1542 209 1546 .
261 1499 324 1547 16
374 1500 479 1544 ¹⁰Im
507 1516 555 1558 p.
610 1502 830 1546 Arcadius
879 1506 923 1545 et
977 1500 1211 1543 Honorius
1252 1500 1343 1543 AA.
1401 1498 1529 1542 Pasi-

196 1556 384 1614 philo¹¹.
475 1571 505 1600 n
544 1558 687 1601 causis
728 1556 1024 1600 criminalibus
1064 1556 1240 1609 dignum
1271 1561 1350 1608 est,
1384 1560 1434 1598 ut
1462 1555 1527 1597 in-

202 1612 459 1678 scriptiones
486 1618 800 1668 proponantur,
832 1625 945 1667 quae
969 1612 1311 1666 magnitudinem
1326 1611 1531 1654 videlicet

120 1694 122 1696 .
204 1668 390 1711 criminis
419 1673 678 1724 tempusque
708 1668 949 1722 designant,
990 1673 1039 1710 ut
1072 1669 1330 1711 alterutram
1360 1673 1530 1722 partem

207 1731 222 1765 1
284 1723 412 1779 digna
451 1724 591 1777 legum
621 1732 767 1767 tenere
797 1724 938 1779 possit
966 1724 1223 1766 auctoritas.
1283 1723 1411 1777 Quod
1440 1729 1529 1765 sta-

201 1784 344 1822 tutum
383 1781 419 1822 si
457 1779 590 1823 fuerit
623 1780 739 1823 forte
769 1785 1077 1834 contemptum,
1118 1779 1164 1822 hi
1193 1779 1269 1834 qui
1298 1793 1352 1821 ex
1382 1778 1528 1821 officio

203 1834 503 1890 ingrediuntur
531 1836 811 1878 secretarium
841 1836 942 1890 quin
975 1847 1030 1878 ue
1059 1835 1270 1878 librarum
1299 1836 1396 1877 auri
1426 1847 1530 1877 con-

204 1891 475 1933 demnatione
496 1890 722 1934 ferientur.
764 1890 817 1934 I).
846 1903 937 1933 VIII
998 1926 1004 1933 .
1031 1890 1128 1933 Ian.
1147 1889 1396 1934 Mediolani
1427 1890 1531 1947 oly-

203 1946 300 1988 brio
330 1953 373 1989 et
399 1945 599 1990 Probino
630 1961 771 1990 conss.
1344 1951 1400 1999 [a.
1433 1948 1530 1998 395]

260 1998 321 2046 17
360 2000 539 2058 ¹²Impp.
581 2001 815 2046 Honorius
853 2008 897 2045 et
937 2001 1210 2045 Theodosius
1246 2003 1337 2045 AA.
1372 2015 1531 2045 oonsu-

204 2056 318 2099 libus
343 2057 636 2114 praetoribus
676 2057 864 2101 tribunis
934 2057 1041 2101 lebis
1078 2059 1253 2101 senatui
1269 2058 1302 2083 ¹³
1343 2058 1531 2100 salutem

203 2112 363 2155 dieunt.
423 2114 791 2156 Accusationibus
831 2127 880 2156 or
910 2114 1024 2156 inem
1052 2114 1139 2155 iam
1169 2113 1332 2156 dudum
1360 2113 1530 2167 legibus

202 2167 451 2210 institutum
490 2169 654 2211 servari
689 2169 912 2220 iubemus,
954 2175 1023 2221 ut,
1064 2170 1326 2224 quicumque
1366 2170 1410 2212 in
1442 2168 1529 2211 dis-

203 2223 366 2265 crimen
396 2223 555 2277 capitis
584 2225 837 2277 accersitur,
869 2237 957 2266 non
988 2226 1136 2266 statim
1164 2237 1264 2267 reus
1295 2223 1368 2278 qui
1397 2236 1528 2267 accu-

199 2278 289 2320 sari
331 2278 475 2332 potuit
517 2280 793 2331 aestimetur,
848 2291 904 2321 ne
947 2279 1191 2322 subiectam
1233 2279 1530 2322 innocentiam

198 2332 424 2375 faciamus.
484 2332 560 2376 sed
599 2334 794 2389 quisquis
832 2334 905 2376 ille
935 2338 1001 2375 est
1029 2335 1102 2387 qui
1134 2334 1297 2377 crimen
1325 2334 1528 2385 intendit,

198 2389 240 2430 in
279 2387 485 2432 iudicium
513 2389 679 2441 veniat,
719 2402 875 2432 nomen
904 2390 968 2431 rei
995 2389 1181 2441 indicet,
1211 2390 1433 2432 vinculum
1461 2389 1528 2431 in·-

198 2444 449 2498 scriptionis
488 2444 698 2499 adripiat,
738 2444 965 2488 custodiae
1012 2444 1337 2488 similitudinem
1375 2445 1530 2487 habita

197 2506 343 2542 tamen
380 2499 600 2554 dignitatis
641 2500 944 2544 aestimatione
981 2500 1179 2555 patiatur
1221 2513 1303 2544 nec
1340 2501 1528 2556 impuni-

197 2562 286 2597 tam
329 2555 423 2597 fore
467 2556 636 2599 noverit
673 2556 893 2600 licentiam
931 2557 1179 2608 mentiendi,
1222 2570 1320 2600 cum
1365 2557 1529 2600 calum-

197 2611 365 2654 niantes
410 2611 466 2653 ad
503 2611 739 2655 vindictam
783 2618 939 2667 poscat
981 2612 1216 2655 similitudo
1261 2613 1465 2668 supplicii
1481 2614 1527 2654 ¹⁴.

203 2674 217 2708 1
279 2666 418 2709 Nemo
460 2669 607 2710 tamen
653 2668 737 2710 sibi
780 2668 1030 2711 blandiatur
1073 2668 1251 2711 obiectu
1297 2668 1531 2711 cuiuslibet

200 2722 388 2765 criminis
417 2722 471 2765 de
499 2735 547 2765 se
574 2723 621 2766 in
651 2724 908 2778 quaestione
939 2723 1190 2773 confessus,
1229 2724 1401 2767 veniam
1431 2736 1529 2779 spe-

199 2790 301 2820 rans
340 2783 522 2832 propter
558 2777 725 2833 flagitia
752 2779 972 2832 adiuncti,
1002 2780 1070 2823 vel
1101 2780 1403 2823 communione
1445 2779 1529 2822 cri-

199 2833 326 2876 minis
371 2834 637 2877 consortium
681 2847 898 2889 personae
941 2834 1180 2890 superioris
1227 2841 1410 2890 optans,
1454 2838 1532 2878 aut

199 2888 360 2931 inimici
397 2890 610 2944 supplicio
648 2890 694 2932 in
733 2891 831 2946 ipsa
870 2904 1174 2946 supremorum
1203 2903 1384 2934 suorum
1413 2897 1531 2934 sorte

199 2944 455 2995 sociandus,
495 2948 575 2988 aut
614 2946 725 3000 eripi
765 2960 813 2990 se
849 2959 982 3002 posse
1021 2945 1246 2990 confidens
1276 2949 1357 2990 aut
1384 2946 1529 2990 studio

199 3004 275 3041 aut
311 3000 532 3054 privilegio
570 3003 801 3055 nominati,
834 3014 931 3045 cum
961 3004 1119 3046 veteris
1149 3003 1256 3046 iuris
1286 3002 1531 3046 auctoritas

198 3055 251 3098 de
292 3068 339 3098 se
383 3056 608 3100 confessos
647 3070 703 3100 ne
741 3058 1001 3113 interrogari
1070 3058 1214 3101 uidem
1252 3057 1308 3102 de
1345 3059 1532 3102 aliorum

199 3111 466 3154 conscientia
509 3111 638 3156 sinat.
705 3126 833 3157 nemo
872 3116 1005 3169 igitur
1074 3126 1098 3156 e
1134 3114 1314 3170 proprio
1353 3115 1533 3157 crimine

200 3166 480 3210 confitentem
516 3181 649 3225 super
689 3170 961 3213 conscientia
999 3174 1223 3214 scrutetur
1259 3170 1417 3214 aliena.
1474 3169 1530 3214 D.

207 3233 299 3263 7111
333 3222 391 3265 id.
422 3228 533 3280 Auq.
565 3223 807 3269 Ravenna-e
836 3225 1154 3284 Asclepiodoto
1193 3232 1238 3270 et
1268 3225 1532 3270 Mariniano

201 3289 341 3319 conss.
1346 3287 1402 3335 [a.
1433 3285 1532 3334 423]

803 3395 927 3445 111.ss

202 3471 277 3510 DE
318 3471 673 3515 EXHIBENDIS
710 3476 823 3516 VEL
866 3477 1355 3520 TRANSMITTENDIS
1392 3479 1533 3518 REIS.

228 3551 282 3616 ,1
334 3552 467 3612 ¹⁶Imp
504 3589 513 3599 .
556 3554 894 3601 Valentinianus
941 3566 984 3602 et
1033 3559 1196 3604 Valens
1238 3562 1330 3605 AA.
1373 3560 1533 3604 Valen-

203 3614 295 3651 tino
325 3623 463 3653 consu
482 3611 554 3653 ari
581 3610 747 3655 Piceni.
807 3613 853 3656 Si
890 3615 1011 3658 miles
1052 3617 1097 3659 in
1125 3618 1353 3671 provincia
1380 3630 1530 3672 reper-

200 3667 272 3728 tus
303 3665 464 3709 crimen
494 3666 720 3721 publicum
750 3671 1027 3724 commiserit,
1057 3685 1156 3714 eum
1181 3676 1328 3716 rector
1353 3673 1530 3728 provin-

202 3732 294 3762 ciae
339 3722 421 3764 sub
463 3722 663 3766 custodia
703 3725 941 3768 constituat
975 3730 1107 3782 atque
1150 3729 1215 3771 ita
1258 3729 1325 3771 vel
1370 3740 1531 3771 causae

199 3776 400 3818 meritum
428 3778 496 3820 vel
523 3791 736 3832 personae
765 3781 1019 3834 qualitatem
1047 3783 1103 3825 ad
1132 3785 1385 3838 magistrum
1415 3784 1528 3826 mili-

199 3835 292 3874 tum
319 3832 492 3876 referat.
551 3833 605 3877 D.
624 3846 682 3877 Χ]
708 3834 750 3878 lc.
769 3835 896 3879 Febr.
927 3835 1172 3882 Mediolani
1213 3839 1249 3882 V
1251 3840 1527 3883 alentiniano

199 3891 244 3929 et
282 3885 464 3932 Valente
491 3890 583 3932 AA.
614 3903 757 3934 conss.
1341 3901 1397 3947 [a.
1431 3899 1527 3948 365]

202 4027 252 4078 (1)
279 4027 510 4069 innocentis
546 4030 711 4071 LC⁰R⁶
740 4040 878 4072 contra
909 4032 951 4072 Β
1091 4038 1145 4086 (2)
1182 4037 1269 4075 Ian.
1308 4036 1527 4077 Mommsen

200 4083 253 4131 (3)
282 4099 338 4114 ==
357 4084 427 4123 le.
444 4086 586 4133 9,1,14
670 4087 722 4137 (4)
750 4087 987 4127 miserorum
1020 4090 1090 4130 ΤΙι.
1118 4101 1258 4132 contra
1287 4094 1374 4132 ΒΣ
1390 4094 1443 4140 (κ.
1462 4096 1526 4142 π.)

200 4138 255 4186 (5)
285 4143 495 4178 accusator
523 4142 594 4180 ins.
632 4142 704 4183 Th.
735 4151 872 4183 contra
902 4145 989 4182 ΒΣ
1005 4147 1057 4196 (κ.
1075 4152 1138 4196 π.)
1275 4148 1333 4198 (6)
1362 4165 1418 4180 =
1454 4149 1524 4188 Th.

201 4193 239 4242 9,
263 4202 294 4242 1,
320 4204 357 4233 15
456 4194 511 4245 (7)
541 4215 594 4230 =
630 4197 699 4236 le.
726 4200 765 4247 9,
792 4207 823 4247 1,
851 4207 886 4238 17
985 4204 1040 4252 (8)
1068 4201 1109 4239 in
1142 4203 1253 4241 crim.
1285 4202 1399 4254 publ.
1433 4204 1530 4244 libri

202 4262 285 4298 cum
313 4250 400 4287 ΒΣ
424 4252 477 4300 (κ.
497 4250 575 4301 τι),
613 4251 838 4292 criminalis
881 4254 952 4294 Th.
1095 4259 1149 4305 (9)
1180 4256 1278 4298 licet
1307 4288 1318 4298 .
1336 4288 1345 4297 .
1364 4289 1373 4298 .
1403 4259 1525 4298 susti-

201 4307 325 4364 neant
354 4319 424 4343 om.
447 4306 532 4353 Th„
562 4307 707 4347 habent
735 4309 822 4347 ΒΣ
845 4309 901 4356 (κ.
915 4309 981 4359 π.)
1077 4313 1150 4361 (10)
1179 4332 1235 4347 =
1266 4314 1335 4353 Th.
1361 4316 1399 4364 2,
1426 4324 1456 4365 1,
1484 4324 1524 4355 8:

204 4371 320 4409 iunye
351 4361 388 4404 8,
419 4368 451 4410 4,
483 4369 516 4400 8.
557 4363 596 4410 9,
626 4370 683 4412 37,
715 4373 728 4403 1
875 4371 944 4413 (11)
981 4377 1054 4403 suo
1093 4368 1261 4407 salutem
1303 4371 1419 4409 addit
1453 4371 1524 4410 Th.

203 4413 274 4459 (12)
300 4433 353 4447 -—-
385 4415 452 4453 Th.
471 4417 635 4463 9,1,19:
667 4421 782 4470 iunye
808 4421 846 4467 4,
872 4428 930 4468 20,
956 4429 996 4460 12
1028 4429 1062 4458 et
1092 4437 1191 4472 quae
1221 4426 1279 4464 ibi
1308 4426 1526 4465 laudantur

204 4466 275 4527 (13)
311 4479 382 4507 suo
422 4471 493 4507 ins.
532 4471 602 4510 Th.
721 4474 792 4522 (14)
834 4486 910 4513 nec
947 4475 1190 4526 impunitam
1333 4479 1525 4531 supplicii

206 4527 395 4581 iterantur
434 4526 472 4562 in
510 4527 546 4571 9,
578 4534 635 4573 46,
666 4537 704 4566 10
826 4532 899 4577 (15)
931 4529 975 4569 Β
1006 4533 1043 4577 6,
1075 4539 1129 4577 35,
1162 4542 1199 4571 15
1235 4549 1342 4585 seqq.
1373 4557 1428 4566 -—
1464 4536 1523 4585 Cf.

211 4572 304 4625 D19·
334 4579 398 4626 48,
429 4587 447 4617 a
532 4583 604 4629 (ιε)
634 4602 691 4614 aa
722 4583 790 4621 Th.
823 4586 862 4634 9,
892 4593 926 4633 2,
958 4594 977 4625 2
1064 4591 1134 4633 (ιτ)
1166 4607 1219 4621 =
1249 4590 1317 4628 Th.
1350 4592 1389 4638 9,
1421 4600 1453 4639 2,
1484 4583 1523 4631 s:

1527 125 1631 183 370

2345 139 2419 176 DF:
2454 139 2790 178 Exmnmmls
2827 138 2949 176 Rms

1674 273 1704 320 2
1750 273 1859 316 ¹⁷Im*
1880 288 1916 332 p
1954 309 1963 319 .
2007 274 2253 320 Gratianus
2293 273 2634 318 Valentinianus
2671 279 2716 320 et
2754 273 2950 319 Theodo-

1615 330 1710 373 sius
1738 288 1884 373 ΑΑΛΙ.7
1903 289 2127 389 Eutropio
2151 346 2233 389 pp.
2303 330 2464 373 Nullus
2494 329 2548 394 'in
2579 343 2800 375 carcerem
2827 331 2951 386 prius

1619 390 1636 429 1
1699 397 1829 440 quam
1867 385 2151 431 convincatur
2188 386 2360 430 omnino
2390 385 2621 429 vinciatur.
2679 385 2751 430 Ex
2779 386 2949 440 longin-

1614 453 1699 495 quo
1738 439 1778 482 si
1817 440 1913 495 quis
1953 445 2023 486 est
2056 443 2315 488 acciendus.
2347 454 2435 484 non
2469 441 2594 492 prius
2631 441 2901 485 insimulanti
2917 444 2953 469 ¹⁸

1612 495 1970 540 accommodetur
1994 492 2222 546 adsensus,
2247 506 2377 546 quam
2399 491 2602 535 sollemni
2622 492 2717 547 lege
2732 506 2781 537 se
2797 494 2948 538 vinxe-

1613 556 1639 595 2
1683 550 1802 594 rit¹⁹.
1847 550 1990 607 Eique
2015 554 2090 607 qui
2115 552 2396 596 deducendus
2409 552 2448 577 ²⁰
2469 552 2553 594 erit
2575 551 2631 594 ad
2657 551 2949 606 dIsponendas

1612 619 1686 650 res
1726 619 1831 650 suas
1870 608 2282 664 componendosque
2314 612 2506 651 maestos
2545 610 2728 661 penates
2761 619 2781 650 s
2814 609 2952 653 atium

1616 675 1764 706 coram
1794 661 1880 704 loci
1907 662 2053 706 iudice
2081 671 2161 707 aut
2189 666 2319 708 etiam
2355 662 2686 716 magistratibus
2727 675 2779 705 su
2800 661 2950 710 ficieu—
3028 669 3030 672 ’

1614 721 1726 761 tium
1756 717 1938 770 dierum,
1971 731 2061 761 non
2088 721 2231 763 minus
2261 724 2407 763 tamen
2422 722 2458 745 ²²
2497 718 2679 772 triginta
2717 718 2952 768 tribuatur,

1615 774 1736 816 nulla
1765 778 2016 816 remanente
2046 775 2166 830 apud
2194 788 2294 819 eum
2325 775 2399 830 qui
2429 774 2485 816 ad
2515 773 2808 818 exhibendum
2847 775 2952 816 mis-

1616 836 1638 871 3
1699 841 1774 872 sus
1816 834 1883 871 est
1921 829 2051 883 copia
2089 831 2373 874 nundinandi.
2442 830 2527 884 Qui
2565 834 2854 885 posteaquam
2896 828 2955 872 ad

1614 884 1803 928 iudicem
1848 885 2036 936 venerit,
2088 885 2288 930 adhibita
2340 886 2628 929 advocatione
2666 885 2735 928 ius
2777 884 2956 928 debebit

1615 941 1846 996 explorare
1881 941 2127 994 quaesitum
2155 955 2208 985 ac
2238 942 2406 985 tamdiu
2436 942 2533 997 pari
2565 954 2663 984 cum
2693 943 2955 986 accusat-ore

1614 997 1795 1039 fortuna
1826 996 2025 1048 retineri,
2066 996 2206 1041 donec
2240 1011 2287 1041 re
2319 999 2480 1054 pererit
2511 997 2701 1052 cognitio
2733 996 2957 1040 celebrata

1615 1053 1864 1095 discrimen.
1909 1051 1965 1095 D.
1994 1063 2062 1095 111
2087 1052 2130 1095 lc.
2151 1053 2248 1097 lan.
2309 1053 2668 1109 onscantinopoli
2686 1051 2907 1095 Gratiano
2931 1062 2962 1094 ν

1614 1115 1661 1152 et
1691 1107 1940 1151 Theodosio
1970 1107 2062 1151 AA.
2095 1121 2238 1153 conss.
2767 1112 2823 1161 [a.
2856 1111 2953 1160 380]

1673 1161 1702 1209 3
1739 1163 1957 1221 ²²Imppp.
1990 1163 2333 1208 Valentinianus
2361 1164 2638 1210 Theodosius
2668 1169 2712 1208 et
2734 1163 2956 1207 Arcadius

1614 1220 1746 1264 AAA.
1764 1219 1999 1277 Drepanio
2014 1221 2286 1276 proconsuli
2301 1221 2501 1277 Africae.
2545 1220 2773 1263 Neminem
2793 1219 2956 1263 iudicio

1615 1275 1909 1319 exhibendum
1939 1287 2036 1318 esse
2068 1276 2389 1340 praecipimus,
2428 1276 2516 1320 nisi
2546 1276 2600 1319 de
2631 1276 2756 1319 cuius
2787 1274 2954 1319 exhibi-

1615 1333 1734 1375 tione
1756 1331 1889 1375 iudex
1904 1332 2269 1387 pronuntiaverit.
2309 1331 2365 1376 I).
2421 1333 2504 1376 rid.
2521 1345 2624 1375 non.
2639 1331 2766 1375 Febr.
2784 1329 2956 1375 Medio-

1616 1389 1708 1430 lani
1738 1387 2053 1432 Valentiniano
2084 1393 2134 1431 A.
2167 1399 2257 1430 ΠΗ
2284 1394 2328 1431 et
2386 1389 2555 1432 eoterio
2587 1401 2728 1431 conss.
2783 1391 2839 1439 [a.
2858 1389 2955 1440 390]

2209 1502 2362 1550 ΙΙΙΙ.23

1960 1585 2036 1624 DE
2068 1584 2341 1625 CUSTODIA
2370 1584 2615 1625 REORUM.

1622 1722 1625 1723 ⁷
1676 1665 1696 1710 l
1735 1664 1892 1724 ²¹¹Imp.
1928 1666 2246 1710 Constantinus
2275 1668 2325 1710 A.
2358 1666 2419 1709 ad
2448 1666 2727 1710 Florentium
2755 1666 2957 1710 rationa-

1617 1722 1710 1765 lem.
1770 1722 1822 1764 In
1862 1735 2138 1778 quacumque
2178 1735 2313 1766 causa
2340 1735 2418 1765 reo
2450 1722 2665 1775 exhibito,
2703 1722 2794 1766 sive
2822 1734 2957 1766 accu-

1616 1782 1738 1820 sator
1781 1778 1943 1820 existat
1985 1779 2074 1821 sive
2118 1792 2217 1821 eum
2256 1779 2462 1834 publicae
2503 1777 2808 1821 sollicitudinis
2851 1789 2958 1821 cura

1618 1834 1889 1887 produxerit,
1921 1834 2070 1877 statim
2099 1835 2228 1877 debet
2252 1835 2449 1889 quaestio
2478 1833 2586 1887 fieri,
2616 1838 2667 1877 ut
2689 1834 2848 1877 noxius
2873 1846 2955 1889 pu—

1625 1895 1637 1930 1
1700 1889 1872 1940 niatur,
1912 1890 2123 1934 innocens
2164 1891 2431 1933 absolvatur.
2492 1889 2619 1943 Quod
2655 1890 2691 1932 si
2721 1895 2959 1933 accusator

1616 1945 1758 1988 aberit
1786 1945 1843 1988 ad
1872 1947 2046 2001 tempus
2077 1949 2155 1989 aut
2185 1946 2404 1989 sociorum
2432 1946 2684 2000 praesentia
2707 1945 2959 1990 necessaria

1616 2000 1837 2053 videatur,
1878 2001 1922 2044 id
1963 2002 2137 2056 quidem
2167 2002 2296 2045 debet
2330 2015 2461 2056 quam
2491 2001 2718 2046 celerrime
2731 2002 2768 2027 ²⁵
2797 2013 2957 2055 procu-

1617 2060 1641 2098 2
1698 2058 1800 2100 rari.
1859 2057 2035 2100 Interea
2062 2071 2164 2101 vero
2177 2060 2213 2084 ²⁶
2252 2058 2445 2100 exhibito
2482 2071 2572 2100 non
2610 2056 2777 2099 ferreas
2817 2056 2955 2098 mani-

1617 2124 1692 2154 cas
1732 2116 1777 2155 et
1813 2114 2092 2156 inhaerentes
2135 2114 2308 2156 ossibus
2347 2113 2461 2155 mitti
2501 2117 2697 2166 oportet,
2738 2111 2816 2154 sed
2853 2123 2956 2165 pro-

1615 2168 1792 2211 lixiores
1824 2176 2016 2222 catenas,
2047 2170 2086 2212 si
2112 2170 2306 2212 criminis
2331 2169 2520 2222 qualitas
2549 2168 2681 2208 etiam
2703 2171 2958 2209 catenarum

1614 2224 1902 2267 acerbitatem
1940 2225 2291 2279 postulaverit2⁷‚
2338 2229 2388 2266 ut
2422 2228 2468 2264 et
2507 2221 2723 2266 cruciatio
2762 2220 2876 2265 desit
2914 2228 2958 2265 et

1616 2283 1639 2321 3
1697 2286 1955 2333 permaneat
1982 2280 2072 2322 fida
2104 2278 2318 2322 custodia.
2374 2277 2469 2321 Nec
2497 2290 2600 2322 vero
2631 2277 2747 2321 sedis
2776 2277 2957 2321 intimae

1614 2335 1820 2378 tenebras
1863 2334 1958 2390 pati
2002 2335 2179 2377 debebit
2215 2335 2440 2386 inclusus,
2485 2333 2563 2376 sed
2602 2341 2818 2389 usurpata
2855 2333 2956 2377 luce

1614 2390 1852 2443 vegetari2⁸
1882 2394 1948 2443 et,
1990 2391 2068 2433 ubi
2100 2404 2188 2434 nox
2217 2389 2503 2445 geminaverit
2532 2389 2792 2443 custodiam,
2823 2389 2954 2433 vesti-

1614 2445 1729 2488 bulis
1770 2457 1997 2489 carcerum
2036 2450 2081 2489 et
2119 2446 2370 2490 salubribus
2408 2446 2517 2490 locis
2554 2445 2692 2501 recipi
2729 2458 2783 2488 ac
2810 2458 2955 2489 rever-

1614 2503 1735 2544 tente
1777 2504 1936 2546 iterum
1980 2501 2052 2545 die
2095 2503 2153 2545 ad
2194 2502 2382 2557 primum
2426 2502 2533 2545 solis
2574 2504 2718 2544 ortum
2755 2501 2861 2545 ilico
2895 2501 2956 2544 'ad

1614 2556 1839 2612 publicum
1867 2558 2016 2601 lumen
2045 2557 2187 2610 educi,
2219 2571 2274 2602 ne
2298 2558 2454 2614 poenis
2483 2558 2673 2601 carceris
2698 2558 2955 2612 perimatur,

1614 2613 1732 2668 quod
1767 2613 2076 2657 innocentibus
2113 2614 2344 2666 miserum,
2381 2613 2522 2658 noxiis
2563 2627 2652 2656 non
2691 2613 2800 2656 satis
2834 2626 2954 2657 seve·

1615 2674 1641 2711 4
1671 2671 1732 2722 (1)
1790 2682 1887 2711 rum
1927 2682 2024 2713 esse
2065 2670 2351 2725 dignoscitur.
2417 2669 2534 2713 Illud
2573 2670 2705 2712 etiam
2748 2670 2954 2713 observa-

1616 2724 1753 2777 bitur,
1793 2728 1844 2767 ut
1881 2731 2023 2781 neque
2058 2726 2128 2769 his
2159 2727 2234 2780 qui
2263 2729 2504 2769 stratorum
2533 2725 2778 2780 funguntur
2807 2723 2955 2769 officio

1615 2793 1758 2834 neque
1794 2781 2005 2824 ministris
2045 2794 2196 2824 eorum
2235 2782 2367 2825 liceat
2396 2782 2698 2825 crudelitatem
2725 2794 2851 2824 suam
2879 2793 2955 2824 ac-

1618 2836 1897 2879 cusatoribus
1941 2837 2130 2879 vendere
2177 2840 2223 2879 et
2264 2838 2521 2880 innocentes
2563 2838 2683 2880 intra
2726 2849 2956 2880 carcerum

1617 2897 1771 2946 saepta
1793 2892 1881 2934 leto
1908 2892 2015 2935 dare
2040 2898 2118 2935 aut
2144 2893 2394 2936 subtractos
2421 2892 2670 2935 audientiae
2694 2892 2827 2947 longa
2849 2893 2954 2936 tabe
3008 2935 3011 2938 .

1618 2952 1641 2990 5
1701 2959 1972 2990 consumere.
2022 2947 2124 2991 Non
2154 2948 2269 2991 enim
2298 2947 2630 2991 existimationis
2660 2951 2845 2999 tantum,
2876 2948 2954 2990 sed
3018 2987 3021 2990 .

1617 3003 1748 3045 etiam
1789 3003 1975 3058 periculi
2019 3007 2160 3046 metus
2203 3003 2340 3050 iudici
2375 3002 2640 3053 imminebit,
2685 3003 2723 3045 si
2763 3003 2954 3058 aliquem

1616 3059 1735 3101 ultra
1772 3058 1967 3103 debitum
2005 3062 2178 3115 tempus
2216 3060 2365 3103 inedia
2404 3062 2484 3102 aut
2519 3071 2795 3114 quocumque
2821 3058 2952 3102 mode

1616 3114 1773 3169 aliquis
1803 3118 2041 3158 stratorum
2072 3115 2339 3166 exhauserit,
2378 3120 2424 3159 et
2450 3127 2540 3157 non
2569 3114 2718 3157 statim
2746 3126 2847 3156 eum
2864 3126 2952 3170 ,pe-

1617 3183 1694 3213 nes
1725 3183 1851 3225 quem
1883 3169 2081 3214 officium
2111 3171 2337 3214 custodiae
2362 3173 2433 3214 est
2455 3174 2588 3225 atque
2612 3170 2705 3212 eius
2730 3169 2952 3214 ministros

1619 3227 1796 3281 capitali
1825 3239 1969 3282 poena
1998 3227 2249 3270 subiecerit.
2309 3225 2364 3271 D.
2391 3226 2511 3291 prid.
2549 3225 2592 3269 lc.
2625 3224 2709 3268 lul.
2742 3225 2954 3268 Serdicae

1621 3282 1910 3327 Constantino
1939 3284 1990 3327 A.
2019 3294 2065 3326 Vl
2091 3290 2137 3327 et
2166 3282 2458 3327 Constantino
2493 3279 2534 3326 C.
2566 3294 2708 3324 consa
2769 3285 2824 3334 [a.
2853 3284 2950 3332 32⁰]

1674 3336 1705 3382 2
1736 3336 1901 3381 2⁹Idem
1929 3339 1980 3382 A.
2012 3338 2074 3381 ad
2101 3337 2206 3382 Eua
2238 3339 2367 3382 rium.
2435 3337 2482 3380 Si
2519 3337 2618 3392 quis
2657 3339 2702 3380 in
2741 3349 2794 3379 ea
2822 3337 2953 3392 culpa

1617 3393 1685 3436 vel
1708 3393 1887 3437 crimine
1911 3393 2047 3438 fuerit
2070 3394 2203 3449 depre
2236 3407 2382 3447 ensus,
2409 3392 2524 3448 quod
2551 3393 2727 3447 dignum
2747 3392 2951 3435 claustris

1619 3449 1808 3493 carceris
1847 3454 1890 3492 et
1919 3450 2146 3493 custodiae
2175 3451 2379 3506 squalore
2408 3449 2591 3502 videtur,
2629 3448 2804 3491 auditus
2834 3448 2952 3502 apud

1617 3511 1740 3554 acta,
1783 3518 1882 3548 cum
1921 3506 1975 3548 de
2013 3505 2202 3550 admisso
2233 3506 2500 3554 constiterit,
2541 3516 2727 3559 poenam
2759 3504 2950 3547 carceris

1617 3562 1835 3604 sustineat
1870 3565 2003 3616 atque
2041 3562 2104 3605 ita
2142 3561 2420 3616 postmodum
2459 3561 2642 3603 eductus
2687 3560 2805 3615 apud
2849 3563 2952 3602 acta

1622 3623 1637 3659 1
1699 3616 1917 3660 audiatur.
1976 3617 2046 3660 Ita
2078 3617 2193 3660 enim
2222 3618 2350 3672 quasi
2380 3617 2461 3659 sub
2491 3615 2669 3671 publico
2699 3615 2948 3658 testimonio

1616 3673 1971 3716 commemoratio
2001 3673 2180 3716 admissi
2208 3673 2398 3716 criminis
2427 3672 2517 3724 fiet,
2547 3678 2598 3714 ut
2621 3670 2840 3715 iudicibus
2869 3671 2947 3712 im-

1616 3728 1784 3772 modice
1825 3729 2118 3772 saevientibus
2159 3728 2273 3771 freni
2312 3728 2487 3784 quidam
2527 3740 2581 3770 ac
2609 3727 2842 3782 temperies
2871 3725 2948 3768 ad·

1614 3785 1755 3827 hibita
1791 3784 2004 3829 videatur.
2062 3784 2117 3828 D.
2149 3796 2217 3827 111
2251 3798 2354 3827 non.
2387 3783 2515 3836 lr'ebr.
2549 3782 2796 3826 Heracleae
2836 3780 2948 3825 Con-

1612 3841 1812 3884 stantino
1842 3842 1892 3883 A.
1935 3851 2009 3884 Vl!
2033 3847 2078 3884 et
2108 3838 2368 3884 Constantio
2403 3839 2443 3883 C.
2475 3852 2618 3882 conss.
2762 3842 2818 3890 [a.
2851 3839 2946 3887 326]

1670 3892 1701 3942 3
1734 3893 1944 3939 ’‘'Idem‘ss
1973 3895 2025 3940 A.
2055 3895 2289 3952 Aoindyno
2311 3909 2396 3954 pp.
2442 3894 2657 3949 Quoniam
2685 3906 2822 3937 unum
2851 3904 2947 3936 car·

2009 4037 2083 4087 (18)
2114 4035 2375 4076 aosimulanti
2412 4037 2481 4076 Tli.
2514 4037 2619 4087 (sic),
2650 4033 2785 4074 iusim.
2815 4031 2859 4072 id
2888 4035 2948 4072 est

2300 4094 2375 4143 (19)
2406 4094 2446 4131 et
2474 4091 2518 4130 in
2547 4102 2717 4143 poenam
2747 4088 2945 4140 reciproci

1609 4148 1705 4187 stilo
1734 4148 1964 4200 trepidante
1993 4147 2192 4188 recaverit
2222 4149 2296 4188 ins.
2333 4148 2403 4188 ΤΙι.
2509 4148 2588 4198 (2ο)
2617 4147 2676 4185 sic
2709 4145 2793 4192 Th„
2824 4143 2944 4183 redu-

1610 4203 1762 4243 cendus
1791 4205 1887 4244 libri
1972 4205 2046 4255 (21)
2077 4203 2370 4242 sufficientium
2400 4232 2409 4242 .
2428 4233 2438 4242 .
2457 4233 2466 4242 .
2497 4202 2647 4250 tamen]
2678 4198 2836 4238 dierum
2871 4200 2943 4240 Th.

1611 4261 1690 4310 (22)
1720 4279 1777 4294 ==
1810 4259 1881 4299 Th.
1914 4269 1948 4308 9,
1982 4268 2014 4311 2,
2047 4269 2067 4300 4
2211 4260 2289 4308 (23)
2322 4259 2364 4299 B
2395 4260 2462 4304 60,
2493 4267 2549 4308 35,
2580 4265 2620 4296 18
2650 4269 2758 4308 seqq.
2792 4278 2843 4285 —
2879 4255 2957 4308 Cs.'

1610 4315 1707 4367 Diy.
1741 4315 1808 4365 48,
1839 4323 1859 4356 3
1974 4317 2050 4366 (24)
2081 4335 2134 4350 ==
2169 4315 2239 4355 ΤΙι.
2270 4316 2310 4362 9,
2341 4322 2375 4360 3,
2406 4323 2422 4353 1
2542 4313 2620 4363 (25)
2649 4313 2707 4350 sic
2737 4311 2828 4351 dett.
2860 4326 2942 4352 cum

1612 4039 1731 4090 iunye
1760 4038 1799 4087 9,
1830 4046 1864 4086 4,
1895 4048 1914 4077 5

1610 4092 1691 4143 (vel
1727 4092 1780 4144 C)
1810 4093 2037 4132 accusatori
2067 4094 2163 4133 libri

1616 4371 1701 4417 Th„
1731 4369 1991 4411 celeberrime
2021 4371 2140 4412 LCR
2268 4371 2348 4420 (26)
2377 4368 2465 4407 viro
2500 4367 2572 4408 ΤΙι.
2702 4368 2780 4417 (27)
2810 4366 2845 4406 si
2875 4396 2884 4405 .
2903 4396 2912 4406 .
2932 4396 2941 4406 .

1609 4425 1875 4475 postulaverit
1913 4442 1986 4466 om.
2022 4427 2094 4467 Th.
2236 4426 2314 4475 (28)
2354 4426 2412 4464 sic
2441 4425 2532 4463 dett.
2564 4437 2647 4462 cum
2684 4422 2722 4461 T
2718 4423 2770 4471 ln,
2810 4421 2855 4461 id
2883 4427 2941 4462 est

1609 4479 1812 4519 sublevari
1843 4483 1915 4521 ins.
1934 4482 2053 4523 LCR
2140 4482 2220 4531 (29)
2247 4500 2304 4517 ι-
2338 4479 2407 4520 Th.
2440 4480 2478 4525 9,
2509 4486 2542 4524 3.
2574 4487 2593 4516 2
2679 4479 2755 4527 (30)
2785 4497 2840 4513 =
2869 4478 2925 4518 Th

1611 4538 1648 4582 9,
1680 4545 1713 4584 3,
1743 4545 1762 4575 3
1877 4538 1950 4587 (31)
1982 4538 2084 4589 Imp.
2117 4535 2381 4575 Constantius
2417 4533 2485 4574 Th.
2517 4543 2618 4577 reete
