3152 4784
194 160 273 200 DE
305 151 496 198 PAOTIS
534 155 846 200 OONVBNTIS

182 332 184 334 ψ
249 294 282 343 4
311 294 437 341 Idem
466 298 518 342 A.
549 297 742 356 Aqatho.

194 351 450 397 convenisse
490 367 590 398 cum
618 359 746 421 patre
773 359 850 398 tuo
880 352 1113 416 proponiS,
1144 358 1205 408 ut,
1237 355 1276 400 si
1302 355 1349 399 in
1377 356 1527 400 matri-

191 407 336 453 monio
378 407 666 463 decessisset,
705 409 788 454 tibi
827 413 872 453 et
911 407 1126 452 fratribus
1167 411 1254 455 1013
1289 412 1369 455 (103
1399 412 1527 455 13311-

190 467 412 516 10013101,
459 466 498 509 31
537 443 765 530 stipulatio
806 477 860 508 ex
898 477 1089 520 persona
1130 470 1300 521 vestra,
1347 481 1446 534 cum
1484 468 1530 510 in

189 523 418 586 potestate
439 522 578 577 patris
603 520 832 565 constituti
856 533 944 564 non
972 521 1136 564 3333113.
1168 502 1360 577 legitiina
1385 524 1528 567 minus

188 576 453 629 intercessit,
481 577 693 621 defuncta
718 589 773 621 ea
797 576 843 619 in
868 568 1145 620 matrimonio
1171 579 1390 623 actionem
1406 579 1529 623 vobis

190 643 403 697 quaerere
442 646 532 676 non
571 633 731 688 potuit.
798 631 876 676 sed
914 631 954 676 si
990 632 1255 687 obligatione
1298 637 1530 679 verborum

187 690 274 731 rite
315 687 619 754 intercedente
662 688 778 732 dotis
822 687 1081 743 petitionem
1124 689 1288 734 habere
1331 689 1528 747 potuisti,

187 743 376 789 maxime
412 744 452 790 si
490 745 548 788 ad
586 744 808 788 vinculum
845 745 1080 825 potestatis
1120 747 1292 801 patriae
1333 760 1422 790 non
1461 748 1528 789 at-

185 799 221 842 ti
250 800 358 855 eris,
398 801 658 856 petitionem
687 800 896 855 exsequi¹
935 813 1025 844 non
1052 802 1313 857 prohiberis.
1372 800 1466 845 PP.
1507 812 1536 844 V

278 854 380 900 Iun.
412 854 583 900 Sabino
613 861 659 900 et
698 854 895 900 Venusto
927 869 1071 901 conss.
1342 862 1398 911 [a.
1432 859 1528 908 240]

243 910 273 957 5
306 910 454 976 Impp.
474 911 786 955 Diocletianus
814 917 859 955 et
878 910 1192 958 Maximianus
1206 915 1298 958 AA.
1328 913 1528 958 Claudio.

184 967 418 1012 Hereditas
463 967 685 1011 extraneis
728 970 992 1012 testamento
1039 969 1181 1013 datur.
1257 984 1357 1014 cum
1398 969 1531 1025 igitur

185 1022 390 1088 adfirmes
416 1022 554 1068 dotali
576 1024 870 1069 instrumento
895 1028 1075 1080 pactum
1099 1026 1408 1082 interpositum
1433 1037 1530 1069 esse

185 1079 280 1123 vice
309 1079 586 1131 testamenti,
627 1082 680 1123 ut
713 1085 816 1136 post
847 1086 1033 1125 mortem
1062 1083 1257 1126 mulieris
1286 1084 1406 1127 bona
1435 1080 1529 1125 eius

183 1135 244 1179 ad
286 1138 334 1179 te
372 1136 664 1192 pertinerent,
711 1148 825 1191 quae
866 1138 982 1182 dotis
1021 1138 1151 1182 titulo
1190 1139 1274 1182 tibi
1305 1151 1398 1183 non
1427 1139 1531 1182 sunt

183 1191 406 1247 obligata,
443 1192 663 1247 intellegis
705 1195 751 1236 te
780 1193 902 1237 nulla
930 1194 1105 1238 actione
1137 1207 1268 1248 posse
1299 1194 1530 1239 convenire

181 1246 364 1292 heredes
409 1260 489 1292 seu
533 1261 815 1293 successores
853 1251 970 1305 eius,
1008 1254 1060 1294 ut
1099 1250 1182 1295 tibi
1224 1250 1529 1314 restituantur,

181 1316 296 1360 quae
333 1304 455 1348 nullo
497 1304 627 1348 modo
671 1305 902 1350 debentur.
972 1306 1066 1351 ΡΡ.
1107 1321 1212 1351 non.
1249 1306 1378 1351 Febr.
1419 1305 1532 1364 ipsis

181 1370 274 1404 ΙΙΙ]
299 1365 346 1405 et
373 1371 443 1404 ΠΙ
468 1360 563 1404 AA.
595 1373 739 1405 conss.
1343 1366 1399 1415 [a.
1432 1364 1575 1449 290]

238 1412 270 1462 6
301 1414 428 1460 Idem
471 1417 564 1461 AA.
611 1422 657 1461 et
701 1415 780 1462 CC.
824 1417 967 1476 Rufo.
1039 1418 1086 1464 Si
1130 1419 1356 1472 convenit,
1398 1422 1449 1462 ut
1484 1417 1531 1460 in

179 1470 459 1517 matrimonio
498 1486 637 1517 uxore
676 1473 888 1518 defuncta
928 1475 1009 1519 dos
1047 1488 1184 1540 penes
1223 1453 1431 1518 marit’um
1459 1486 1529 1517 re-

178 1533 399 1582 maneret,
444 1529 731 1585 proiecticiae
771 1530 884 1575 dotis
931 1531 1239 1597 repetitionem
1279 1529 1530 1574 huiusmodi

178 1589 362 1642 pactum
397 1586 642 1630 inhibuisse
681 1587 900 1651 explorati
937 1587 1047 1630 iuris
1078 1592 1168 1639 est,
1212 1599 1311 1630 cum
1341 1586 1528 1630 deterio-

178 1654 273 1685 rem
313 1653 494 1686 causam
533 1642 673 1695 dotis,
713 1643 759 1685 in
799 1655 928 1697 quem
961 1655 1114 1687 casum
1142 1643 1262 1698 patri
1292 1643 1376 1686 soli
1403 1654 1528 1707 repe-

179 1697 278 1742 titio
329 1698 563 1763 competit,
603 1702 738 1754 pacto
778 1711 913 1754 posse
956 1697 1052 1742 fieri
1108 1699 1377 1742 auctoritate
1421 1697 1529 1741 iuris

178 1753 433 1809 saepissime
486 1755 546 1798 sit
595 1766 873 1810 responsum.
946 1753 1002 1798 D.
1045 1767 1075 1797 V
1113 1768 1217 1798 non.
1262 1753 1373 1797 Mai.
1417 1754 1531 1810 ipsis

176 1811 269 1853 AA.
302 1822 447 1854 conss.
1341 1813 1398 1863 [a.
1431 1813 1528 1860 293]

234 1862 264 1910 7
296 1863 425 1909 Idem
455 1866 548 1910 AA.
580 1870 626 1910 et
657 1864 735 1910 CC
766 1864 960 1911 Phileto.
1021 1865 1178 1921 Pater,
1217 1879 1300 1921 pro
1330 1865 1422 1908 filia
1452 1864 1528 1908 do·

176 1923 267 1966 tem
307 1921 456 1965 datam
493 1934 656 1977 genero
694 1934 748 1966 ea
775 1922 902 1989 prius
930 1923 978 1967 in
1006 1922 1288 1966 matrimonio
1319 1921 1530 1965 defuncta

176 1977 414 2033 nepotibus
453 1982 615 2033 pactus
654 1978 850 2034 restitui,
892 1979 997 2024 licet
1034 1978 1103 2022 his
1145 1978 1365 2022 actionem
1394 1990 1528 2033 quae-

175 2046 274 2078 rere
314 2047 404 2078 non
445 2034 613 2089 potuit,
655 2039 805 2078 tamen
841 2036 965 2079 utilis
1005 2035 1069 2079 eis
1110 2047 1167 2078 ex
1199 2034 1423 2090 aequitate
1454 2046 1527 2077 ac-

179 2090 527 2135 commodabitur
557 2091 720 2135 acti02.
779 2090 834 2135 D.
868 2104 993 2135 XJJJJ
1029 2090 1074 2136 lc.
1107 2090 1207 2135 Ian.
1241 2089 1531 2135 Nicomediae

179 2143 258 2190 CC.
290 2159 434 2190 conss.
1339 2151 1396 2200 [a.
1430 2149 1527 2198 294]

234 2199 265 2251 8
307 2201 455 2260 Impp.
499 2202 778 2248 Theodosius
816 2208 864 2248 et
901 2202 1248 2248 Valentinianus
1280 2204 1373 2248 AA.
1407 2201 1527 2247 Hot-

176 2257 347 2302 misdae
381 2273 464 2315 pp.
539 2259 638 2302 Hac
680 2261 778 2315 lege
821 2259 1119 2312 decernimus,
1163 2265 1216 2304 ut
1258 2260 1326 2304 vir
1367 2260 1415 2303 in
1458 2258 1528 2302 his

177 2315 333 2368 rebus,
376 2327 486 2370 quas
518 2320 644 2358 extra
673 2316 821 2360 dotem
850 2316 1007 2359 mulier
1036 2317 1194 2369 habet,
1226 2329 1337 2372 quas
1370 2315 1529 2360 Graeci

176 2348 460 2435 parapherna
490 2370 658 2426 dicunt,
694 2373 863 2415 nullam
892 2385 1031 2416 uxore
1059 2373 1325 2428 prohibente
1363 2372 1528 2415 habeat

179 2427 530 2470 communionem
559 2440 642 2471 nec
672 2427 867 2484 aliquam
904 2429 944 2472 ei
972 2429 1284 2472 necessitatem
1312 2429 1524 2492 imponat.

178 2483 374 2548 quamvis
406 2483 522 2526 enim
551 2484 718 2527 bonum
748 2489 845 2527 erat
874 2484 1120 2538 mulierem,
1163 2498 1277 2540 quae
1308 2496 1354 2528 33
1383 2496 1527 2550 1psam

175 2539 335 2583 marito
378 2539 631 2593 committit,
675 2552 748 2584 res
793 2540 926 2584 etiam
966 2540 1162 2584 eiusdem
1201 2541 1298 2596 pati
1342 2539 1526 2584 arbitrio

174 2595 422 2650 gubernari,
454 2574 650 2639 attamen
680 2596 886 2652 quoniam
917 2596 1165 2641 conditores
1201 2597 1346 2652 legum
1375 2597 1526 2652 aequi-

177 2651 282 2695 tatis
312 2652 518 2696 convenit
546 2665 643 2696 esse
673 2652 893 2705 fautores,
934 2653 1056 2696 nullo
1085 2654 1241 2706 modo,
1278 2656 1330 2696 ut
1360 2653 1525 2697 dictum

175 2710 258 2762 est,
293 2707 478 2774 muliere
506 2707 773 2764 prohibente
804 2709 943 2752 virum
971 2709 1017 2751 in
1046 2709 1343 2765 paraphernis
1372 2721 1422 2753 se
1450 2723 1526 2753 vo-

173 2764 319 2808 lumus
355 2763 637 2808 immiscere.
683 2763 730 2808 S.
768 2764 811 2808 d.
862 2777 893 2807 V
923 2764 983 2808 id.
1026 2765 1126 2809 Ian.
1159 2771 1276 2824 post
1318 2764 1526 2809 consula-

175 2824 267 2864 tum
296 2818 572 2878 Protoqenis
599 2825 647 2865 et
674 2821 853 2866 Asterii.
1335 2825 1392 2874 [a.
1425 2824 1524 2873 450]

229 2873 260 2923 9
301 2873 451 2933 Impp.
491 2874 585 2920 Leo
625 2881 672 2921 et
700 2875 966 2921 Anthemius
1004 2878 1099 2922 AA.
1140 2877 1407 2922 Nicostrato
1438 2891 1524 2942 pp.

171 2930 244 2975 Ex
286 2935 429 2976 morte
474 2931 794 2988 cuiuscumque
840 2946 1062 2990 personae
1107 2933 1197 2978 sive
1240 2934 1389 2978 mariti
1434 2932 1526 2978 sive

171 2987 366 3053 mulieris
397 2988 581 3032 eandem
611 2994 800 3045 partem,
839 3002 931 3034 non
964 2989 1183 3045 pecuniae
1215 2990 1523 3046 quantitatem,

170 3048 264 3089 tam
293 3044 435 3088 virum
475 3057 530 3089 ex
567 3044 673 3089 dote
703 3058 836 3101 quam
864 3046 1094 3110 mulierem
1124 3059 1179 3090 ex
1208 3049 1314 3090 ante
1343 3047 1523 3102 nuptias

175 3105 195 3143 1
257 3099 498 3144 donatione
525 3101 694 3145 lucrari
724 3101 1017 3147 decernimus.
1059 3103 1242 3146 Veluti
1271 3103 1310 3147 si
1337 3103 1524 3146 maritus

172 3156 289 3199 mille
318 3156 561 3199 solidorum
598 3160 704 3201 ante
715 3157 921 3222 nuptias
951 3158 1234 3202 donationem
1265 3159 1522 3212 confecerit,

171 3211 323 3254 licebit
363 3211 538 3255 mulieri
582 3214 627 3255 et
667 3212 850 3256 minoris
901 3219 945 3256 et
989 3215 1215 3269 amplioris
1260 3215 1524 3279 quantitatis

176 3267 322 3311 dotem
352 3266 510 3311 offerre
541 3271 585 3311 et
613 3269 773 3312 marito
813 3268 1014 3313 similiter
1042 3274 1147 3313 ante
1175 3270 1353 3325 nuptias
1385 3270 1523 3314 dona-

173 3323 357 3366 tionem:
403 3322 489 3366 hoc
532 3325 682 3366 tamen
726 3324 1048 3367 observandum
1091 3327 1181 3377 est,
1226 3330 1276 3368 ut
1314 3329 1525 3381 quantam

171 3383 344 3444 partem
381 3378 538 3422 mulier
577 3378 814 3445 stipuletur
851 3380 938 3423 sibi
976 3380 1102 3424 lucro
1145 3380 1301 3424 cedere
1335 3393 1391 3424 ex
1419 3387 1523 3425 ante

173 3435 353 3490 nuptias
391 3434 654 3489 donatione,
696 3435 734 3478 si
772 3435 967 3491 priorem
1003 3436 1210 3480 maritum
1238 3436 1352 3480 mori
1381 3438 1522 3481 conti-

172 3491 297 3547 gerit,
328 3495 500 3534 tantam
530 3496 574 3534 et
601 3492 786 3535 maritus
817 3505 870 3535 ex
903 3492 1006 3536 dote
1036 3497 1229 3557 partem,
1267 3505 1357 3536 non
1385 3505 1521 3548 pecu-

173 3548 274 3592 niae
304 3547 606 3614 quantitatem,
639 3548 878 3603 stipuletur
908 3548 1009 3601 sibi,
1040 3548 1078 3592 si
1108 3553 1341 3592 constante
1370 3549 1522 3592 matri-

175 3608 200 3648 2
257 3605 404 3648 monio
443 3604 567 3660 prior
605 3604 763 3648 mulier
800 3604 848 3647 in
887 3603 983 3648 fata
1023 3604 1224 3660 collapsa
1255 3604 1404 3648 fuerit.
1464 3606 1522 3647 Et

174 3660 211 3704 si
249 3664 432 3716 pactum
473 3664 628 3703 contra
665 3660 849 3704 vetitum
893 3659 1028 3704 fuerit
1058 3661 1361 3713 subsecutum,
1397 3659 1520 3703 infir-

172 3729 292 3759 mum
322 3718 455 3771 atque
483 3715 723 3759 invalidum
752 3717 838 3759 hoc
871 3729 987 3768 esse,
1018 3722 1069 3760 ut
1096 3717 1221 3760 nulla
1251 3730 1304 3760 ex
1335 3729 1386 3761 eo
1417 3729 1521 3772 pro-

175 3777 199 3816 3
261 3771 414 3815 cedere
439 3771 583 3826 possit
604 3773 791 3838 exactio,
823 3772 1138 3829 praecipimus.
1184 3772 1354 3816 Eadem
1372 3777 1519 3816 00310-

173 3828 260 3893 diri
299 3839 550 3881 censemus,
591 3828 682 3871 sive
720 3833 863 3893 pater·
887 3842 970 3883 pro
1009 3828 1099 3873 filio
1139 3829 1230 3873 sive
1259 3834 1401 3872 mater
1430 3828 1522 3872 sive

190 3896 269 3939 pse
299 3883 512 3927 ducturus
544 3896 724 3927 uxorem
754 3884 823 3927 sui
851 3885 961 3928 iuris
998 3886 1264 3930 constitutus
1303 3885 1394 3928 sive
1424 3885 1518 3940 qui-

173 3899 283 3986 libet
319 3938 432 3983 alius
470 3952 552 3994 pro
591 3952 642 3983 eo
683 3945 786 3983 ante
824 3941 1004 3996 nuptias
1046 3941 1328 3985 donationem
1357 3946 1519 3996 nuptu-

174 4002 200 4040 4
258 4009 336 4040 133
366 3994 547 4038 dederit.
607 3995 748 4039 Simili
776 4009 951 4051 quoque
979 3997 1124 4051 modo,
1162 3997 1253 4041 sive
1281 4001 1410 4053 pater
1436 4009 1519 4052 pro

172 4053 266 4097 filia
306 4052 396 4096 sive
434 4057 575 4094 mater
612 4051 702 4095 sive
731 4052 828 4106 ipsa
858 4065 938 4107 pro
969 4066 1039 4108 se,
1077 4053 1147 4097 sui
1182 4054 1290 4097 iuris
1319 4053 1520 4096 videlicet

176 4109 429 4161 constituta,
460 4108 550 4151 sive
581 4107 767 4163 quilibet
794 4108 907 4151 alius
928 4122 1010 4164 pro
1042 4121 1095 4152 33
1123 4121 1307 4152 uxorem
1329 4108 1517 4153 ducturo

177 4165 324 4209 dotem
362 4163 531 4208 dederit
568 4176 645 4206 seu
685 4164 960 4227 promiserit,
999 4164 1208 4220 quoniam
1245 4169 1292 4208 et
1320 4165 1405 4208 alio
1436 4177 1517 4220 pro

176 4233 230 4265 ea
268 4221 478 4265 offerente
515 4219 663 4263 dotem
699 4220 795 4275 ipsa
827 4232 924 4263 eam
953 4234 1038 4286 pro
1066 4233 1114 4264 se
1141 4220 1314 4264 videtur
1343 4220 1515 4265 offerre.

176 4281 201 4319 5
260 4277 388 4332 Quod
417 4276 527 4320 adeo
558 4289 706 4340 verum
738 4280 824 4328 est,
865 4279 917 4318 ut
953 4279 998 4319 et
1024 4276 1124 4332 ipsa
1152 4277 1209 4320 ab
1240 4277 1326 4320 alio
1356 4290 1439 4341 pro
1470 4289 1518 4320 se

177 4333 372 4378 oblatam
402 4332 546 4376 dotem
575 4332 621 4374 in
649 4333 823 4375 lucrum
849 4333 1008 4375 300103
1037 4337 1257 4388 reposcat,
1286 4333 1371 4376 nisi
1398 4333 1516 4376 forte

801 297 989 342 Pactum
1019 296 1187 348 dotale,
1228 313 1316 366 quo
1343 305 1529 343 matrem

179 4474 230 4527 (1)
243 4473 312 4514 sed
323 4474 401 4516 obl.
414 4487 451 4515 v.
465 4489 500 4515 r.
511 4475 538 4515 i.
555 4473 595 4516 d.
606 4473 862 4527 petitionem,
870 4485 1072 4514 maxime

182 4530 396 4572 B‘Iommsen
474 4532 529 4583 (2)
560 4533 698 4570 tamen
719 4560 729 4571 .
748 4560 757 4569 .
778 4561 786 4569 .
811 4529 920 4569 actio
941 4538 1080 4570 contra
1107 4531 1168 4570 ius
1185 4532 1390 4583 antiquum
1416 4545 1518 4570 com-

176 4585 372 4640 pilatores
392 4587 597 4628 addidisse
615 4595 778 4628 textatur
800 4586 1040 4625 Thalelaeus
1055 4586 1177 4635 (ΒΣ)
1237 4587 1291 4637 (3)
1317 4598 1436 4626 suum
1456 4585 1517 4636 Μ

181 4640 259 4683 sibi
294 4641 328 4681 C
387 4696 389 4698 q
434 4643 487 4696 (4)
525 4641 562 4683 (1.
603 4643 642 4682 k.
675 4643 778 4683 NoV.
812 4640 1171 4695 Constantinopoli
1208 4645 1300 4696 post
1329 4640 1516 4682 consula-

311 4711 350 4743 u.

1527 142 1629 203 209

1085 4473 1336 4526 attigeris,
1353 4472 1519 4524 exsequi
1601 4473 1690 4512 tum
1719 4470 1939 4523 Lampadii
1967 4473 2008 4512 et
2038 4471 2192 4512 Orestis
2221 4483 2283 4510 vv.
2315 4482 2373 4509 cc.
2402 4485 2479 4511 scr.

2681 147 2724 198 V
2768 150 2843 200 14.
2888 151 2947 198 15

1611 298 1649 342 13
1680 299 1754 354 qui
1785 312 1879 343 eam
1909 298 2070 342 obtulit
2100 298 2246 340 statim
2288 297 2347 347 (id
2385 305 2452 342 est
2487 307 2698 364 tempore
2713 298 2947 341 oblationis

1611 367 1690 399 seu
1728 353 2050 411 promissionis)
2090 353 2327 409 stipulatus
2366 356 2434 399 vel
2471 357 2630 411 pactus
2664 354 2744 407 sit,
2786 357 2836 397 ut
2863 353 2949 398 sibi

1612 410 1691 455 dos
1728 410 1958 467 praedicta
1995 409 2219 454 reddatur.
2287 409 2342 454 D
2374 423 2443 454 JV
2477 410 2520 455 lc.
2553 409 2642 468 Sep
2648 416 2675 455 t
2713 409 2948 454 Anthemio

1611 468 1663 511 A.
1697 479 1743 510 11
1768 481 1886 512 cons.
2763 468 2819 518 [a.
2851 468 2948 516 468]

1671 522 1734 569 10
1766 521 1879 580 Imp.
1913 521 2194 567 lastinianus
2222 522 2273 566 A.
2304 520 2466 567 Menae
2486 537 2570 622 (pp.
2637 521 2755 576 Lege
2786 520 2950 564 Leonis

1613 578 1737 622 divae
1775 579 2010 623 memoriae
2047 580 2182 644 pacta
2221 579 2447 623 lucrorum
2516 578 2601 622 otis
2634 582 2678 619 et
2706 581 2809 618 ante
2839 589 2949 630 nup-

1611 633 1696 677 tias
1737 633 1985 678 donationis
2021 634 2147 690 paria
2186 646 2282 678 esse
2320 634 2547 678 sanciente
2588 645 2673 675 nec
2722 631 2950 682 adiciente,

1613 689 1717 743 quid
1755 689 1852 732 fieri
1891 695 2114 745 oporteat,
2155 690 2192 733 si
2232 690 2318 734 hoc
2357 690 2532 732 minime
2571 689 2851 731 observatum
2882 686 2952 735 sit,

1611 757 1693 787 nos
1723 745 1871 809 omnia
1902 747 2022 788 clara
2052 759 2149 789 esse
2179 746 2407 809 cupientes
2437 742 2734 800 praecipimus
2766 741 2952 795 dispari-

1612 799 1695 842 bus
1739 799 1803 843 313
1847 799 1980 843 factis
2023 802 2236 845 maiorem
2277 801 2391 844 lucri
2428 803 2530 854 part
2533 811 2601 841 em
2643 796 2701 839 ad
2743 797 2955 839 minorem

1612 853 1785 907 deduci,
1815 857 1868 898 ut
1896 866 1948 898 eo
1979 857 2108 899 modo
2138 864 2324 911 uterque
2353 855 2567 898 minorem
2603 856 2776 907 partem
2812 851 2954 894 lucre-

1610 913 1697 954 tur.
1765 888 1824 953 D.
1863 921 1959 953 VIII
1991 910 2051 953 id.
2089 911 2234 967 April.
2279 907 2674 965 Constantinopoli
2711 906 2852 950 Decio
2892 921 2955 951 vc.

1612 979 1733 1010 cons.
2770 966 2825 1015 [a
2860 966 2956 1014 529]

1670 1019 1728 1067 11
1773 1019 1899 1066 Idem
1934 1020 1987 1065 A.
2028 1018 2228 1064 Iohanni
2256 1034 2340 1086 pp.
2411 1018 2459 1063 Si
2496 1018 2652 1061 mulier
2687 1019 2846 1062 marito
2877 1031 2956 1062 suo

1612 1078 1790 1122 nomina
1829 1077 1891 1131 (id
1935 1081 2004 1120 est
2045 1075 2328 1120 feneraticias
2376 1074 2622 1127 cautiones)
2674 1087 2788 1130 quae
2833 1079 2958 1117 extra

1613 1135 1758 1178 dotem
1802 1139 1906 1178 sunt
1948 1132 2138 1185 dederit,
2183 1137 2234 1175 ut
2271 1132 2372 1176 loco
2417 1131 2801 1187 paraphernarum
2840 1131 2958 1186 apud

1613 1191 1821 1234 maritum
1855 1193 2083 1244 maneant,
2124 1191 2170 1233 et
2204 1188 2292 1233 hoc
2332 1188 2470 1232 dotali
2498 1188 2791 1230 instrumento
2823 1186 2958 1230 fuerit

1614 1247 1909 1314 adscriptum,
1944 1249 2151 1290 01101003
2179 1245 2344 1288 habeat
2373 1244 2546 1300 aliquas
2578 1256 2632 1287 ex
2660 1244 2728 1287 his
2760 1244 2959 1287 actiones

1614 1303 1797 1347 maritus
1838 1303 1930 1347 sive
1969 1302 2162 1347 directas
2203 1301 2294 1345 sive
2324 1301 2476 1355 utiles,
2517 1313 2575 1344 an
2610 1313 2747 1356 penes
2778 1312 2960 1344 uxorem

1615 1372 1763 1403 omnes
1803 1361 2083 1412 remaneant,
2126 1362 2171 1402 et
2198 1357 2245 1401 in
2275 1370 2405 1414 quem
2435 1362 2636 1401 eventum
2669 1356 2843 1399 dandae
2873 1356 2961 1399 sint

1622 1420 1635 1458 l
1697 1416 1858 1459 marito
1889 1414 2109 1467 actiones,
2137 1415 2452 1480 quaerebatur.
2526 1413 2757 1456 Sancimus
2796 1414 2958 1468 itaque,

1614 1471 1651 1515 si
1696 1471 1801 1528 quid
1843 1473 1933 1515 tale
1976 1471 2192 1525 evenerit,
2247 1471 2446 1514 actiones
2490 1469 2666 1525 quidem
2711 1469 2957 1513 omnimodo

1613 1528 1734 1584 apud
1770 1541 1955 1572 uxorem
1993 1540 2195 1582 manere,
2235 1527 2459 1571 licentiam
2495 1530 2644 1570 autem
2672 1526 2833 1569 marito
2866 1525 2962 1568 dari

1613 1584 1791 1628 easdem
1830 1585 2028 1628 actiones
2066 1596 2240 1628 movere
2284 1582 2405 1639 apud
2451 1586 2750 1637 competentes
2793 1581 2960 1647 iudices

1612 1641 1737 1684 nulla
1774 1640 2088 1684 ratihabitione
2130 1639 2186 1683 ab
2225 1652 2276 1683 eo
2317 1638 2550 1694 exigenda,
2592 1641 2638 1682 et
2673 1651 2834 1682 usuras
2865 1637 2960 1703 qui-

1613 1696 1713 1740 dem
1743 1709 1916 1741 301001
1927 1696 2046 1739 01103
2075 1709 2124 1739 33
2154 1698 2199 1739 31
2226 1707 2409 1739 uxorem
2443 1694 2711 1760 expendere,
2751 1694 2961 1758 pecunias

1613 1757 1761 1796 autem
1804 1752 1936 1797 301113
1980 1765 2091 1808 quas
2136 1751 2331 1806 exegerit
2374 1764 2550 1794 servare
2588 1750 2763 1793 10011311
2807 1751 2874 1794 vel
2916 1751 2963 1793 in

1615 1811 1639 1851 2
1699 1821 1873 1863 causas,
1904 1807 1962 1851 ad
1992 1821 2101 1863 quas
2131 1808 2231 1862 ipsa
2259 1807 2461 1858 voluerit,
2493 1806 2773 1850 distribuere.
2833 1806 2896 1850 Et
2925 1807 2963 1849 si

1615 1863 1788 1918 quidem
1830 1864 1909 1907 10
1906 1863 2061 1913 dotali
2103 1863 2397 1907 instrumento
2444 1840 2723 1918 hypothecae
2766 1875 2847 1917 pro
2892 1862 2962 1905 1113

1613 1919 1873 1963 001010311ιο
1913 1933 1940 1962 3
1978 1920 2136 1963 0131110
2177 1920 2372 1975 scriptae
2402 1922 2529 1972 sunt,
2578 1918 2648 1962 his
2682 1930 2780 1962 esse
2807 1918 2963 1984 mulie-

1613 1989 1705 2042 iem
1741 1975 1800 2020 ad
1838 1977 2059 2020 cautelam
2099 1988 2225 2019 suam
2266 1979 2532 2019 contentam.
2605 1975 2673 2018 sin
2706 1980 2855 2018 autem
2884 1974 2965 2017 mi-

1613 2032 1730 2076 nime
1758 2033 1845 2077 hoc
1875 2033 2092 2088 scriptum
2130 2031 2403 2086 inveniatur,
2450 2045 2504 2075 ex
2543 2031 2771 2097 praesenti
2812 2035 2966 2075 nostra

1612 2089 1706 2145 lege
1745 2089 1912 2133 habeat
1949 2088 2245 2154 hypothecam
2285 2066 2442 2132 contra
2481 2101 2552 2132 res
2583 2087 2751 2142 1031111,
2792 2101 2847 2131 ex
2871 2101 2963 2154 quo

1613 2149 1638 2190 3
1696 2146 1912 2211 pecunias
1951 2146 2027 2189 ille
2067 2144 2227 2211 exegit.
2294 2145 2444 2188 Antea
2472 2145 2634 2188 etenim
2674 2143 2839 2187 habeat
2866 2143 2965 2209 ipsa

1611 2202 1771 2246 1001131
1798 2201 2073 2256 facultatem,
2105 2201 2144 2245 si
2172 2202 2376 2254 voluerit,
2410 2201 2501 2245 sive
2528 2213 2611 2256 per
2639 2201 2846 2244 maritum
2876 2202 2965 2244 sive

1611 2271 1694 2314 per
1722 2257 1834 2303 31133
1864 2271 2081 2323 personas
2113 2257 2290 2302 easdem
2325 2269 2500 2301 movere
2537 2257 2737 2300 actiones
2779 2262 2823 2300 et
2859 2270 2964 2301 suas

1612 2315 1825 2369 pecunias
1864 2315 2094 2380 percipere
2132 2318 2176 2358 et
2213 2314 2338 2369 ipsas
2381 2313 2609 2358 cautiones
2650 2327 2677 2356 a
2707 2313 2865 2357 marito
2896 2326 2962 2356 re-

1614 2375 1637 2412 4
1698 2371 1867 2427 cipere,
1908 2372 2148 2416 securitate
2188 2370 2226 2413 ei
2261 2372 2538 2426 competente
2568 2368 2788 2413 facienda.
2848 2370 2963 2412 Dum

1612 2430 1760 2470 autem
1804 2427 1924 2483 apud
1965 2427 2175 2470 maritum
2218 2430 2451 2470 remanent
2494 2425 2674 2469 eaedem
2717 2425 2960 2480 cautiones,

1612 2485 1657 2526 et
1686 2483 1836 2526 dolum
1867 2488 1911 2526 et
1941 2482 2213 2549 diligentiam
2251 2483 2440 2526 maritus
2476 2482 2597 2525 circa
2627 2494 2703 2525 eas
2731 2485 2963 2546 praestare

1612 2538 1766 2591 debet,
1807 2541 1982 2605 qualem
2021 2540 2142 2583 circa
2181 2551 2287 2582 suas
2327 2551 2399 2582 res
2430 2538 2594 2582 habere
2623 2538 2847 2581 invenitur
2907 2551 2963 2581 ne

1612 2608 1667 2638 ex
1706 2596 1801 2639 eius
1841 2595 2115 2651 malignitate
2155 2596 2224 2639 vel
2253 2594 2423 2638 desidia
2452 2594 2602 2650 aliqua
2631 2595 2805 2637 mulieri
2835 2607 2962 2639 acce-

1612 2651 1690 2695 dat
1718 2652 1906 2696 iactura.
1967 2651 2086 2708 quod
2116 2652 2155 2696 si
2185 2651 2392 2703 evenerit,
2430 2651 2528 2707 ipse
2558 2650 2743 2694 eandem
2774 2650 2828 2694 de
2857 2663 2962 2706 pro-

1610 2707 1709 2764 prio
1747 2708 1968 2752 resarcire
2005 2708 2308 2764 compelletur.
2375 2706 2432 2752 D.
2472 2706 2516 2751 lc.
2559 2706 2672 2752 Nov.
2707 2706 2961 2765 Lampadio

1609 2768 1657 2809 et
1688 2762 1844 2809 Oreste
1873 2778 1938 2809 vv.
1970 2777 2033 2809 00.
2065 2765 2235 2808 0011334
2774 2767 2831 2816 [a.
2863 2766 2961 2815 530]

2220 2936 2326 2986 XV.
2329 2936 2347 2961 ⁵

1742 3019 1820 3059 DE
1851 3018 2001 3060 DOTE
2031 3017 2217 3059 OAUTA
2245 3018 2321 3058 ΕΤ
2350 3018 2468 3058 NON
2497 3017 2825 3061 NUMERATA.

1667 3101 1691 3148 1
1738 3100 1885 3160 Impp.
1934 3099 2128 3145 Severus
2173 3105 2219 3144 et
2260 3100 2518 3144 Antoninus
2552 3101 2646 3144 AA.
2679 3100 2957 3170 Dionysiae.

1607 3158 1770 3202 Dotem
1798 3157 2068 3210 numeratio,
2106 3169 2197 3200 non
2231 3155 2454 3221 scriptura
2484 3155 2645 3200 dotalis
2674 3157 2959 3204 instrumenti

1608 3214 1739 3258 facit:
1782 3217 1826 3256 et
1858 3213 1957 3256 ideo
1989 3226 2079 3255 non
2108 3213 2286 3267 ignoras
2315 3212 2379 3254 ita
2408 3211 2583 3254 demum
2613 3213 2670 3256 ad
2678 3214 2957 3279 petitionem

1608 3270 1724 3313 dotis
1755 3268 1927 3312 admitti
1956 3271 2002 3311 te
2029 3281 2184 3323 posse,
2225 3269 2262 3311 si
2292 3266 2439 3311 dotem
2467 3280 2496 3310 a
2524 3273 2569 3311 te
2597 3281 2646 3313 re
2674 3269 2776 3326 ipsa
2806 3271 2957 3315 datam

1607 3325 1854 3381 probatura
1894 3336 1955 3367 es.
2026 3323 2080 3367 D.
2113 3324 2248 3366 XJJI⁶
2285 3322 2328 3366 lc.
2358 3324 2474 3381 Auq.
2510 3322 2665 3369 Cilone
2702 3332 2749 3370 et
2785 3325 2957 3372 Libone

1608 3394 1752 3425 conss
2764 3386 2821 3435 [a.
2855 3387 2953 3437 204]

1664 3433 1695 3482 2
1727 3434 1840 3493 Imp.
1873 3433 2138 3479 Alexander
2166 3435 2218 3479 A.
2250 3433 2551 3501 Papinianae
2622 3436 2751 3493 Quod
2789 3439 2844 3483 de
2874 3453 2954 3484 suo

1606 3449 1827 3535 maritusp
1849 3495 2083 3534 constante
2136 3490 2415 3535 matrimonio
2471 3492 2665 3537 donandi
2715 3495 2861 3540 animo
2908 3497 2955 3540 in

1606 3549 1755 3592 dotem
1798 3546 2058 3602 adscripsit,
2110 3547 2149 3590 si
2201 3547 2386 3591 eandem
2437 3548 2720 3594 donationem
2762 3552 2955 3606 legitime

1608 3603 1855 3648 confectam
1878 3616 1970 3646 non
1991 3604 2228 3659 revocavit,
2260 3604 2337 3660 qui
2359 3604 2677 3649 incrementum
2701 3606 2795 3651 doti
2819 3608 2952 3662 dedit,

1605 3663 1652 3703 et
1680 3659 1869 3702 durante
1896 3659 2174 3704 matrimonio
2214 3665 2401 3704 mortem
2439 3661 2575 3716 obiit,
2615 3663 2672 3706 ab
2712 3663 2950 3708 heredibus

1604 3715 1773 3767 mariti,
1806 3716 2055 3770 quatenus⁷
2082 3715 2347 3772 interposita
2375 3717 2618 3762 liberalitas
2658 3719 2830 3762 munita
2869 3723 2950 3775 est,

1638 3772 1696 3814 eti
1732 3774 1894 3826 potest.
1964 3769 2058 3814 PP.
2106 3785 2211 3816 non.
2251 3772 2356 3817 Dee.
2394 3773 2663 3817 Alexandro
2701 3777 2752 3818 A
2794 3787 2863 3817 ΙΙ]
2908 3782 2953 3819 et

1649 3827 1753 3871 ione
1782 3839 1926 3870 conss
2759 3834 2814 3882 [a.
2851 3834 2947 3882 229]

1661 3880 1868 3939 3⁸Imp.
1910 3880 2194 3926 Iustinianus
2234 3884 2284 3927 A.
2326 3883 2490 3928 Menae
2518 3898 2603 3942 pp.
2671 3886 2724 3928 In
2755 3885 2947 3939 dotibus,

1603 3951 1714 3994 quas
1768 3938 1899 3982 datas
1953 3950 2051 3982 esse
2104 3938 2327 3983 dotalibus
2379 3940 2680 3984 instrumentis
2720 3919 2947 3985 conscribi

1601 3995 1736 4038 100113
1781 3996 1862 4047 est,
1909 4006 2009 4037 cum
2047 3994 2194 4039 adhuc
2236 3996 2358 4039 nulla
2387 3995 2521 4049 datio,
2567 3996 2644 4039 sed
2683 3997 2945 4059 pollicitatio

1602 4055 1777 4094 tantum
1805 4050 2047 4094 subsecuta
2074 4051 2144 4105 sit,
2174 4051 2308 4098 110331
2334 4064 2423 4094 000
2451 4054 2706 4094 numeratae
2730 4052 2946 4106 pecuniae

1602 4106 1905 4162 exceptionem
1931 4118 2156 4171 opponere
2182 4121 2271 4151 non
2297 4107 2440 4151 solum
2465 4106 2624 4150 marito
2652 4111 2808 4150 contra
2834 4120 2944 4151 uxo-

1601 4175 1694 4206 rem
1719 4161 1786 4205 vel
1815 4161 2000 4204 heredes
2030 4162 2125 4208 eius
2153 4166 2295 4206 morte
2322 4161 2515 4205 mulieris
2545 4162 2613 4205 vel
2642 4163 2828 4217 repudio
2856 4163 2943 4206 dis-

1602 4219 1747 4262 soluto
1775 4217 2068 4271 matrimonio,
2101 4219 2178 4263 sed
2207 4219 2339 4262 etiam
2367 4217 2603 4261 heredibus
2626 4219 2786 4269 mariti,
2819 4219 2943 4261 00103

1600 4277 1741 4318 morte
1771 4273 2034 4317 dissolutum
2064 4279 2134 4319 331
2161 4274 2501 4325 matrimonium,
2532 4286 2686 4317 socero
2717 4275 2850 4317 etiam
2875 4275 2943 4318 vel

1601 4329 1697 4375 3103
1740 4329 1997 4386 heredibus,
2040 4330 2080 4374 si
2116 4344 2216 4374 cum
2255 4330 2345 4372 filio
2390 4342 2471 4372 suo
2512 4329 2656 4372 dotem
2695 4329 2942 4427 suscepisse

2587 4469 2641 4521 (5)
2672 4469 2717 4509 B
2747 4470 2814 4515 29.
2840 4479 2875 4520 5,
2901 4479 2938 4511 41

1600 4542 1710 4580 seqq.
1812 4528 1868 4579 (6)
1899 4526 1939 4568 d.
1967 4540 2055 4567 xm
2085 4528 2198 4578 Hal„
2228 4538 2297 4578 pp.
2326 4537 2390 4564 xv
2419 4525 2462 4564 P
2542 4525 2597 4575 (Ἰ)
2628 4526 2783 4565 adiecto
2811 4540 2939 4579 supra

1598 4581 1782 4634 legitime
1800 4580 2027 4622 confectam
2053 4582 2127 4621 hoc
2153 4581 2236 4620 loco
2253 4577 2521 4630 stipulatione
2538 4579 2818 4631 compilatores
2833 4580 2936 4621 dele-

1599 4640 1726 4682 verint
1812 4639 1866 4686 (8)
1898 4638 2016 4689 iunqe
2039 4639 2078 4688 4,
2096 4644 2130 4687 2,
2148 4645 2200 4676 17.
2234 4638 2271 4686 4,
2291 4643 2420 4685 20,18.
2446 4636 2484 4685 4,
2503 4643 2624 4685 21,Π.
2657 4638 2696 4686 4,
2719 4639 2936 4687 30,14.15‘?

2546 4706 2596 4746 27
