<?xml version="1.0" encoding="UTF-8"?>
<!DOCTYPE html PUBLIC "-//W3C//DTD XHTML 1.0 Transitional//EN"
    "http://www.w3.org/TR/xhtml1/DTD/xhtml1-transitional.dtd">
<html xmlns="http://www.w3.org/1999/xhtml" xml:lang="en" lang="en">
 <head>
  <title>
</title>
<meta http-equiv="Content-Type" content="text/html;charset=utf-8" />
  <meta name='ocr-system' content='tesseract 3.04.00' />
  <meta name='ocr-capabilities' content='ocr_page ocr_carea ocr_par ocr_line ocrx_word'/>
</head>
<body>
  <div class='ocr_page' id='page_1' title='image "./corpusiuriscivil02krueuoft_0164.png"; bbox 0 0 3152 4784; ppageno 0'>
   <div class='ocr_carea' id='block_1_1' title="bbox 222 112 536 166">
    <p class='ocr_par' dir='ltr' id='par_1_1' title="bbox 222 112 536 166">
     <span class='ocr_line' id='line_1_1' title="bbox 222 112 536 166; baseline -0.022 0"><span class='ocrx_word' id='word_1_1' title='bbox 222 112 301 166; x_wconf 89' lang='lat'><strong>111</strong></span> <span class='ocrx_word' id='word_1_2' title='bbox 340 112 536 161; x_wconf 85' lang='lat'>12—15</span> 
     </span>
    </p>
   </div>
   <div class='ocr_carea' id='block_1_2' title="bbox 219 237 1538 416">
    <p class='ocr_par' dir='ltr' id='par_1_2' title="bbox 219 237 1538 416">
     <span class='ocr_line' id='line_1_2' title="bbox 221 237 1535 311; baseline -0.017 -12"><span class='ocrx_word' id='word_1_3' title='bbox 221 254 463 311; x_wconf 87' lang='lat' dir='ltr'><strong>quaerenda</strong></span> <span class='ocrx_word' id='word_1_4' title='bbox 493 256 580 302; x_wconf 87' lang='lat' dir='ltr'><strong>est,</strong></span> <span class='ocrx_word' id='word_1_5' title='bbox 620 265 713 294; x_wconf 89' lang='lat' dir='ltr'><strong>cum</strong></span> <span class='ocrx_word' id='word_1_6' title='bbox 743 246 948 290; x_wconf 87' lang='lat' dir='ltr'><strong>facillime</strong></span> <span class='ocrx_word' id='word_1_7' title='bbox 976 246 1021 288; x_wconf 93' lang='lat' dir='ltr'><strong>in</strong></span> <span class='ocrx_word' id='word_1_8' title='bbox 1049 246 1134 289; x_wconf 89' lang='lat' dir='ltr'><strong>hoc</strong></span> <span class='ocrx_word' id='word_1_9' title='bbox 1163 241 1314 288; x_wconf 88' lang='lat' dir='ltr'><strong>summi</strong></span> <span class='ocrx_word' id='word_1_10' title='bbox 1344 237 1535 304; x_wconf 76' lang='lat' dir='ltr'><strong>numinis</strong></span> 
     </span>
     <span class='ocr_line' id='line_1_3' title="bbox 221 293 1538 365; baseline -0.014 -12"><span class='ocrx_word' id='word_1_11' title='bbox 221 315 415 365; x_wconf 84' lang='lat' dir='ltr'><strong>speretur</strong></span> <span class='ocrx_word' id='word_1_12' title='bbox 443 307 589 357; x_wconf 91' lang='lat' dir='ltr'><strong>venia,</strong></span> <span class='ocrx_word' id='word_1_13' title='bbox 628 318 707 360; x_wconf 92' lang='lat' dir='ltr'><strong>per</strong></span> <span class='ocrx_word' id='word_1_14' title='bbox 735 302 851 358; x_wconf 92' lang='lat' dir='ltr'><strong>quod</strong></span> <span class='ocrx_word' id='word_1_15' title='bbox 879 301 1115 363; x_wconf 75' lang='lat' dir='ltr'><strong>multorum</strong></span> <span class='ocrx_word' id='word_1_16' title='bbox 1145 300 1264 343; x_wconf 84' lang='lat' dir='ltr'><strong>salus</strong></span> <span class='ocrx_word' id='word_1_17' title='bbox 1295 298 1338 338; x_wconf 90' lang='lat' dir='ltr'><strong>et</strong></span> <span class='ocrx_word' id='word_1_18' title='bbox 1365 293 1538 356; x_wconf 48' lang='lat' dir='ltr'><strong>incoluff</strong></span> 
     </span>
     <span class='ocr_line' id='line_1_4' title="bbox 219 345 1535 416; baseline -0.014 -9"><span class='ocrx_word' id='word_1_19' title='bbox 219 366 344 408; x_wconf 88' lang='lat' dir='ltr'><strong>mitas</strong></span> <span class='ocrx_word' id='word_1_20' title='bbox 392 364 665 416; x_wconf 87' lang='lat' dir='ltr'><strong>procuratur.</strong></span> <span class='ocrx_word' id='word_1_21' title='bbox 748 356 803 399; x_wconf 90' lang='lat' dir='ltr'><strong>D.</strong></span> <span class='ocrx_word' id='word_1_22' title='bbox 843 366 872 397; x_wconf 82' lang='lat' dir='ltr'><strong><em>V</em></strong></span> <span class='ocrx_word' id='word_1_23' title='bbox 907 354 950 397; x_wconf 83' lang='lat' dir='ltr'><strong>lc.</strong></span> <span class='ocrx_word' id='word_1_24' title='bbox 994 354 1104 398; x_wconf 78' lang='lat' dir='ltr'><strong>Mai.</strong></span> <span class='ocrx_word' id='word_1_25' title='bbox 1152 345 1535 401; x_wconf 80' lang='lat' dir='ltr'><strong>Constantinopoli</strong></span> 
     </span>
    </p>
   </div>
   <div class='ocr_carea' id='block_1_3' title="bbox 218 404 1538 681">
    <p class='ocr_par' dir='ltr' id='par_1_3' title="bbox 219 404 1531 468">
     <span class='ocr_line' id='line_1_5' title="bbox 219 404 1531 468; baseline -0.014 -7"><span class='ocrx_word' id='word_1_26' title='bbox 219 421 362 462; x_wconf 76' lang='lat' dir='ltr'><strong>Basso</strong></span> <span class='ocrx_word' id='word_1_27' title='bbox 391 420 435 458; x_wconf 87' lang='lat' dir='ltr'><strong>et</strong></span> <span class='ocrx_word' id='word_1_28' title='bbox 462 413 674 468; x_wconf 76' lang='lat' dir='ltr'><strong>Philippo</strong></span> <span class='ocrx_word' id='word_1_29' title='bbox 705 422 846 453; x_wconf 83' lang='lat' dir='ltr'><strong>conss.</strong></span> <span class='ocrx_word' id='word_1_30' title='bbox 1347 406 1403 465; x_wconf 75' lang='lat' dir='ltr'><strong>[a.</strong></span> <span class='ocrx_word' id='word_1_31' title='bbox 1435 404 1531 451; x_wconf 91' lang='lat'>408]</span> 
     </span>
    </p>

    <p class='ocr_par' dir='ltr' id='par_1_4' title="bbox 218 460 1538 681">
     <span class='ocr_line' id='line_1_6' title="bbox 272 460 1533 523; baseline -0.014 -8"><span class='ocrx_word' id='word_1_32' title='bbox 272 471 301 518; x_wconf 90' lang='grc'>9</span> <span class='ocrx_word' id='word_1_33' title='bbox 332 469 429 523; x_wconf 86' lang='grc'>(11)</span> <span class='ocrx_word' id='word_1_34' title='bbox 461 466 602 523; x_wconf 88' lang='lat' dir='ltr'><strong>Impp.</strong></span> <span class='ocrx_word' id='word_1_35' title='bbox 634 465 724 507; x_wconf 83' lang='lat' dir='ltr'><strong>Leo</strong></span> <span class='ocrx_word' id='word_1_36' title='bbox 755 468 799 506; x_wconf 86' lang='lat' dir='ltr'><strong>et</strong></span> <span class='ocrx_word' id='word_1_37' title='bbox 822 461 1083 506; x_wconf 78' lang='lat' dir='ltr'><em>Anthemius</em></span> <span class='ocrx_word' id='word_1_38' title='bbox 1103 461 1193 505; x_wconf 88' lang='lat' dir='ltr'><strong>AA.</strong></span> <span class='ocrx_word' id='word_1_39' title='bbox 1222 460 1427 521; x_wconf 64' lang='lat' dir='ltr'><strong>Armasio</strong></span> <span class='ocrx_word' id='word_1_40' title='bbox 1449 470 1533 513; x_wconf 89' lang='lat' dir='ltr'><strong>pp.</strong></span> 
     </span>
     <span class='ocr_line' id='line_1_7' title="bbox 219 511 1536 575; baseline -0.013 -4"><span class='ocrx_word' id='word_1_41' title='bbox 219 529 321 572; x_wconf 87' lang='lat' dir='ltr'><strong>Dies</strong></span> <span class='ocrx_word' id='word_1_42' title='bbox 372 525 527 573; x_wconf 80' lang='lat' dir='ltr'><strong>festOS,</strong></span> <span class='ocrx_word' id='word_1_43' title='bbox 579 519 699 561; x_wconf 88' lang='lat' dir='ltr'><strong>dies¹</strong></span> <span class='ocrx_word' id='word_1_44' title='bbox 751 517 971 559; x_wconf 86' lang='lat' dir='ltr'><strong>maiestati</strong></span> <span class='ocrx_word' id='word_1_45' title='bbox 1022 516 1256 559; x_wconf 86' lang='lat' dir='ltr'><strong>altissimae</strong></span> <span class='ocrx_word' id='word_1_46' title='bbox 1309 511 1536 575; x_wconf 82' lang='lat' dir='ltr'><strong>dedicatos</strong></span> 
     </span>
     <span class='ocr_line' id='line_1_8' title="bbox 218 566 1532 630; baseline -0.014 -4"><span class='ocrx_word' id='word_1_47' title='bbox 218 582 345 627; x_wconf 88' lang='lat' dir='ltr'><strong>nullis</strong></span> <span class='ocrx_word' id='word_1_48' title='bbox 383 579 575 621; x_wconf 90' lang='lat' dir='ltr'><strong>volumus</strong></span> <span class='ocrx_word' id='word_1_49' title='bbox 614 572 911 626; x_wconf 88' lang='lat' dir='ltr'><strong>voluptatibus</strong></span> <span class='ocrx_word' id='word_1_50' title='bbox 951 570 1159 625; x_wconf 88' lang='lat' dir='ltr'><strong>occupari</strong></span> <span class='ocrx_word' id='word_1_51' title='bbox 1203 581 1283 611; x_wconf 91' lang='lat' dir='ltr'><strong>nec</strong></span> <span class='ocrx_word' id='word_1_52' title='bbox 1319 566 1432 630; x_wconf 38' lang='lat' dir='ltr'><strong>ull-is·</strong></span> <span class='ocrx_word' id='word_1_53' title='bbox 1457 578 1532 609; x_wconf 90' lang='lat' dir='ltr'><strong>ex-</strong></span> 
     </span>
     <span class='ocr_line' id='line_1_9' title="bbox 222 622 1538 681; baseline -0.013 -1"><span class='ocrx_word' id='word_1_54' title='bbox 222 646 237 681; x_wconf 89' lang='grc'><strong>1</strong></span> <span class='ocrx_word' id='word_1_55' title='bbox 321 634 535 677; x_wconf 89' lang='lat' dir='ltr'><strong>actionum</strong></span> <span class='ocrx_word' id='word_1_56' title='bbox 586 626 889 670; x_wconf 85' lang='lat' dir='ltr'><strong>vexationibus</strong></span> <span class='ocrx_word' id='word_1_57' title='bbox 941 625 1180 680; x_wconf 86' lang='lat' dir='ltr'><strong>profanari.</strong></span> <span class='ocrx_word' id='word_1_58' title='bbox 1260 622 1538 665; x_wconf 86' lang='lat' dir='ltr'><strong>Dominicum</strong></span> 
     </span>
    </p>
   </div>
   <div class='ocr_carea' id='block_1_4' title="bbox 217 677 1544 746">
    <p class='ocr_par' dir='ltr' id='par_1_5' title="bbox 217 677 1544 746">
     <span class='ocr_line' id='line_1_10' title="bbox 217 677 1544 746; baseline -0.007 -14"><span class='ocrx_word' id='word_1_59' title='bbox 217 695 361 746; x_wconf 79' lang='lat' dir='ltr'><strong>itaque</strong></span> <span class='ocrx_word' id='word_1_60' title='bbox 404 686 542 729; x_wconf 77' lang='lat' dir='ltr'><strong>diem2</strong></span> <span class='ocrx_word' id='word_1_61' title='bbox 594 693 764 736; x_wconf 85' lang='lat' dir='ltr'><strong>semper</strong></span> <span class='ocrx_word' id='word_1_62' title='bbox 814 680 1114 722; x_wconf 79' lang='lat' dir='ltr'><strong>honorabilem</strong></span> <span class='ocrx_word' id='word_1_63' title='bbox 1155 679 1220 720; x_wconf 91' lang='lat' dir='ltr'><strong>ita</strong></span> <span class='ocrx_word' id='word_1_64' title='bbox 1263 677 1544 724; x_wconf 83' lang='lat' dir='ltr'><strong>decernimus.</strong></span> 
     </span>
    </p>
   </div>
   <div class='ocr_carea' id='block_1_5' title="bbox 210 733 1541 1841">
    <p class='ocr_par' dir='ltr' id='par_1_6' title="bbox 210 733 1541 1841">
     <span class='ocr_line' id='line_1_11' title="bbox 216 733 1536 790; baseline -0.011 0"><span class='ocrx_word' id='word_1_65' title='bbox 216 743 524 790; x_wconf 90' lang='lat' dir='ltr'><strong>venerandum,</strong></span> <span class='ocrx_word' id='word_1_66' title='bbox 564 740 615 780; x_wconf 88' lang='lat' dir='ltr'><strong>ut</strong></span> <span class='ocrx_word' id='word_1_67' title='bbox 647 749 681 779; x_wconf 63' lang='lat' dir='ltr'><strong>a.</strong></span> <span class='ocrx_word' id='word_1_68' title='bbox 703 735 872 778; x_wconf 90' lang='lat' dir='ltr'><strong>cunctis</strong></span> <span class='ocrx_word' id='word_1_69' title='bbox 903 733 1258 776; x_wconf 79' lang='lat' dir='ltr'><strong>exsecutionibus</strong></span> <span class='ocrx_word' id='word_1_70' title='bbox 1289 737 1536 786; x_wconf 83' lang='lat' dir='ltr'><strong>excusetur,</strong></span> 
     </span>
     <span class='ocr_line' id='line_1_12' title="bbox 216 787 1536 852; baseline -0.009 -8"><span class='ocrx_word' id='word_1_71' title='bbox 216 801 335 845; x_wconf 90' lang='lat' dir='ltr'><strong>nulla</strong></span> <span class='ocrx_word' id='word_1_72' title='bbox 364 805 615 852; x_wconf 87' lang='lat' dir='ltr'><strong>quemquam</strong></span> <span class='ocrx_word' id='word_1_73' title='bbox 644 792 830 845; x_wconf 83' lang='lat' dir='ltr'><strong>urgueat</strong></span> <span class='ocrx_word' id='word_1_74' title='bbox 858 788 1111 840; x_wconf 83' lang='lat' dir='ltr'><strong>admonitio,</strong></span> <span class='ocrx_word' id='word_1_75' title='bbox 1141 789 1264 831; x_wconf 90' lang='lat' dir='ltr'><strong>nulla</strong></span> <span class='ocrx_word' id='word_1_76' title='bbox 1287 787 1536 832; x_wconf 88' lang='lat' dir='ltr'><strong>fideiussio-</strong></span> 
     </span>
     <span class='ocr_line' id='line_1_13' title="bbox 214 843 1537 906; baseline -0.009 -7"><span class='ocrx_word' id='word_1_77' title='bbox 214 857 280 899; x_wconf 88' lang='lat' dir='ltr'><strong>nis</strong></span> <span class='ocrx_word' id='word_1_78' title='bbox 308 853 523 906; x_wconf 89' lang='lat' dir='ltr'><strong>fiagitetur</strong></span> <span class='ocrx_word' id='word_1_79' title='bbox 551 846 735 897; x_wconf 90' lang='lat' dir='ltr'><strong>exactio,</strong></span> <span class='ocrx_word' id='word_1_80' title='bbox 765 847 911 888; x_wconf 90' lang='lat' dir='ltr'><strong>taceat</strong></span> <span class='ocrx_word' id='word_1_81' title='bbox 939 843 1172 899; x_wconf 86' lang='lat' dir='ltr'><strong>apparitio,</strong></span> <span class='ocrx_word' id='word_1_82' title='bbox 1202 844 1432 888; x_wconf 88' lang='lat' dir='ltr'><strong>advocatio</strong></span> <span class='ocrx_word' id='word_1_83' title='bbox 1463 845 1537 887; x_wconf 90' lang='lat' dir='ltr'><strong>de-</strong></span> 
     </span>
     <span class='ocr_line' id='line_1_14' title="bbox 214 899 1538 959; baseline -0.008 -6"><span class='ocrx_word' id='word_1_84' title='bbox 214 911 394 959; x_wconf 88' lang='lat' dir='ltr'><strong>litescat,</strong></span> <span class='ocrx_word' id='word_1_85' title='bbox 425 905 481 947; x_wconf 89' lang='lat' dir='ltr'><strong>sit</strong></span> <span class='ocrx_word' id='word_1_86' title='bbox 507 902 620 945; x_wconf 89' lang='lat' dir='ltr'><strong>idem</strong></span> <span class='ocrx_word' id='word_1_87' title='bbox 649 900 742 944; x_wconf 90' lang='lat' dir='ltr'><strong>dies</strong></span> <span class='ocrx_word' id='word_1_88' title='bbox 771 913 798 943; x_wconf 92' lang='lat' dir='ltr'><strong>a</strong></span> <span class='ocrx_word' id='word_1_89' title='bbox 829 899 1150 954; x_wconf 86' lang='lat' dir='ltr'><strong>cognitionibus</strong></span> <span class='ocrx_word' id='word_1_90' title='bbox 1187 900 1380 954; x_wconf 89' lang='lat' dir='ltr'><strong>alienus,</strong></span> <span class='ocrx_word' id='word_1_91' title='bbox 1409 912 1538 955; x_wconf 90' lang='lat' dir='ltr'><strong>prae-</strong></span> 
     </span>
     <span class='ocr_line' id='line_1_15' title="bbox 215 954 1538 1010; baseline -0.008 -2"><span class='ocrx_word' id='word_1_92' title='bbox 215 965 333 1008; x_wconf 91' lang='lat' dir='ltr'><strong>conis</strong></span> <span class='ocrx_word' id='word_1_93' title='bbox 369 958 543 1002; x_wconf 88' lang='lat' dir='ltr'><strong>horrida</strong></span> <span class='ocrx_word' id='word_1_94' title='bbox 570 970 653 999; x_wconf 90' lang='lat' dir='ltr'><strong>vox</strong></span> <span class='ocrx_word' id='word_1_95' title='bbox 683 956 880 1007; x_wconf 84' lang='lat' dir='ltr'><strong>silescat,</strong></span> <span class='ocrx_word' id='word_1_96' title='bbox 917 954 1136 1010; x_wconf 88' lang='lat' dir='ltr'><strong>respirent</strong></span> <span class='ocrx_word' id='word_1_97' title='bbox 1171 967 1198 998; x_wconf 91' lang='lat' dir='ltr'><strong>a</strong></span> <span class='ocrx_word' id='word_1_98' title='bbox 1228 956 1538 999; x_wconf 87' lang='lat' dir='ltr'><strong>controversiis</strong></span> 
     </span>
     <span class='ocr_line' id='line_1_16' title="bbox 211 1011 1537 1072; baseline -0.006 -10"><span class='ocrx_word' id='word_1_99' title='bbox 211 1019 446 1072; x_wconf 86' lang='lat' dir='ltr'><strong>litigantes,</strong></span> <span class='ocrx_word' id='word_1_100' title='bbox 485 1013 678 1055; x_wconf 89' lang='lat' dir='ltr'><strong>habeant</strong></span> <span class='ocrx_word' id='word_1_101' title='bbox 712 1011 904 1055; x_wconf 87' lang='lat' dir='ltr'><strong>foederis</strong></span> <span class='ocrx_word' id='word_1_102' title='bbox 933 1011 1224 1065; x_wconf 86' lang='lat' dir='ltr'><strong>intervallum,</strong></span> <span class='ocrx_word' id='word_1_103' title='bbox 1267 1011 1353 1054; x_wconf 89' lang='lat' dir='ltr'><strong>³ad</strong></span> <span class='ocrx_word' id='word_1_104' title='bbox 1389 1024 1436 1055; x_wconf 90' lang='grc'><strong>80</strong></span> <span class='ocrx_word' id='word_1_105' title='bbox 1464 1023 1537 1054; x_wconf 84' lang='lat' dir='ltr'><strong>ve-</strong></span> 
     </span>
     <span class='ocr_line' id='line_1_17' title="bbox 211 1066 1539 1120; baseline -0.005 -4"><span class='ocrx_word' id='word_1_106' title='bbox 211 1075 332 1118; x_wconf 90' lang='lat' dir='ltr'><strong>niant</strong></span> <span class='ocrx_word' id='word_1_107' title='bbox 360 1067 593 1113; x_wconf 90' lang='lat' dir='ltr'><strong>adversarii</strong></span> <span class='ocrx_word' id='word_1_108' title='bbox 621 1080 711 1110; x_wconf 91' lang='lat' dir='ltr'><strong>non</strong></span> <span class='ocrx_word' id='word_1_109' title='bbox 740 1067 956 1120; x_wconf 87' lang='lat' dir='ltr'><strong>timentes,</strong></span> <span class='ocrx_word' id='word_1_110' title='bbox 992 1066 1151 1109; x_wconf 83' lang='lat' dir='ltr'><strong>subeat</strong></span> <span class='ocrx_word' id='word_1_111' title='bbox 1179 1066 1345 1110; x_wconf 87' lang='lat' dir='ltr'><strong>animos</strong></span> <span class='ocrx_word' id='word_1_112' title='bbox 1375 1067 1539 1110; x_wconf 87' lang='lat' dir='ltr'><strong>vicaria</strong></span> 
     </span>
     <span class='ocr_line' id='line_1_18' title="bbox 212 1122 1535 1184; baseline -0.005 -13"><span class='ocrx_word' id='word_1_113' title='bbox 212 1125 456 1184; x_wconf 88' lang='lat' dir='ltr'><strong>paenitudo,</strong></span> <span class='ocrx_word' id='word_1_114' title='bbox 486 1127 618 1178; x_wconf 89' lang='lat' dir='ltr'><strong>pacta</strong></span> <span class='ocrx_word' id='word_1_115' title='bbox 648 1122 889 1175; x_wconf 90' lang='lat' dir='ltr'><strong>conferant,</strong></span> <span class='ocrx_word' id='word_1_116' title='bbox 929 1122 1251 1166; x_wconf 87' lang='lat' dir='ltr'><strong>transactiones</strong></span> <span class='ocrx_word' id='word_1_117' title='bbox 1282 1123 1535 1177; x_wconf 87' lang='lat' dir='ltr'><strong>loquantur.</strong></span> 
     </span>
     <span class='ocr_line' id='line_1_19' title="bbox 212 1177 1538 1232; baseline -0.005 -5"><span class='ocrx_word' id='word_1_118' title='bbox 212 1190 235 1227; x_wconf 85' lang='lat'>2</span> <span class='ocrx_word' id='word_1_119' title='bbox 291 1182 382 1225; x_wconf 90' lang='lat' dir='ltr'><strong>Nec</strong></span> <span class='ocrx_word' id='word_1_120' title='bbox 411 1186 556 1222; x_wconf 88' lang='lat' dir='ltr'><strong>tamen</strong></span> <span class='ocrx_word' id='word_1_121' title='bbox 583 1178 694 1221; x_wconf 90' lang='lat' dir='ltr'><strong>haec</strong></span> <span class='ocrx_word' id='word_1_122' title='bbox 724 1177 911 1232; x_wconf 85' lang='lat' dir='ltr'><strong>religiosi</strong></span> <span class='ocrx_word' id='word_1_123' title='bbox 947 1177 1032 1220; x_wconf 91' lang='lat' dir='ltr'><strong>diei</strong></span> <span class='ocrx_word' id='word_1_124' title='bbox 1062 1178 1151 1220; x_wconf 90' lang='lat' dir='ltr'><strong>otia</strong></span> <span class='ocrx_word' id='word_1_125' title='bbox 1179 1177 1429 1221; x_wconf 87' lang='lat' dir='ltr'><strong>relaxantes</strong></span> <span class='ocrx_word' id='word_1_126' title='bbox 1460 1178 1538 1221; x_wconf 92' lang='lat' dir='ltr'><strong>ob-</strong></span> 
     </span>
     <span class='ocr_line' id='line_1_20' title="bbox 212 1232 1538 1288; baseline -0.005 -6"><span class='ocrx_word' id='word_1_127' title='bbox 212 1237 376 1282; x_wconf 89' lang='lat' dir='ltr'><strong>scaenis</strong></span> <span class='ocrx_word' id='word_1_128' title='bbox 427 1246 685 1288; x_wconf 91' lang='lat' dir='ltr'><strong>quemquam</strong></span> <span class='ocrx_word' id='word_1_129' title='bbox 733 1233 926 1287; x_wconf 87' lang='lat' dir='ltr'><strong>patimur</strong></span> <span class='ocrx_word' id='word_1_130' title='bbox 985 1232 1287 1288; x_wconf 87' lang='lat' dir='ltr'><strong>voluptatibus</strong></span> <span class='ocrx_word' id='word_1_131' title='bbox 1339 1233 1538 1277; x_wconf 87' lang='lat' dir='ltr'><strong>detineri.</strong></span> 
     </span>
     <span class='ocr_line' id='line_1_21' title="bbox 212 1288 1541 1338; baseline -0.005 -1"><span class='ocrx_word' id='word_1_132' title='bbox 212 1294 313 1338; x_wconf 93' lang='lat' dir='ltr'><strong>nihil</strong></span> <span class='ocrx_word' id='word_1_133' title='bbox 351 1290 498 1334; x_wconf 90' lang='lat' dir='ltr'><strong>eodem</strong></span> <span class='ocrx_word' id='word_1_134' title='bbox 535 1289 603 1331; x_wconf 90' lang='lat' dir='ltr'><strong>die</strong></span> <span class='ocrx_word' id='word_1_135' title='bbox 642 1288 728 1332; x_wconf 88' lang='lat' dir='ltr'><strong>sibi</strong></span> <span class='ocrx_word' id='word_1_136' title='bbox 766 1288 963 1331; x_wconf 86' lang='lat' dir='ltr'><strong>uindicet</strong></span> <span class='ocrx_word' id='word_1_137' title='bbox 999 1300 1160 1331; x_wconf 87' lang='lat' dir='ltr'><strong>scaena</strong></span> <span class='ocrx_word' id='word_1_138' title='bbox 1197 1288 1428 1332; x_wconf 87' lang='lat' dir='ltr'><strong>theatralis</strong></span> <span class='ocrx_word' id='word_1_139' title='bbox 1462 1293 1541 1332; x_wconf 91' lang='lat' dir='ltr'><strong>aut</strong></span> 
     </span>
     <span class='ocr_line' id='line_1_22' title="bbox 211 1343 1537 1400; baseline -0.004 -8"><span class='ocrx_word' id='word_1_140' title='bbox 211 1350 402 1392; x_wconf 88' lang='lat' dir='ltr'><strong>circense</strong></span> <span class='ocrx_word' id='word_1_141' title='bbox 432 1349 651 1387; x_wconf 88' lang='lat' dir='ltr'><strong>certamen</strong></span> <span class='ocrx_word' id='word_1_142' title='bbox 680 1346 758 1387; x_wconf 89' lang='lat' dir='ltr'><strong>aut</strong></span> <span class='ocrx_word' id='word_1_143' title='bbox 786 1344 980 1386; x_wconf 86' lang='lat' dir='ltr'><strong>ferarum</strong></span> <span class='ocrx_word' id='word_1_144' title='bbox 1002 1343 1238 1387; x_wconf 89' lang='lat' dir='ltr'><strong>lacrimosa</strong></span> <span class='ocrx_word' id='word_1_145' title='bbox 1261 1344 1537 1400; x_wconf 88' lang='lat' dir='ltr'><strong>spectacula:</strong></span> 
     </span>
     <span class='ocr_line' id='line_1_23' title="bbox 211 1398 1540 1448; baseline -0.003 -1"><span class='ocrx_word' id='word_1_146' title='bbox 211 1405 336 1448; x_wconf 90' lang='lat' dir='ltr'><strong>etiam</strong></span> <span class='ocrx_word' id='word_1_147' title='bbox 365 1401 402 1445; x_wconf 89' lang='lat' dir='ltr'><strong>si</strong></span> <span class='ocrx_word' id='word_1_148' title='bbox 428 1401 473 1443; x_wconf 92' lang='lat' dir='ltr'><strong>in</strong></span> <span class='ocrx_word' id='word_1_149' title='bbox 503 1403 704 1443; x_wconf 89' lang='lat' dir='ltr'><strong>nostrum</strong></span> <span class='ocrx_word' id='word_1_150' title='bbox 733 1402 879 1442; x_wconf 89' lang='lat' dir='ltr'><strong>ortum</strong></span> <span class='ocrx_word' id='word_1_151' title='bbox 908 1402 986 1441; x_wconf 90' lang='lat' dir='ltr'><strong>aut</strong></span> <span class='ocrx_word' id='word_1_152' title='bbox 1014 1398 1235 1442; x_wconf 69' lang='lat' dir='ltr'><strong>natalem⁴</strong></span> <span class='ocrx_word' id='word_1_153' title='bbox 1276 1400 1540 1443; x_wconf 87' lang='lat' dir='ltr'><strong>celebranda</strong></span> 
     </span>
     <span class='ocr_line' id='line_1_24' title="bbox 213 1454 1540 1507; baseline -0.004 -4"><span class='ocrx_word' id='word_1_154' title='bbox 213 1465 234 1503; x_wconf 90' lang='lat'><strong>3</strong></span> <span class='ocrx_word' id='word_1_155' title='bbox 306 1455 571 1501; x_wconf 90' lang='lat' dir='ltr'><strong>sollemnitas</strong></span> <span class='ocrx_word' id='word_1_156' title='bbox 622 1454 847 1507; x_wconf 89' lang='lat' dir='ltr'><strong>inciderit,</strong></span> <span class='ocrx_word' id='word_1_157' title='bbox 904 1454 1143 1497; x_wconf 50' lang='lat' dir='ltr'><strong>differatur„</strong></span> <span class='ocrx_word' id='word_1_158' title='bbox 1220 1455 1540 1498; x_wconf 87' lang='lat' dir='ltr'><strong>Amissionem⁵</strong></span> 
     </span>
     <span class='ocr_line' id='line_1_25' title="bbox 212 1509 1538 1567; baseline -0.002 -10"><span class='ocrx_word' id='word_1_159' title='bbox 212 1515 396 1564; x_wconf 89' lang='lat' dir='ltr'><strong>militiae,</strong></span> <span class='ocrx_word' id='word_1_160' title='bbox 427 1510 792 1567; x_wconf 88' lang='lat' dir='ltr'><strong>proscriptionem</strong></span> <span class='ocrx_word' id='word_1_161' title='bbox 820 1509 1071 1564; x_wconf 89' lang='lat' dir='ltr'><strong>patrimonii</strong></span> <span class='ocrx_word' id='word_1_162' title='bbox 1097 1509 1343 1562; x_wconf 84' lang='lat' dir='ltr'><strong>sustinebit,</strong></span> <span class='ocrx_word' id='word_1_163' title='bbox 1375 1511 1412 1554; x_wconf 89' lang='lat' dir='ltr'><strong>si</strong></span> <span class='ocrx_word' id='word_1_164' title='bbox 1442 1512 1538 1566; x_wconf 91' lang='lat' dir='ltr'><strong>quis</strong></span> 
     </span>
     <span class='ocr_line' id='line_1_26' title="bbox 211 1565 1539 1624; baseline -0.002 -12"><span class='ocrx_word' id='word_1_165' title='bbox 211 1581 410 1624; x_wconf 89' lang='lat' dir='ltr'><strong>umquam</strong></span> <span class='ocrx_word' id='word_1_166' title='bbox 438 1568 522 1609; x_wconf 90' lang='lat' dir='ltr'><strong>hoc</strong></span> <span class='ocrx_word' id='word_1_167' title='bbox 548 1566 617 1609; x_wconf 90' lang='lat' dir='ltr'><strong>die</strong></span> <span class='ocrx_word' id='word_1_168' title='bbox 638 1565 752 1608; x_wconf 89' lang='lat' dir='ltr'><strong>festo</strong></span> <span class='ocrx_word' id='word_1_169' title='bbox 779 1565 1045 1620; x_wconf 88' lang='lat' dir='ltr'><strong>spectaculis</strong></span> <span class='ocrx_word' id='word_1_170' title='bbox 1070 1565 1284 1609; x_wconf 88' lang='lat' dir='ltr'><strong>interesse</strong></span> <span class='ocrx_word' id='word_1_171' title='bbox 1299 1567 1367 1609; x_wconf 87' lang='lat' dir='ltr'><strong>vel</strong></span> <span class='ocrx_word' id='word_1_172' title='bbox 1392 1567 1539 1610; x_wconf 90' lang='lat' dir='ltr'><strong>cuius-</strong></span> 
     </span>
     <span class='ocr_line' id='line_1_27' title="bbox 211 1621 1540 1679; baseline -0.002 -11"><span class='ocrx_word' id='word_1_173' title='bbox 211 1636 390 1679; x_wconf 89' lang='lat' dir='ltr'><strong>cumque</strong></span> <span class='ocrx_word' id='word_1_174' title='bbox 425 1622 578 1665; x_wconf 89' lang='lat' dir='ltr'><strong>iudicis</strong></span> <span class='ocrx_word' id='word_1_175' title='bbox 618 1621 847 1676; x_wconf 87' lang='lat' dir='ltr'><strong>apparitor</strong></span> <span class='ocrx_word' id='word_1_176' title='bbox 888 1624 1124 1675; x_wconf 89' lang='lat' dir='ltr'><strong>praetextu</strong></span> <span class='ocrx_word' id='word_1_177' title='bbox 1167 1622 1329 1676; x_wconf 89' lang='lat' dir='ltr'><strong>negotii</strong></span> <span class='ocrx_word' id='word_1_178' title='bbox 1373 1622 1540 1678; x_wconf 89' lang='lat' dir='ltr'><strong>publici</strong></span> 
     </span>
     <span class='ocr_line' id='line_1_28' title="bbox 211 1676 1539 1734; baseline -0.003 -10"><span class='ocrx_word' id='word_1_179' title='bbox 211 1694 285 1724; x_wconf 89' lang='lat' dir='ltr'><strong>seu</strong></span> <span class='ocrx_word' id='word_1_180' title='bbox 323 1678 482 1734; x_wconf 90' lang='lat' dir='ltr'><strong>privati</strong></span> <span class='ocrx_word' id='word_1_181' title='bbox 518 1678 629 1720; x_wconf 88' lang='lat' dir='ltr'><strong>haec</strong></span> <span class='ocrx_word' id='word_1_182' title='bbox 671 1689 785 1732; x_wconf 89' lang='lat' dir='ltr'><strong>quae</strong></span> <span class='ocrx_word' id='word_1_183' title='bbox 821 1677 906 1719; x_wconf 90' lang='lat' dir='ltr'><strong>hac</strong></span> <span class='ocrx_word' id='word_1_184' title='bbox 943 1676 1037 1731; x_wconf 91' lang='lat' dir='ltr'><strong>lege</strong></span> <span class='ocrx_word' id='word_1_185' title='bbox 1066 1680 1235 1720; x_wconf 81' lang='lat' dir='ltr'><strong>statuta</strong></span> <span class='ocrx_word' id='word_1_186' title='bbox 1265 1680 1370 1721; x_wconf 89' lang='lat' dir='ltr'><strong>sunt</strong></span> <span class='ocrx_word' id='word_1_187' title='bbox 1399 1678 1539 1722; x_wconf 91' lang='lat' dir='ltr'><strong>credi-</strong></span> 
     </span>
     <span class='ocr_line' id='line_1_29' title="bbox 210 1731 1541 1791; baseline -0.002 -12"><span class='ocrx_word' id='word_1_188' title='bbox 210 1736 319 1779; x_wconf 89' lang='lat' dir='ltr'><strong>derit</strong></span> <span class='ocrx_word' id='word_1_189' title='bbox 360 1733 624 1776; x_wconf 86' lang='lat' dir='ltr'><strong>temeranda.</strong></span> <span class='ocrx_word' id='word_1_190' title='bbox 694 1732 748 1776; x_wconf 92' lang='lat' dir='ltr'><strong>D.</strong></span> <span class='ocrx_word' id='word_1_191' title='bbox 799 1734 850 1775; x_wconf 71' lang='grc'><strong>76</strong></span> <span class='ocrx_word' id='word_1_192' title='bbox 892 1731 952 1774; x_wconf 89' lang='lat' dir='ltr'><strong>id.</strong></span> <span class='ocrx_word' id='word_1_193' title='bbox 997 1731 1102 1775; x_wconf 79' lang='lat' dir='ltr'><strong>Dee.</strong></span> <span class='ocrx_word' id='word_1_194' title='bbox 1149 1732 1541 1791; x_wconf 77' lang='lat' dir='ltr'><strong>Constantinopoli</strong></span> 
     </span>
     <span class='ocr_line' id='line_1_30' title="bbox 212 1787 1539 1841; baseline -0.002 -6"><span class='ocrx_word' id='word_1_195' title='bbox 212 1792 385 1835; x_wconf 86' lang='lat' dir='ltr'><strong>Zenone</strong></span> <span class='ocrx_word' id='word_1_196' title='bbox 413 1794 457 1833; x_wconf 84' lang='lat' dir='ltr'><strong>et</strong></span> <span class='ocrx_word' id='word_1_197' title='bbox 482 1787 721 1832; x_wconf 85' lang='lat' dir='ltr'><strong>Marciano</strong></span> <span class='ocrx_word' id='word_1_198' title='bbox 752 1800 895 1832; x_wconf 75' lang='lat' dir='ltr'><strong>conss,</strong></span> <span class='ocrx_word' id='word_1_199' title='bbox 1356 1794 1411 1841; x_wconf 91' lang='lat' dir='ltr'><strong>[a.</strong></span> <span class='ocrx_word' id='word_1_200' title='bbox 1441 1793 1539 1841; x_wconf 83' lang='grc'>469]</span> 
     </span>
    </p>
   </div>
   <div class='ocr_carea' id='block_1_6' title="bbox 795 1958 950 2006">
    <p class='ocr_par' dir='ltr' id='par_1_7' title="bbox 795 1958 950 2006">
     <span class='ocr_line' id='line_1_31' title="bbox 795 1958 950 2006; baseline 0 0"><span class='ocrx_word' id='word_1_201' title='bbox 795 1958 950 2006; x_wconf 83' lang='grc' dir='ltr'><strong>ΧΙΙΙ.’1</strong></span> 
     </span>
    </p>
   </div>
   <div class='ocr_carea' id='block_1_7' title="bbox 213 2037 1540 2137">
    <p class='ocr_par' dir='ltr' id='par_1_8' title="bbox 213 2037 1540 2137">
     <span class='ocr_line' id='line_1_32' title="bbox 213 2037 1540 2081; baseline -0.002 0"><span class='ocrx_word' id='word_1_202' title='bbox 213 2041 283 2081; x_wconf 87' lang='lat' dir='ltr'><strong>DE</strong></span> <span class='ocrx_word' id='word_1_203' title='bbox 326 2037 748 2080; x_wconf 87' lang='lat' dir='ltr'><strong>IURISDICTIONE</strong></span> <span class='ocrx_word' id='word_1_204' title='bbox 794 2040 1023 2081; x_wconf 88' lang='lat' dir='ltr'>OMNIUM</span> <span class='ocrx_word' id='word_1_205' title='bbox 1061 2040 1304 2081; x_wconf 86' lang='lat' dir='ltr'><strong>lUDICUM</strong></span> <span class='ocrx_word' id='word_1_206' title='bbox 1346 2040 1419 2080; x_wconf 87' lang='grc' dir='ltr'><strong>ΕΤ</strong></span> <span class='ocrx_word' id='word_1_207' title='bbox 1463 2040 1540 2079; x_wconf 89' lang='lat' dir='ltr'><strong>DE</strong></span> 
     </span>
     <span class='ocr_line' id='line_1_33' title="bbox 591 2093 1148 2137; baseline 0 -1"><span class='ocrx_word' id='word_1_208' title='bbox 591 2095 736 2136; x_wconf 90' lang='lat' dir='ltr'>FORO</span> <span class='ocrx_word' id='word_1_209' title='bbox 768 2093 1148 2137; x_wconf 84' lang='lat' dir='ltr'><strong>COMPETENTI.</strong></span> 
     </span>
    </p>
   </div>
   <div class='ocr_carea' id='block_1_8' title="bbox 208 2174 1546 4116">
    <p class='ocr_par' dir='ltr' id='par_1_9' title="bbox 208 2174 1546 2840">
     <span class='ocr_line' id='line_1_34' title="bbox 266 2174 1541 2233; baseline -0.002 -11"><span class='ocrx_word' id='word_1_210' title='bbox 266 2176 287 2223; x_wconf 88' lang='lat'>1</span> <span class='ocrx_word' id='word_1_211' title='bbox 340 2174 406 2219; x_wconf 90' lang='lat' dir='ltr'><strong>Im</strong></span> <span class='ocrx_word' id='word_1_212' title='bbox 431 2189 483 2233; x_wconf 86' lang='lat' dir='ltr'><strong>p.</strong></span> <span class='ocrx_word' id='word_1_213' title='bbox 527 2174 719 2220; x_wconf 85' lang='lat' dir='ltr'><strong>Severus</strong></span> <span class='ocrx_word' id='word_1_214' title='bbox 760 2180 805 2220; x_wconf 88' lang='lat' dir='ltr'><strong>et</strong></span> <span class='ocrx_word' id='word_1_215' title='bbox 839 2177 1095 2221; x_wconf 77' lang='lat' dir='ltr'><strong>Antoninus</strong></span> <span class='ocrx_word' id='word_1_216' title='bbox 1129 2178 1245 2222; x_wconf 83' lang='lat' dir='ltr'><strong>AA.⁸</strong></span> <span class='ocrx_word' id='word_1_217' title='bbox 1289 2175 1454 2221; x_wconf 84' lang='lat' dir='ltr'><strong>Severo</strong></span> <span class='ocrx_word' id='word_1_218' title='bbox 1498 2181 1541 2220; x_wconf 84' lang='lat' dir='ltr'><strong>et</strong></span> 
     </span>
     <span class='ocr_line' id='line_1_35' title="bbox 210 2190 1541 2288; baseline -0.001 -13"><span class='ocrx_word' id='word_1_219' title='bbox 210 2233 321 2276; x_wconf 84' lang='lat' dir='ltr'><strong>aliis.</strong></span> <span class='ocrx_word' id='word_1_220' title='bbox 379 2190 479 2275; x_wconf 49' lang='lat' dir='ltr'><strong>lgm</strong></span> <span class='ocrx_word' id='word_1_221' title='bbox 517 2231 693 2286; x_wconf 90' lang='lat' dir='ltr'><strong>quidem</strong></span> <span class='ocrx_word' id='word_1_222' title='bbox 729 2231 815 2275; x_wconf 85' lang='lat' dir='ltr'><strong>fuit</strong></span> <span class='ocrx_word' id='word_1_223' title='bbox 850 2232 982 2276; x_wconf 89' lang='lat' dir='ltr'><strong>iudex</strong></span> <span class='ocrx_word' id='word_1_224' title='bbox 1019 2237 1284 2288; x_wconf 89' lang='lat' dir='ltr'><strong>procurator</strong></span> <span class='ocrx_word' id='word_1_225' title='bbox 1314 2236 1467 2276; x_wconf 87' lang='lat' dir='ltr'><strong>noster</strong></span> <span class='ocrx_word' id='word_1_226' title='bbox 1494 2232 1541 2275; x_wconf 91' lang='lat' dir='ltr'><strong>in</strong></span> 
     </span>
     <span class='ocr_line' id='line_1_36' title="bbox 208 2287 1540 2344; baseline -0.001 -13"><span class='ocrx_word' id='word_1_227' title='bbox 208 2290 282 2332; x_wconf 88' lang='lat' dir='ltr'><strong>lite</strong></span> <span class='ocrx_word' id='word_1_228' title='bbox 311 2288 600 2343; x_wconf 89' lang='lat' dir='ltr'><strong>privatorum:</strong></span> <span class='ocrx_word' id='word_1_229' title='bbox 632 2287 710 2331; x_wconf 89' lang='lat' dir='ltr'><strong>sed</strong></span> <span class='ocrx_word' id='word_1_230' title='bbox 741 2301 840 2330; x_wconf 90' lang='lat' dir='ltr'><strong>cuin</strong></span> <span class='ocrx_word' id='word_1_231' title='bbox 867 2289 952 2344; x_wconf 90' lang='lat' dir='ltr'><strong>ipsi</strong></span> <span class='ocrx_word' id='word_1_232' title='bbox 980 2301 1080 2332; x_wconf 91' lang='lat' dir='ltr'><strong>eum</strong></span> <span class='ocrx_word' id='word_1_233' title='bbox 1107 2288 1298 2332; x_wconf 92' lang='lat' dir='ltr'><strong>iudicem</strong></span> <span class='ocrx_word' id='word_1_234' title='bbox 1323 2288 1540 2342; x_wconf 86' lang='lat' dir='ltr'><strong>elegeritis</strong></span> 
     </span>
     <span class='ocr_line' id='line_1_37' title="bbox 209 2343 1539 2395; baseline -0.002 -8"><span class='ocrx_word' id='word_1_235' title='bbox 209 2348 253 2387; x_wconf 88' lang='lat' dir='ltr'><strong>et</strong></span> <span class='ocrx_word' id='word_1_236' title='bbox 288 2344 324 2386; x_wconf 88' lang='lat' dir='ltr'><strong>is</strong></span> <span class='ocrx_word' id='word_1_237' title='bbox 363 2343 735 2386; x_wconf 89' lang='lat' dir='ltr'><strong>consentientibus</strong></span> <span class='ocrx_word' id='word_1_238' title='bbox 773 2344 1032 2387; x_wconf 87' lang='lat' dir='ltr'><strong>adversariis</strong></span> <span class='ocrx_word' id='word_1_239' title='bbox 1073 2345 1333 2387; x_wconf 88' lang='lat' dir='ltr'><strong>sententiam</strong></span> <span class='ocrx_word' id='word_1_240' title='bbox 1374 2343 1539 2395; x_wconf 92' lang='lat' dir='ltr'><strong>tulerit,</strong></span> 
     </span>
     <span class='ocr_line' id='line_1_38' title="bbox 209 2398 1540 2454; baseline -0.002 -11"><span class='ocrx_word' id='word_1_241' title='bbox 209 2399 454 2453; x_wconf 89' lang='lat' dir='ltr'><strong>intellegitis</strong></span> <span class='ocrx_word' id='word_1_242' title='bbox 489 2411 567 2442; x_wconf 86' lang='lat' dir='ltr'><strong>vos</strong></span> <span class='ocrx_word' id='word_1_243' title='bbox 604 2398 887 2454; x_wconf 89' lang='lat' dir='ltr'><strong>adquiescere</strong></span> <span class='ocrx_word' id='word_1_244' title='bbox 927 2400 1087 2443; x_wconf 89' lang='lat' dir='ltr'><strong>debere</strong></span> <span class='ocrx_word' id='word_1_245' title='bbox 1125 2400 1190 2443; x_wconf 89' lang='lat' dir='ltr'><strong>rei</strong></span> <span class='ocrx_word' id='word_1_246' title='bbox 1227 2412 1282 2442; x_wconf 87' lang='lat' dir='ltr'><strong>ex</strong></span> <span class='ocrx_word' id='word_1_247' title='bbox 1321 2411 1540 2442; x_wconf 89' lang='lat' dir='ltr'><strong>consensu</strong></span> 
     </span>
     <span class='ocr_line' id='line_1_39' title="bbox 212 2454 1540 2511; baseline -0.001 -13"><span class='ocrx_word' id='word_1_248' title='bbox 212 2460 350 2498; x_wconf 89' lang='lat' dir='ltr'><strong>vestro</strong></span> <span class='ocrx_word' id='word_1_249' title='bbox 386 2454 625 2508; x_wconf 90' lang='lat' dir='ltr'><strong>iudicatae,</strong></span> <span class='ocrx_word' id='word_1_250' title='bbox 677 2467 778 2497; x_wconf 88' lang='lat' dir='ltr'><strong>cum</strong></span> <span class='ocrx_word' id='word_1_251' title='bbox 822 2460 865 2499; x_wconf 90' lang='lat' dir='ltr'><strong>et</strong></span> <span class='ocrx_word' id='word_1_252' title='bbox 902 2459 1164 2511; x_wconf 89' lang='lat' dir='ltr'><strong>procurator</strong></span> <span class='ocrx_word' id='word_1_253' title='bbox 1200 2455 1423 2498; x_wconf 90' lang='lat' dir='ltr'><strong>iudicandi</strong></span> <span class='ocrx_word' id='word_1_254' title='bbox 1460 2467 1540 2509; x_wconf 90' lang='lat' dir='ltr'><strong>po-</strong></span> 
     </span>
     <span class='ocr_line' id='line_1_40' title="bbox 210 2510 1540 2566; baseline -0.002 -12"><span class='ocrx_word' id='word_1_255' title='bbox 210 2515 408 2554; x_wconf 89' lang='lat' dir='ltr'><strong>testatem</strong></span> <span class='ocrx_word' id='word_1_256' title='bbox 436 2510 551 2553; x_wconf 90' lang='lat' dir='ltr'><strong>inter</strong></span> <span class='ocrx_word' id='word_1_257' title='bbox 580 2513 724 2554; x_wconf 87' lang='lat' dir='ltr'><strong>certas</strong></span> <span class='ocrx_word' id='word_1_258' title='bbox 753 2510 915 2554; x_wconf 86' lang='lat' dir='ltr'><strong>habeat</strong></span> <span class='ocrx_word' id='word_1_259' title='bbox 942 2523 1171 2566; x_wconf 86' lang='lat' dir='ltr'><strong>personas,</strong></span> <span class='ocrx_word' id='word_1_260' title='bbox 1203 2516 1246 2555; x_wconf 89' lang='lat' dir='ltr'><strong>et</strong></span> <span class='ocrx_word' id='word_1_261' title='bbox 1274 2523 1351 2554; x_wconf 88' lang='lat' dir='ltr'><strong>vos</strong></span> <span class='ocrx_word' id='word_1_262' title='bbox 1387 2511 1540 2553; x_wconf 91' lang='lat' dir='ltr'><strong>incon-</strong></span> 
     </span>
     <span class='ocr_line' id='line_1_41' title="bbox 209 2565 1540 2621; baseline -0.001 -12"><span class='ocrx_word' id='word_1_263' title='bbox 209 2579 361 2621; x_wconf 87' lang='lat' dir='ltr'><strong>gruum</strong></span> <span class='ocrx_word' id='word_1_264' title='bbox 391 2578 490 2608; x_wconf 90' lang='lat' dir='ltr'><strong>eum</strong></span> <span class='ocrx_word' id='word_1_265' title='bbox 527 2578 622 2609; x_wconf 90' lang='lat' dir='ltr'><strong>esse</strong></span> <span class='ocrx_word' id='word_1_266' title='bbox 650 2565 774 2609; x_wconf 89' lang='lat' dir='ltr'><strong>vobis</strong></span> <span class='ocrx_word' id='word_1_267' title='bbox 809 2566 996 2610; x_wconf 90' lang='lat' dir='ltr'><strong>iudicem</strong></span> <span class='ocrx_word' id='word_1_268' title='bbox 1037 2567 1228 2610; x_wconf 89' lang='lat' dir='ltr'><strong>scientes</strong></span> <span class='ocrx_word' id='word_1_269' title='bbox 1275 2570 1423 2609; x_wconf 89' lang='lat' dir='ltr'><strong>tamen</strong></span> <span class='ocrx_word' id='word_1_270' title='bbox 1462 2578 1540 2608; x_wconf 92' lang='lat' dir='ltr'><strong>au-</strong></span> 
     </span>
     <span class='ocr_line' id='line_1_42' title="bbox 214 2621 1540 2676; baseline -0.001 -11"><span class='ocrx_word' id='word_1_271' title='bbox 214 2628 231 2665; x_wconf 87' lang='lat'>1</span> <span class='ocrx_word' id='word_1_272' title='bbox 292 2621 496 2664; x_wconf 90' lang='lat' dir='ltr'><strong>dientiam</strong></span> <span class='ocrx_word' id='word_1_273' title='bbox 526 2621 618 2664; x_wconf 90' lang='lat' dir='ltr'><strong>eius</strong></span> <span class='ocrx_word' id='word_1_274' title='bbox 647 2621 852 2676; x_wconf 88' lang='lat' dir='ltr'><strong>elegistis.</strong></span> <span class='ocrx_word' id='word_1_275' title='bbox 912 2621 1039 2676; x_wconf 80' lang='lat' dir='ltr'><strong>Quod</strong></span> <span class='ocrx_word' id='word_1_276' title='bbox 1068 2623 1177 2666; x_wconf 88' lang='lat' dir='ltr'><strong>etin</strong></span> <span class='ocrx_word' id='word_1_277' title='bbox 1202 2622 1299 2666; x_wconf 89' lang='lat' dir='ltr'><strong>aliis</strong></span> <span class='ocrx_word' id='word_1_278' title='bbox 1325 2621 1540 2665; x_wconf 88' lang='lat' dir='ltr'><strong>similibus</strong></span> 
     </span>
     <span class='ocr_line' id='line_1_43' title="bbox 209 2677 1541 2733; baseline -0.001 -13"><span class='ocrx_word' id='word_1_279' title='bbox 209 2677 379 2720; x_wconf 89' lang='lat' dir='ltr'><strong>iudiciis</strong></span> <span class='ocrx_word' id='word_1_280' title='bbox 415 2680 507 2719; x_wconf 88' lang='lat' dir='ltr'><strong>tam</strong></span> <span class='ocrx_word' id='word_1_281' title='bbox 542 2677 588 2719; x_wconf 91' lang='lat' dir='ltr'><strong>in</strong></span> <span class='ocrx_word' id='word_1_282' title='bbox 625 2677 842 2720; x_wconf 90' lang='lat' dir='ltr'><strong>actionem</strong></span> <span class='ocrx_word' id='word_1_283' title='bbox 876 2678 1164 2733; x_wconf 90' lang='lat' dir='ltr'><strong>proponentis</strong></span> <span class='ocrx_word' id='word_1_284' title='bbox 1205 2690 1336 2732; x_wconf 89' lang='lat' dir='ltr'><strong>quam</strong></span> <span class='ocrx_word' id='word_1_285' title='bbox 1372 2678 1418 2720; x_wconf 90' lang='lat' dir='ltr'><strong>in</strong></span> <span class='ocrx_word' id='word_1_286' title='bbox 1467 2689 1541 2720; x_wconf 88' lang='lat' dir='ltr'><strong>ex-</strong></span> 
     </span>
     <span class='ocr_line' id='line_1_44' title="bbox 210 2732 1546 2788; baseline -0.001 -12"><span class='ocrx_word' id='word_1_287' title='bbox 210 2733 452 2788; x_wconf 88' lang='lat' dir='ltr'><strong>ceptionem</strong></span> <span class='ocrx_word' id='word_1_288' title='bbox 480 2732 743 2787; x_wconf 90' lang='lat' dir='ltr'><strong>opponentis</strong></span> <span class='ocrx_word' id='word_1_289' title='bbox 773 2745 962 2787; x_wconf 89' lang='lat' dir='ltr'><strong>persona</strong></span> <span class='ocrx_word' id='word_1_290' title='bbox 989 2735 1136 2777; x_wconf 91' lang='lat' dir='ltr'><strong>locum</strong></span> <span class='ocrx_word' id='word_1_291' title='bbox 1165 2734 1357 2778; x_wconf 89' lang='lat' dir='ltr'><strong>habebit.</strong></span> <span class='ocrx_word' id='word_1_292' title='bbox 1412 2732 1466 2775; x_wconf 89' lang='lat' dir='ltr'><strong>D.</strong></span> <span class='ocrx_word' id='word_1_293' title='bbox 1500 2744 1546 2775; x_wconf 84' lang='lat'><strong>11</strong></span> 
     </span>
     <span class='ocr_line' id='line_1_45' title="bbox 209 2787 1539 2840; baseline -0.002 -9"><span class='ocrx_word' id='word_1_294' title='bbox 209 2789 265 2831; x_wconf 82' lang='lat' dir='ltr'><strong>id.</strong></span> <span class='ocrx_word' id='word_1_295' title='bbox 298 2787 394 2831; x_wconf 91' lang='lat' dir='ltr'><strong>Ian.</strong></span> <span class='ocrx_word' id='word_1_296' title='bbox 426 2787 624 2830; x_wconf 79' lang='lat' dir='ltr'><strong>Messala</strong></span> <span class='ocrx_word' id='word_1_297' title='bbox 653 2793 697 2831; x_wconf 89' lang='lat' dir='ltr'><strong>et</strong></span> <span class='ocrx_word' id='word_1_298' title='bbox 725 2787 894 2831; x_wconf 84' lang='lat' dir='ltr'><strong>Sabino</strong></span> <span class='ocrx_word' id='word_1_299' title='bbox 926 2802 1069 2832; x_wconf 82' lang='lat' dir='ltr'><strong>conss.</strong></span> <span class='ocrx_word' id='word_1_300' title='bbox 1353 2792 1409 2840; x_wconf 87' lang='lat' dir='ltr'><strong>[a.</strong></span> <span class='ocrx_word' id='word_1_301' title='bbox 1444 2792 1539 2839; x_wconf 77' lang='grc'>214]</span> 
     </span>
    </p>

    <p class='ocr_par' dir='ltr' id='par_1_10' title="bbox 210 2842 1542 3178">
     <span class='ocr_line' id='line_1_46' title="bbox 265 2842 1539 2901; baseline -0.002 -12"><span class='ocrx_word' id='word_1_302' title='bbox 265 2842 295 2889; x_wconf 75' lang='lat'>2</span> <span class='ocrx_word' id='word_1_303' title='bbox 327 2843 471 2901; x_wconf 88' lang='lat' dir='ltr'><strong>Impp.</strong></span> <span class='ocrx_word' id='word_1_304' title='bbox 502 2842 811 2886; x_wconf 79' lang='lat' dir='ltr'><strong>Diocletianus</strong></span> <span class='ocrx_word' id='word_1_305' title='bbox 843 2848 889 2887; x_wconf 83' lang='lat' dir='ltr'><strong>et</strong></span> <span class='ocrx_word' id='word_1_306' title='bbox 914 2843 1226 2887; x_wconf 75' lang='lat' dir='ltr'><strong>Maximianus</strong></span> <span class='ocrx_word' id='word_1_307' title='bbox 1253 2844 1345 2887; x_wconf 90' lang='lat' dir='ltr'><strong>AA.</strong></span> <span class='ocrx_word' id='word_1_308' title='bbox 1386 2847 1430 2887; x_wconf 87' lang='lat' dir='ltr'><strong>et</strong></span> <span class='ocrx_word' id='word_1_309' title='bbox 1462 2842 1539 2886; x_wconf 92' lang='lat' dir='ltr'><strong>CC.</strong></span> 
     </span>
     <span class='ocr_line' id='line_1_47' title="bbox 210 2898 1541 2954; baseline -0.002 -11"><span class='ocrx_word' id='word_1_310' title='bbox 210 2899 484 2943; x_wconf 77' lang='lat' dir='ltr'><strong>Alexandro.</strong></span> <span class='ocrx_word' id='word_1_311' title='bbox 542 2898 656 2941; x_wconf 88' lang='lat' dir='ltr'><strong>Iuris</strong></span> <span class='ocrx_word' id='word_1_312' title='bbox 686 2898 881 2942; x_wconf 90' lang='lat' dir='ltr'><strong>ordinem</strong></span> <span class='ocrx_word' id='word_1_313' title='bbox 912 2899 1106 2942; x_wconf 87' lang='lat' dir='ltr'><strong>converti</strong></span> <span class='ocrx_word' id='word_1_314' title='bbox 1130 2899 1344 2954; x_wconf 86' lang='lat' dir='ltr'><strong>postulas,</strong></span> <span class='ocrx_word' id='word_1_315' title='bbox 1374 2903 1425 2941; x_wconf 91' lang='lat' dir='ltr'><strong>ut</strong></span> <span class='ocrx_word' id='word_1_316' title='bbox 1453 2911 1541 2941; x_wconf 90' lang='lat' dir='ltr'><strong>non</strong></span> 
     </span>
     <span class='ocr_line' id='line_1_48' title="bbox 211 2953 1542 3009; baseline -0.001 -12"><span class='ocrx_word' id='word_1_317' title='bbox 211 2959 333 2998; x_wconf 85' lang='lat' dir='ltr'><strong>actor</strong></span> <span class='ocrx_word' id='word_1_318' title='bbox 360 2954 423 2996; x_wconf 88' lang='lat' dir='ltr'><strong>rei</strong></span> <span class='ocrx_word' id='word_1_319' title='bbox 450 2953 608 3007; x_wconf 86' lang='lat' dir='ltr'><strong>forum,</strong></span> <span class='ocrx_word' id='word_1_320' title='bbox 639 2954 716 2997; x_wconf 89' lang='lat' dir='ltr'><strong>sed</strong></span> <span class='ocrx_word' id='word_1_321' title='bbox 745 2966 845 2997; x_wconf 89' lang='lat' dir='ltr'><strong>reus</strong></span> <span class='ocrx_word' id='word_1_322' title='bbox 877 2955 1039 2998; x_wconf 89' lang='lat' dir='ltr'><strong>actoris</strong></span> <span class='ocrx_word' id='word_1_323' title='bbox 1071 2958 1302 3009; x_wconf 89' lang='lat' dir='ltr'><strong>sequatur:</strong></span> <span class='ocrx_word' id='word_1_324' title='bbox 1333 2966 1436 2996; x_wconf 90' lang='lat' dir='ltr'><strong>nam</strong></span> <span class='ocrx_word' id='word_1_325' title='bbox 1465 2954 1542 2996; x_wconf 90' lang='lat' dir='ltr'><strong>ubi</strong></span> 
     </span>
     <span class='ocr_line' id='line_1_49' title="bbox 212 3010 1539 3064; baseline -0.001 -11"><span class='ocrx_word' id='word_1_326' title='bbox 212 3010 475 3054; x_wconf 87' lang='lat' dir='ltr'><strong>domicilium</strong></span> <span class='ocrx_word' id='word_1_327' title='bbox 509 3010 643 3052; x_wconf 91' lang='lat' dir='ltr'><strong>habet</strong></span> <span class='ocrx_word' id='word_1_328' title='bbox 680 3022 781 3052; x_wconf 89' lang='lat' dir='ltr'><strong>reus</strong></span> <span class='ocrx_word' id='word_1_329' title='bbox 819 3010 887 3053; x_wconf 87' lang='lat' dir='ltr'><strong>vel</strong></span> <span class='ocrx_word' id='word_1_330' title='bbox 922 3014 1118 3064; x_wconf 87' lang='lat' dir='ltr'><strong>tempore</strong></span> <span class='ocrx_word' id='word_1_331' title='bbox 1157 3012 1412 3053; x_wconf 88' lang='lat' dir='ltr'><strong>contractus</strong></span> <span class='ocrx_word' id='word_1_332' title='bbox 1460 3010 1539 3052; x_wconf 90' lang='lat' dir='ltr'><strong>ha-</strong></span> 
     </span>
     <span class='ocr_line' id='line_1_50' title="bbox 213 3065 1542 3120; baseline -0.001 -12"><span class='ocrx_word' id='word_1_333' title='bbox 213 3066 324 3119; x_wconf 91' lang='lat' dir='ltr'><strong>buit,</strong></span> <span class='ocrx_word' id='word_1_334' title='bbox 364 3065 467 3108; x_wconf 90' lang='lat' dir='ltr'><strong>licet</strong></span> <span class='ocrx_word' id='word_1_335' title='bbox 503 3065 588 3108; x_wconf 90' lang='lat' dir='ltr'><strong>hoc</strong></span> <span class='ocrx_word' id='word_1_336' title='bbox 625 3069 782 3120; x_wconf 89' lang='lat' dir='ltr'><strong>postea</strong></span> <span class='ocrx_word' id='word_1_337' title='bbox 811 3065 1106 3118; x_wconf 86' lang='lat' dir='ltr'><strong>transtulerit,</strong></span> <span class='ocrx_word' id='word_1_338' title='bbox 1148 3065 1210 3108; x_wconf 93' lang='lat' dir='ltr'><strong>ibi</strong></span> <span class='ocrx_word' id='word_1_339' title='bbox 1239 3068 1412 3108; x_wconf 91' lang='lat' dir='ltr'><strong>tantum</strong></span> <span class='ocrx_word' id='word_1_340' title='bbox 1443 3077 1542 3108; x_wconf 91' lang='lat' dir='ltr'><strong>eum</strong></span> 
     </span>
     <span class='ocr_line' id='line_1_51' title="bbox 214 3119 1540 3178; baseline -0.001 -15"><span class='ocrx_word' id='word_1_341' title='bbox 214 3121 430 3164; x_wconf 86' lang='lat' dir='ltr'><strong>conveniri</strong></span> <span class='ocrx_word' id='word_1_342' title='bbox 447 3124 632 3175; x_wconf 88' lang='lat' dir='ltr'><strong>oportet.</strong></span> <span class='ocrx_word' id='word_1_343' title='bbox 677 3119 772 3163; x_wconf 89' lang='grc' dir='ltr'><strong>ΡΡ.</strong></span> <span class='ocrx_word' id='word_1_344' title='bbox 797 3133 845 3163; x_wconf 77' lang='lat' dir='ltr'><strong>VJ</strong></span> <span class='ocrx_word' id='word_1_345' title='bbox 857 3119 1064 3178; x_wconf 82' lang='lat' dir='ltr'><strong>lc.Sept.⁹</strong></span> <span class='ocrx_word' id='word_1_346' title='bbox 1079 3122 1169 3164; x_wconf 93' lang='lat' dir='ltr'><strong>AA.</strong></span> <span class='ocrx_word' id='word_1_347' title='bbox 1188 3134 1330 3164; x_wconf 81' lang='lat' dir='ltr'><strong>conss.</strong></span> <span class='ocrx_word' id='word_1_348' title='bbox 1369 3125 1424 3172; x_wconf 93' lang='lat' dir='ltr'><strong>[a.</strong></span> <span class='ocrx_word' id='word_1_349' title='bbox 1444 3123 1540 3172; x_wconf 82' lang='lat'>293]</span> 
     </span>
    </p>

    <p class='ocr_par' dir='ltr' id='par_1_11' title="bbox 214 3174 1542 3382">
     <span class='ocr_line' id='line_1_52' title="bbox 270 3174 1541 3222; baseline -0.002 0"><span class='ocrx_word' id='word_1_350' title='bbox 270 3174 298 3222; x_wconf 85' lang='lat'><strong>3</strong></span> <span class='ocrx_word' id='word_1_351' title='bbox 330 3175 452 3219; x_wconf 83' lang='lat' dir='ltr'><strong>Idem</strong></span> <span class='ocrx_word' id='word_1_352' title='bbox 476 3177 566 3219; x_wconf 86' lang='lat' dir='ltr'><strong>AA.</strong></span> <span class='ocrx_word' id='word_1_353' title='bbox 598 3180 642 3219; x_wconf 91' lang='lat' dir='ltr'><strong>et</strong></span> <span class='ocrx_word' id='word_1_354' title='bbox 673 3175 748 3220; x_wconf 92' lang='lat' dir='ltr'><strong>CC.</strong></span> <span class='ocrx_word' id='word_1_355' title='bbox 781 3174 936 3220; x_wconf 89' lang='lat' dir='ltr'><strong>Iudae.</strong></span> <span class='ocrx_word' id='word_1_356' title='bbox 995 3176 1270 3220; x_wconf 88' lang='lat' dir='ltr'><strong>Privatorum</strong></span> <span class='ocrx_word' id='word_1_357' title='bbox 1300 3188 1541 3219; x_wconf 86' lang='lat' dir='ltr'><strong>consensus</strong></span> 
     </span>
     <span class='ocr_line' id='line_1_53' title="bbox 214 3231 1542 3287; baseline 0.001 -14"><span class='ocrx_word' id='word_1_358' title='bbox 214 3231 396 3274; x_wconf 90' lang='lat' dir='ltr'><strong>iudicem</strong></span> <span class='ocrx_word' id='word_1_359' title='bbox 423 3243 510 3273; x_wconf 92' lang='lat' dir='ltr'><strong>non</strong></span> <span class='ocrx_word' id='word_1_360' title='bbox 538 3231 648 3274; x_wconf 85' lang='lat' dir='ltr'><strong>facit</strong></span> <span class='ocrx_word' id='word_1_361' title='bbox 676 3243 787 3284; x_wconf 92' lang='lat' dir='ltr'><strong>eum,</strong></span> <span class='ocrx_word' id='word_1_362' title='bbox 818 3232 892 3286; x_wconf 93' lang='lat' dir='ltr'><strong>qui</strong></span> <span class='ocrx_word' id='word_1_363' title='bbox 920 3231 1030 3275; x_wconf 94' lang='lat' dir='ltr'><strong>nulli</strong></span> <span class='ocrx_word' id='word_1_364' title='bbox 1049 3236 1227 3287; x_wconf 89' lang='lat' dir='ltr'><strong>praeest</strong></span> <span class='ocrx_word' id='word_1_365' title='bbox 1254 3231 1431 3284; x_wconf 90' lang='lat' dir='ltr'><strong>iudicio,</strong></span> <span class='ocrx_word' id='word_1_366' title='bbox 1462 3244 1542 3274; x_wconf 92' lang='grc'>1100</span> 
     </span>
     <span class='ocr_line' id='line_1_54' title="bbox 217 3285 1540 3382; baseline 0.002 -55"><span class='ocrx_word' id='word_1_367' title='bbox 217 3285 332 3382; x_wconf 51' lang='lat'><strong>{¹¹⁰⁶</strong></span> <span class='ocrx_word' id='word_1_368' title='bbox 367 3286 405 3328; x_wconf 91' lang='lat' dir='ltr'><strong>is</strong></span> <span class='ocrx_word' id='word_1_369' title='bbox 443 3286 595 3328; x_wconf 82' lang='lat' dir='ltr'><strong>statuit</strong></span> <span class='ocrx_word' id='word_1_370' title='bbox 631 3287 695 3330; x_wconf 92' lang='lat' dir='ltr'><strong>rei</strong></span> <span class='ocrx_word' id='word_1_371' title='bbox 732 3286 952 3331; x_wconf 89' lang='lat' dir='ltr'><strong>iudicatae</strong></span> <span class='ocrx_word' id='word_1_372' title='bbox 989 3287 1185 3332; x_wconf 89' lang='lat' dir='ltr'><strong>continet</strong></span> <span class='ocrx_word' id='word_1_373' title='bbox 1219 3288 1540 3331; x_wconf 89' lang='lat' dir='ltr'><strong>auctoritatem.</strong></span> 
     </span>
    </p>

    <p class='ocr_par' dir='ltr' id='par_1_12' title="bbox 255 3339 1540 3398">
     <span class='ocr_line' id='line_1_55' title="bbox 255 3339 1540 3398; baseline 0.003 -17"><span class='ocrx_word' id='word_1_374' title='bbox 255 3373 264 3382; x_wconf 94' lang='lat'><strong>.</strong></span> <span class='ocrx_word' id='word_1_375' title='bbox 303 3351 351 3382; x_wconf 81' lang='lat' dir='ltr'><strong>Vl</strong></span> <span class='ocrx_word' id='word_1_376' title='bbox 374 3339 416 3382; x_wconf 80' lang='lat' dir='ltr'><strong>lc.</strong></span> <span class='ocrx_word' id='word_1_377' title='bbox 448 3339 545 3383; x_wconf 88' lang='lat' dir='ltr'><strong>Ian.</strong></span> <span class='ocrx_word' id='word_1_378' title='bbox 574 3341 663 3384; x_wconf 92' lang='lat' dir='ltr'><strong>AA.</strong></span> <span class='ocrx_word' id='word_1_379' title='bbox 695 3355 838 3386; x_wconf 83' lang='lat' dir='ltr'><strong>conss.</strong></span> <span class='ocrx_word' id='word_1_380' title='bbox 1356 3347 1410 3395; x_wconf 95' lang='lat' dir='ltr'><strong>[a.</strong></span> <span class='ocrx_word' id='word_1_381' title='bbox 1443 3342 1540 3398; x_wconf 83' lang='lat'><strong>293]</strong></span> 
     </span>
    </p>

    <p class='ocr_par' dir='ltr' id='par_1_13' title="bbox 221 3392 1545 3783">
     <span class='ocr_line' id='line_1_56' title="bbox 274 3392 1540 3455; baseline 0.002 -17"><span class='ocrx_word' id='word_1_382' title='bbox 274 3392 305 3438; x_wconf 87' lang='grc'>4</span> <span class='ocrx_word' id='word_1_383' title='bbox 335 3392 445 3450; x_wconf 91' lang='lat' dir='ltr'><strong>Imp.</strong></span> <span class='ocrx_word' id='word_1_384' title='bbox 466 3394 777 3440; x_wconf 85' lang='lat' dir='ltr'><strong>Constantinus</strong></span> <span class='ocrx_word' id='word_1_385' title='bbox 797 3399 848 3441; x_wconf 88' lang='lat' dir='ltr'><strong>A.</strong></span> <span class='ocrx_word' id='word_1_386' title='bbox 880 3397 941 3440; x_wconf 82' lang='lat' dir='ltr'><strong>ad</strong></span> <span class='ocrx_word' id='word_1_387' title='bbox 968 3398 1201 3442; x_wconf 86' lang='lat' dir='ltr'><strong>universos</strong></span> <span class='ocrx_word' id='word_1_388' title='bbox 1220 3398 1540 3455; x_wconf 77' lang='lat' dir='ltr'><strong>provinciales.</strong></span> 
     </span>
     <span class='ocr_line' id='line_1_57' title="bbox 221 3448 1540 3512; baseline 0.005 -22"><span class='ocrx_word' id='word_1_389' title='bbox 221 3448 356 3512; x_wconf 78' lang='lat' dir='ltr'><strong>Nemo</strong></span> <span class='ocrx_word' id='word_1_390' title='bbox 394 3453 494 3503; x_wconf 91' lang='lat' dir='ltr'><strong>post</strong></span> <span class='ocrx_word' id='word_1_391' title='bbox 531 3450 648 3494; x_wconf 86' lang='lat' dir='ltr'><strong>litem</strong></span> <span class='ocrx_word' id='word_1_392' title='bbox 683 3456 974 3497; x_wconf 89' lang='lat' dir='ltr'><strong>contestatam</strong></span> <span class='ocrx_word' id='word_1_393' title='bbox 1013 3453 1262 3498; x_wconf 87' lang='lat' dir='ltr'><strong>ordinariae</strong></span> <span class='ocrx_word' id='word_1_394' title='bbox 1300 3454 1416 3498; x_wconf 88' lang='lat' dir='ltr'><strong>sedis</strong></span> <span class='ocrx_word' id='word_1_395' title='bbox 1466 3453 1540 3497; x_wconf 89' lang='lat' dir='ltr'><strong>de-</strong></span> 
     </span>
     <span class='ocr_line' id='line_1_58' title="bbox 223 3505 1543 3565; baseline 0.004 -19"><span class='ocrx_word' id='word_1_396' title='bbox 223 3505 352 3546; x_wconf 89' lang='lat' dir='ltr'><strong>clinet</strong></span> <span class='ocrx_word' id='word_1_397' title='bbox 392 3517 591 3557; x_wconf 85' lang='lat' dir='ltr'><strong>examen,</strong></span> <span class='ocrx_word' id='word_1_398' title='bbox 643 3520 724 3551; x_wconf 91' lang='lat' dir='ltr'><strong>nec</strong></span> <span class='ocrx_word' id='word_1_399' title='bbox 804 3510 896 3552; x_wconf 90' lang='lat' dir='ltr'><strong>rius</strong></span> <span class='ocrx_word' id='word_1_400' title='bbox 949 3509 1160 3564; x_wconf 85' lang='lat' dir='ltr'><strong>praefecti</strong></span> <span class='ocrx_word' id='word_1_401' title='bbox 1198 3510 1420 3565; x_wconf 89' lang='lat' dir='ltr'><strong>praetorio</strong></span> <span class='ocrx_word' id='word_1_402' title='bbox 1465 3513 1543 3552; x_wconf 88' lang='lat' dir='ltr'><strong>aut</strong></span> 
     </span>
     <span class='ocr_line' id='line_1_59' title="bbox 223 3559 1542 3618; baseline 0.006 -18"><span class='ocrx_word' id='word_1_403' title='bbox 223 3559 388 3602; x_wconf 91' lang='lat' dir='ltr'><strong>comitis</strong></span> <span class='ocrx_word' id='word_1_404' title='bbox 428 3559 612 3605; x_wconf 89' lang='lat' dir='ltr'><strong>Orientis</strong></span> <span class='ocrx_word' id='word_1_405' title='bbox 649 3564 715 3606; x_wconf 86' lang='lat' dir='ltr'><strong>vel</strong></span> <span class='ocrx_word' id='word_1_406' title='bbox 752 3565 934 3607; x_wconf 91' lang='lat' dir='ltr'><strong>aterius</strong></span> <span class='ocrx_word' id='word_1_407' title='bbox 974 3564 1226 3618; x_wconf 87' lang='lat' dir='ltr'><strong>spectabilis</strong></span> <span class='ocrx_word' id='word_1_408' title='bbox 1262 3565 1419 3608; x_wconf 90' lang='lat' dir='ltr'><strong>iudicis</strong></span> <span class='ocrx_word' id='word_1_409' title='bbox 1462 3565 1542 3608; x_wconf 93' lang='lat' dir='ltr'><strong>im-</strong></span> 
     </span>
     <span class='ocr_line' id='line_1_60' title="bbox 222 3615 1543 3675; baseline 0.005 -20"><span class='ocrx_word' id='word_1_410' title='bbox 222 3615 362 3667; x_wconf 87' lang='lat' dir='ltr'><strong>ploret</strong></span> <span class='ocrx_word' id='word_1_411' title='bbox 397 3616 622 3668; x_wconf 90' lang='lat' dir='ltr'><strong>auxilium‚</strong></span> <span class='ocrx_word' id='word_1_412' title='bbox 671 3619 747 3662; x_wconf 90' lang='lat' dir='ltr'><strong>sed</strong></span> <span class='ocrx_word' id='word_1_413' title='bbox 783 3620 1078 3675; x_wconf 88' lang='lat' dir='ltr'><strong>appellatione</strong></span> <span class='ocrx_word' id='word_1_414' title='bbox 1114 3621 1288 3674; x_wconf 87' lang='lat' dir='ltr'><strong>legibus</strong></span> <span class='ocrx_word' id='word_1_415' title='bbox 1327 3620 1448 3663; x_wconf 87' lang='lat' dir='ltr'><strong>facta</strong></span> <span class='ocrx_word' id='word_1_416' title='bbox 1486 3619 1543 3662; x_wconf 91' lang='lat' dir='ltr'><strong>ad</strong></span> 
     </span>
     <span class='ocr_line' id='line_1_61' title="bbox 222 3671 1545 3720; baseline 0.006 -10"><span class='ocrx_word' id='word_1_417' title='bbox 222 3681 390 3712; x_wconf 90' lang='lat' dir='ltr'><strong>sacrum</strong></span> <span class='ocrx_word' id='word_1_418' title='bbox 427 3671 687 3715; x_wconf 89' lang='lat' dir='ltr'><strong>auditorium</strong></span> <span class='ocrx_word' id='word_1_419' title='bbox 722 3676 880 3718; x_wconf 89' lang='lat' dir='ltr'><strong>veniat.</strong></span> <span class='ocrx_word' id='word_1_420' title='bbox 947 3674 1040 3718; x_wconf 87' lang='grc' dir='ltr'><strong>ΡΡ.</strong></span> <span class='ocrx_word' id='word_1_421' title='bbox 1080 3674 1122 3718; x_wconf 79' lang='lat' dir='ltr'><strong>lc.</strong></span> <span class='ocrx_word' id='word_1_422' title='bbox 1157 3676 1292 3720; x_wconf 80' lang='lat' dir='ltr'><strong>Oet.¹⁰</strong></span> <span class='ocrx_word' id='word_1_423' title='bbox 1320 3675 1470 3719; x_wconf 88' lang='lat' dir='ltr'><strong>Basso</strong></span> <span class='ocrx_word' id='word_1_424' title='bbox 1500 3680 1545 3719; x_wconf 84' lang='lat' dir='ltr'><strong>et</strong></span> 
     </span>
     <span class='ocr_line' id='line_1_62' title="bbox 221 3723 1541 3783; baseline 0.005 -17"><span class='ocrx_word' id='word_1_425' title='bbox 221 3723 402 3768; x_wconf 84' lang='lat' dir='ltr'><strong>Ablabio</strong></span> <span class='ocrx_word' id='word_1_426' title='bbox 432 3739 571 3769; x_wconf 85' lang='lat' dir='ltr'><strong>conss.</strong></span> <span class='ocrx_word' id='word_1_427' title='bbox 1357 3736 1411 3783; x_wconf 92' lang='lat' dir='ltr'><strong>[a.</strong></span> <span class='ocrx_word' id='word_1_428' title='bbox 1445 3734 1541 3783; x_wconf 87' lang='lat'><strong>331]</strong></span> 
     </span>
    </p>

    <p class='ocr_par' dir='ltr' id='par_1_14' title="bbox 221 3778 1544 4116">
     <span class='ocr_line' id='line_1_63' title="bbox 275 3778 1540 3844; baseline 0.004 -21"><span class='ocrx_word' id='word_1_429' title='bbox 275 3778 304 3823; x_wconf 84' lang='lat'>5</span> <span class='ocrx_word' id='word_1_430' title='bbox 332 3779 478 3843; x_wconf 37' lang='lat' dir='ltr'><strong>‚Impp.</strong></span> <span class='ocrx_word' id='word_1_431' title='bbox 509 3782 727 3826; x_wconf 83' lang='lat' dir='ltr'><strong>Arcadius</strong></span> <span class='ocrx_word' id='word_1_432' title='bbox 755 3789 799 3827; x_wconf 86' lang='lat' dir='ltr'><strong>et</strong></span> <span class='ocrx_word' id='word_1_433' title='bbox 827 3783 1060 3828; x_wconf 76' lang='lat' dir='ltr'><strong>‚Honorius</strong></span> <span class='ocrx_word' id='word_1_434' title='bbox 1088 3787 1178 3829; x_wconf 90' lang='lat' dir='ltr'><strong>AA.</strong></span> <span class='ocrx_word' id='word_1_435' title='bbox 1208 3786 1441 3831; x_wconf 82' lang='lat' dir='ltr'><strong>Vincentio</strong></span> <span class='ocrx_word' id='word_1_436' title='bbox 1457 3800 1540 3844; x_wconf 89' lang='lat' dir='ltr'><strong>pp.</strong></span> 
     </span>
     <span class='ocr_line' id='line_1_64' title="bbox 224 3831 1542 3894; baseline 0.007 -19"><span class='ocrx_word' id='word_1_437' title='bbox 224 3831 478 3878; x_wconf 76' lang='lat' dir='ltr'><strong>Galliarum.</strong></span> <span class='ocrx_word' id='word_1_438' title='bbox 536 3837 587 3879; x_wconf 90' lang='lat' dir='ltr'><strong>In</strong></span> <span class='ocrx_word' id='word_1_439' title='bbox 626 3839 837 3883; x_wconf 90' lang='lat' dir='ltr'><strong>criminali</strong></span> <span class='ocrx_word' id='word_1_440' title='bbox 875 3840 1048 3894; x_wconf 92' lang='lat' dir='ltr'><strong>negotio</strong></span> <span class='ocrx_word' id='word_1_441' title='bbox 1087 3842 1149 3883; x_wconf 86' lang='lat' dir='ltr'><strong>rei</strong></span> <span class='ocrx_word' id='word_1_442' title='bbox 1187 3842 1331 3886; x_wconf 86' lang='lat' dir='ltr'><strong>forum</strong></span> <span class='ocrx_word' id='word_1_443' title='bbox 1360 3854 1542 3886; x_wconf 87' lang='lat' dir='ltr'><strong>accusa-</strong></span> 
     </span>
     <span class='ocr_line' id='line_1_65' title="bbox 225 3892 1544 3953; baseline 0.008 -23"><span class='ocrx_word' id='word_1_444' title='bbox 225 3892 281 3953; x_wconf 43' lang='grc'><strong>1,</strong></span> <span class='ocrx_word' id='word_1_445' title='bbox 301 3892 371 3953; x_wconf 79' lang='lat' dir='ltr'><strong>tor</strong></span> <span class='ocrx_word' id='word_1_446' title='bbox 413 3896 632 3945; x_wconf 89' lang='lat' dir='ltr'><strong>sequatur.</strong></span> <span class='ocrx_word' id='word_1_447' title='bbox 704 3894 746 3936; x_wconf 90' lang='lat' dir='ltr'><strong>Is</strong></span> <span class='ocrx_word' id='word_1_448' title='bbox 786 3907 908 3946; x_wconf 89' lang='lat' dir='ltr'><strong>vero,</strong></span> <span class='ocrx_word' id='word_1_449' title='bbox 955 3896 1028 3948; x_wconf 92' lang='lat' dir='ltr'><strong>qui</strong></span> <span class='ocrx_word' id='word_1_450' title='bbox 1071 3909 1194 3939; x_wconf 90' lang='lat' dir='ltr'><strong>suam</strong></span> <span class='ocrx_word' id='word_1_451' title='bbox 1234 3911 1415 3942; x_wconf 88' lang='lat' dir='ltr'><strong>causam</strong></span> <span class='ocrx_word' id='word_1_452' title='bbox 1453 3898 1544 3941; x_wconf 88' lang='lat' dir='ltr'><strong>sive</strong></span> 
     </span>
     <span class='ocr_line' id='line_1_66' title="bbox 223 3945 1543 3997; baseline 0.009 -13"><span class='ocrx_word' id='word_1_453' title='bbox 223 3945 484 3987; x_wconf 79' lang='lat' dir='ltr'><strong>criminalem</strong></span> <span class='ocrx_word' id='word_1_454' title='bbox 513 3947 599 3990; x_wconf 92' lang='lat' dir='ltr'><strong>sive</strong></span> <span class='ocrx_word' id='word_1_455' title='bbox 629 3948 792 3991; x_wconf 90' lang='lat' dir='ltr'><strong>civilem</strong></span> <span class='ocrx_word' id='word_1_456' title='bbox 817 3950 910 3993; x_wconf 92' lang='lat' dir='ltr'><strong>sine</strong></span> <span class='ocrx_word' id='word_1_457' title='bbox 936 3950 1111 3994; x_wconf 88' lang='lat' dir='ltr'><strong>caelesti</strong></span> <span class='ocrx_word' id='word_1_458' title='bbox 1138 3954 1315 3997; x_wconf 89' lang='lat' dir='ltr'><strong>oraculo</strong></span> <span class='ocrx_word' id='word_1_459' title='bbox 1342 3954 1388 3996; x_wconf 93' lang='lat' dir='ltr'><strong>in</strong></span> <span class='ocrx_word' id='word_1_460' title='bbox 1408 3953 1543 3996; x_wconf 89' lang='lat' dir='ltr'><strong>vetito</strong></span> 
     </span>
     <span class='ocr_line' id='line_1_67' title="bbox 222 3999 1543 4064; baseline 0.011 -25"><span class='ocrx_word' id='word_1_461' title='bbox 222 3999 392 4041; x_wconf 87' lang='lat' dir='ltr'><strong>vocabit</strong></span> <span class='ocrx_word' id='word_1_462' title='bbox 428 4002 625 4045; x_wconf 88' lang='lat' dir='ltr'><strong>examine</strong></span> <span class='ocrx_word' id='word_1_463' title='bbox 662 4009 739 4045; x_wconf 90' lang='lat' dir='ltr'><strong>aut</strong></span> <span class='ocrx_word' id='word_1_464' title='bbox 776 4006 1098 4049; x_wconf 87' lang='lat' dir='ltr'><strong>exsecutionem</strong></span> <span class='ocrx_word' id='word_1_465' title='bbox 1138 4010 1390 4064; x_wconf 87' lang='lat' dir='ltr'><strong>poposcerit</strong></span> <span class='ocrx_word' id='word_1_466' title='bbox 1431 4008 1543 4051; x_wconf 84' lang='lat' dir='ltr'><strong>mili-</strong></span> 
     </span>
     <span class='ocr_line' id='line_1_68' title="bbox 221 4056 1543 4116; baseline 0.01 -23"><span class='ocrx_word' id='word_1_467' title='bbox 221 4056 376 4106; x_wconf 85' lang='lat' dir='ltr'><strong>tarem,</strong></span> <span class='ocrx_word' id='word_1_468' title='bbox 414 4059 536 4098; x_wconf 87' lang='lat' dir='ltr'><strong>actor</strong></span> <span class='ocrx_word' id='word_1_469' title='bbox 573 4057 743 4111; x_wconf 92' lang='lat' dir='ltr'><strong>quidem</strong></span> <span class='ocrx_word' id='word_1_470' title='bbox 779 4060 994 4115; x_wconf 89' lang='lat' dir='ltr'><strong>propositi</strong></span> <span class='ocrx_word' id='word_1_471' title='bbox 1031 4063 1193 4116; x_wconf 85' lang='lat' dir='ltr'><strong>negotii</strong></span> <span class='ocrx_word' id='word_1_472' title='bbox 1231 4064 1404 4108; x_wconf 88' lang='lat' dir='ltr'><strong>actione</strong></span> <span class='ocrx_word' id='word_1_473' title='bbox 1431 4064 1543 4106; x_wconf 91' lang='lat' dir='ltr'><strong>mul-</strong></span> 
     </span>
    </p>
   </div>
   <div class='ocr_carea' id='block_1_9' title="bbox 224 4190 1548 4587">
    <p class='ocr_par' dir='ltr' id='par_1_15' title="bbox 224 4190 1548 4587">
     <span class='ocr_line' id='line_1_69' title="bbox 224 4190 1546 4251; baseline 0.011 -22"><span class='ocrx_word' id='word_1_474' title='bbox 224 4190 273 4240; x_wconf 91' lang='grc'><strong>(1)</strong></span> <span class='ocrx_word' id='word_1_475' title='bbox 303 4190 367 4231; x_wconf 86' lang='lat' dir='ltr'><strong>dei</strong></span> <span class='ocrx_word' id='word_1_476' title='bbox 398 4192 610 4235; x_wconf 70' lang='lat' dir='ltr'><strong>Blommsen</strong></span> <span class='ocrx_word' id='word_1_477' title='bbox 778 4199 830 4249; x_wconf 79' lang='lat'><strong>(2)</strong></span> <span class='ocrx_word' id='word_1_478' title='bbox 858 4200 916 4240; x_wconf 81' lang='lat' dir='ltr'><strong>sic</strong></span> <span class='ocrx_word' id='word_1_479' title='bbox 946 4200 1042 4251; x_wconf 88' lang='lat' dir='ltr'><strong>PR,</strong></span> <span class='ocrx_word' id='word_1_480' title='bbox 1080 4201 1139 4240; x_wconf 76' lang='lat' dir='ltr'><strong>ita</strong></span> <span class='ocrx_word' id='word_1_481' title='bbox 1169 4202 1241 4243; x_wconf 80' lang='lat' dir='ltr'><strong>ins.</strong></span> <span class='ocrx_word' id='word_1_482' title='bbox 1271 4204 1309 4245; x_wconf 88' lang='lat' dir='ltr'><strong><em>A</em></strong></span> <span class='ocrx_word' id='word_1_483' title='bbox 1339 4203 1473 4247; x_wconf 69' lang='lat' dir='ltr'><strong>Ambr.</strong></span> <span class='ocrx_word' id='word_1_484' title='bbox 1511 4204 1546 4244; x_wconf 80' lang='lat' dir='ltr'><strong>C</strong></span> 
     </span>
     <span class='ocr_line' id='line_1_70' title="bbox 226 4247 1542 4310; baseline 0.011 -26"><span class='ocrx_word' id='word_1_485' title='bbox 226 4250 275 4290; x_wconf 79' lang='grc'><strong>(3)</strong></span> <span class='ocrx_word' id='word_1_486' title='bbox 292 4247 549 4310; x_wconf 72' lang='grc' dir='ltr'><strong>εἱσᾼᾼηιὸν.</strong></span> <span class='ocrx_word' id='word_1_487' title='bbox 568 4252 641 4303; x_wconf 59' lang='grc' dir='ltr'><strong>ΕΒ,</strong></span> <span class='ocrx_word' id='word_1_488' title='bbox 669 4252 791 4292; x_wconf 87' lang='grc'>81111111</span> <span class='ocrx_word' id='word_1_489' title='bbox 816 4256 889 4294; x_wconf 86' lang='lat' dir='ltr'><strong>ins.</strong></span> <span class='ocrx_word' id='word_1_490' title='bbox 907 4253 1038 4295; x_wconf 66' lang='lat' dir='ltr'><strong>Pom</strong></span> <span class='ocrx_word' id='word_1_491' title='bbox 1124 4258 1176 4308; x_wconf 83' lang='lat'><strong>(4)</strong></span> <span class='ocrx_word' id='word_1_492' title='bbox 1201 4259 1335 4298; x_wconf 86' lang='lat' dir='ltr'><strong>natale</strong></span> <span class='ocrx_word' id='word_1_493' title='bbox 1351 4260 1542 4299; x_wconf 83' lang='lat' dir='ltr'><strong>AAmbr.</strong></span> 
     </span>
     <span class='ocr_line' id='line_1_71' title="bbox 228 4300 1542 4360; baseline 0.013 -23"><span class='ocrx_word' id='word_1_494' title='bbox 228 4300 280 4349; x_wconf 84' lang='lat'><strong>(5)</strong></span> <span class='ocrx_word' id='word_1_495' title='bbox 310 4313 521 4342; x_wconf 86' lang='lat' dir='ltr'><strong>amissione</strong></span> <span class='ocrx_word' id='word_1_496' title='bbox 550 4305 656 4344; x_wconf 65' lang='lat' dir='ltr'><strong>AiP</strong></span> <span class='ocrx_word' id='word_1_497' title='bbox 789 4310 843 4358; x_wconf 83' lang='lat'><strong>(6)</strong></span> <span class='ocrx_word' id='word_1_498' title='bbox 872 4321 902 4347; x_wconf 76' lang='lat' dir='ltr'><strong>v</strong></span> <span class='ocrx_word' id='word_1_499' title='bbox 930 4310 983 4359; x_wconf 89' lang='lat' dir='ltr'><strong>A,</strong></span> <span class='ocrx_word' id='word_1_500' title='bbox 1011 4322 1059 4348; x_wconf 79' lang='lat' dir='ltr'><strong>vi</strong></span> <span class='ocrx_word' id='word_1_501' title='bbox 1090 4310 1137 4360; x_wconf 93' lang='lat' dir='ltr'><strong>P,</strong></span> <span class='ocrx_word' id='word_1_502' title='bbox 1168 4326 1244 4351; x_wconf 88' lang='lat' dir='ltr'><strong>om.</strong></span> <span class='ocrx_word' id='word_1_503' title='bbox 1274 4314 1411 4355; x_wconf 85' lang='lat' dir='ltr'><strong>Ambr.</strong></span> <span class='ocrx_word' id='word_1_504' title='bbox 1443 4314 1542 4354; x_wconf 83' lang='lat' dir='ltr'><strong>Hal.</strong></span> 
     </span>
     <span class='ocr_line' id='line_1_72' title="bbox 228 4355 1545 4420; baseline 0.014 -27"><span class='ocrx_word' id='word_1_505' title='bbox 228 4355 278 4413; x_wconf 73' lang='grc' dir='ltr'><strong>(Ἴ)</strong></span> <span class='ocrx_word' id='word_1_506' title='bbox 311 4356 351 4394; x_wconf 86' lang='grc' dir='ltr'><em>Β</em></span> <span class='ocrx_word' id='word_1_507' title='bbox 380 4359 418 4407; x_wconf 83' lang='lat'><strong>7,</strong></span> <span class='ocrx_word' id='word_1_508' title='bbox 447 4366 553 4420; x_wconf 45' lang='grc'>3,.38</span> <span class='ocrx_word' id='word_1_509' title='bbox 582 4375 690 4412; x_wconf 83' lang='lat' dir='ltr'><strong>seqq.</strong></span> <span class='ocrx_word' id='word_1_510' title='bbox 722 4383 774 4390; x_wconf 92' lang='lat'><strong>-—</strong></span> <span class='ocrx_word' id='word_1_511' title='bbox 808 4362 870 4410; x_wconf 76' lang='lat' dir='ltr'><strong>Cf.</strong></span> <span class='ocrx_word' id='word_1_512' title='bbox 894 4363 994 4416; x_wconf 74' lang='lat' dir='ltr'><strong>Diq.</strong></span> <span class='ocrx_word' id='word_1_513' title='bbox 1022 4366 1060 4414; x_wconf 88' lang='lat'><strong>2,</strong></span> <span class='ocrx_word' id='word_1_514' title='bbox 1086 4373 1102 4405; x_wconf 88' lang='lat'>1</span> <span class='ocrx_word' id='word_1_515' title='bbox 1214 4369 1269 4418; x_wconf 89' lang='lat'><strong>(8)</strong></span> <span class='ocrx_word' id='word_1_516' title='bbox 1300 4370 1434 4409; x_wconf 79' lang='lat' dir='ltr'><strong>debuit</strong></span> <span class='ocrx_word' id='word_1_517' title='bbox 1463 4384 1545 4410; x_wconf 84' lang='lat' dir='ltr'><strong>esse</strong></span> 
     </span>
     <span class='ocr_line' id='line_1_73' title="bbox 230 4412 1545 4468; baseline 0.017 -25"><span class='ocrx_word' id='word_1_518' title='bbox 230 4419 322 4457; x_wconf 91' lang='lat' dir='ltr'><strong>imp.</strong></span> <span class='ocrx_word' id='word_1_519' title='bbox 353 4412 582 4452; x_wconf 81' lang='lat' dir='ltr'><strong>Antoninus</strong></span> <span class='ocrx_word' id='word_1_520' title='bbox 612 4417 658 4453; x_wconf 94' lang='lat' dir='ltr'><strong>A.</strong></span> <span class='ocrx_word' id='word_1_521' title='bbox 769 4418 823 4461; x_wconf 84' lang='grc'><strong>(9)</strong></span> <span class='ocrx_word' id='word_1_522' title='bbox 853 4419 909 4457; x_wconf 81' lang='lat' dir='ltr'><strong>sic</strong></span> <span class='ocrx_word' id='word_1_523' title='bbox 940 4418 1023 4468; x_wconf 85' lang='lat' dir='ltr'><strong>FP,</strong></span> <span class='ocrx_word' id='word_1_524' title='bbox 1053 4418 1091 4457; x_wconf 88' lang='lat' dir='ltr'><strong>d.</strong></span> <span class='ocrx_word' id='word_1_525' title='bbox 1121 4432 1169 4458; x_wconf 81' lang='lat' dir='ltr'><strong>vi</strong></span> <span class='ocrx_word' id='word_1_526' title='bbox 1195 4421 1250 4461; x_wconf 91' lang='lat' dir='ltr'><strong>id.</strong></span> <span class='ocrx_word' id='word_1_527' title='bbox 1281 4424 1411 4463; x_wconf 88' lang='lat' dir='ltr'><strong>octob.</strong></span> <span class='ocrx_word' id='word_1_528' title='bbox 1442 4424 1545 4466; x_wconf 88' lang='lat' dir='ltr'><strong>Hal.</strong></span> 
     </span>
     <span class='ocr_line' id='line_1_74' title="bbox 232 4460 1548 4529; baseline 0.012 -24"><span class='ocrx_word' id='word_1_529' title='bbox 232 4460 303 4509; x_wconf 85' lang='lat'><strong>(¹0)</strong></span> <span class='ocrx_word' id='word_1_530' title='bbox 324 4467 500 4529; x_wconf 60' lang='lat' dir='ltr'><strong>s⁰slflSS⁶</strong></span> <span class='ocrx_word' id='word_1_531' title='bbox 528 4468 636 4519; x_wconf 83' lang='lat' dir='ltr'><strong>Sept.</strong></span> <span class='ocrx_word' id='word_1_532' title='bbox 677 4471 941 4522; x_wconf 78' lang='lat' dir='ltr'><strong>scribendum,</strong></span> <span class='ocrx_word' id='word_1_533' title='bbox 982 4481 1023 4512; x_wconf 85' lang='lat' dir='ltr'><strong>ut</strong></span> <span class='ocrx_word' id='word_1_534' title='bbox 1060 4475 1277 4527; x_wconf 77' lang='lat' dir='ltr'><strong>iunyantar</strong></span> <span class='ocrx_word' id='word_1_535' title='bbox 1309 4482 1344 4526; x_wconf 86' lang='lat'><strong>1,</strong></span> <span class='ocrx_word' id='word_1_536' title='bbox 1376 4488 1429 4528; x_wconf 85' lang='lat'><strong>21,</strong></span> <span class='ocrx_word' id='word_1_537' title='bbox 1460 4487 1480 4520; x_wconf 82' lang='lat'><strong>3</strong></span> <span class='ocrx_word' id='word_1_538' title='bbox 1511 4488 1548 4520; x_wconf 80' lang='lat' dir='ltr'><strong>et</strong></span> 
     </span>
     <span class='ocr_line' id='line_1_75' title="bbox 235 4521 1545 4587; baseline 0.017 -34"><span class='ocrx_word' id='word_1_539' title='bbox 235 4527 332 4563; x_wconf 81' lang='lat' dir='ltr'><strong>quae</strong></span> <span class='ocrx_word' id='word_1_540' title='bbox 370 4521 422 4559; x_wconf 65' lang='lat' dir='ltr'><strong>abt</strong></span> <span class='ocrx_word' id='word_1_541' title='bbox 459 4521 671 4563; x_wconf 78' lang='lat' dir='ltr'><strong>laudantur</strong></span> <span class='ocrx_word' id='word_1_542' title='bbox 790 4527 859 4576; x_wconf 92' lang='grc'>(11)</span> <span class='ocrx_word' id='word_1_543' title='bbox 889 4539 911 4565; x_wconf 84' lang='lat' dir='ltr'><strong>e</strong></span> <span class='ocrx_word' id='word_1_544' title='bbox 949 4539 992 4566; x_wconf 84' lang='lat' dir='ltr'><strong>re</strong></span> <span class='ocrx_word' id='word_1_545' title='bbox 1021 4528 1062 4567; x_wconf 81' lang='lat' dir='ltr'><em>F</em></span> <span class='ocrx_word' id='word_1_546' title='bbox 1085 4543 1166 4569; x_wconf 83' lang='lat' dir='ltr'><strong>cum</strong></span> <span class='ocrx_word' id='word_1_547' title='bbox 1198 4530 1252 4580; x_wconf 88' lang='lat' dir='ltr'><strong>B,</strong></span> <span class='ocrx_word' id='word_1_548' title='bbox 1290 4545 1402 4573; x_wconf 80' lang='lat' dir='ltr'><strong>more</strong></span> <span class='ocrx_word' id='word_1_549' title='bbox 1439 4532 1545 4587; x_wconf 74' lang='lat' dir='ltr'><em>G⁰R‚</em></span> 
     </span>
    </p>
   </div>
   <div class='ocr_carea' id='block_1_10' title="bbox 1526 84 1619 142">
    <p class='ocr_par' dir='ltr' id='par_1_16' title="bbox 1526 84 1619 142">
     <span class='ocr_line' id='line_1_76' title="bbox 1526 84 1619 142; baseline 0 0"><span class='ocrx_word' id='word_1_550' title='bbox 1526 84 1619 142; x_wconf 80' lang='lat'><strong>128</strong></span> 
     </span>
    </p>
   </div>
   <div class='ocr_carea' id='block_1_11' title="bbox 2423 100 2947 140">
    <p class='ocr_par' dir='ltr' id='par_1_17' title="bbox 2423 100 2947 140">
     <span class='ocr_line' id='line_1_77' title="bbox 2423 100 2947 140; baseline 0.002 -3"><span class='ocrx_word' id='word_1_551' title='bbox 2423 101 2499 138; x_wconf 77' lang='lat' dir='ltr'><strong>DE·</strong></span> <span class='ocrx_word' id='word_1_552' title='bbox 2534 100 2947 140; x_wconf 67' lang='lat' dir='ltr'><strong>mmsmc‘noun</strong></span> 
     </span>
    </p>
   </div>
   <div class='ocr_carea' id='block_1_12' title="bbox 1618 235 2965 2175">
    <p class='ocr_par' dir='ltr' id='par_1_18' title="bbox 1618 235 2954 512">
     <span class='ocr_line' id='line_1_78' title="bbox 1619 235 2952 292; baseline 0.002 -14"><span class='ocrx_word' id='word_1_553' title='bbox 1619 240 1780 288; x_wconf 72' lang='lat' dir='ltr'><strong>tetur„</strong></span> <span class='ocrx_word' id='word_1_554' title='bbox 1800 246 1900 277; x_wconf 89' lang='lat' dir='ltr'><strong>reus</strong></span> <span class='ocrx_word' id='word_1_555' title='bbox 1939 246 2040 279; x_wconf 89' lang='lat' dir='ltr'><strong>vero</strong></span> <span class='ocrx_word' id='word_1_556' title='bbox 2080 249 2160 292; x_wconf 88' lang='lat' dir='ltr'><strong>pro</strong></span> <span class='ocrx_word' id='word_1_557' title='bbox 2201 238 2485 281; x_wconf 89' lang='lat' dir='ltr'><strong>condemnato</strong></span> <span class='ocrx_word' id='word_1_558' title='bbox 2526 235 2763 279; x_wconf 87' lang='lat' dir='ltr'><strong>habeatur:</strong></span> <span class='ocrx_word' id='word_1_559' title='bbox 2804 241 2848 280; x_wconf 92' lang='lat' dir='ltr'><strong>et</strong></span> <span class='ocrx_word' id='word_1_560' title='bbox 2874 237 2952 281; x_wconf 87' lang='lat' dir='ltr'><strong>tri-</strong></span> 
     </span>
     <span class='ocr_line' id='line_1_79' title="bbox 1618 290 2952 349; baseline 0.004 -18"><span class='ocrx_word' id='word_1_561' title='bbox 1618 290 1729 332; x_wconf 90' lang='lat' dir='ltr'><strong>buni</strong></span> <span class='ocrx_word' id='word_1_562' title='bbox 1780 290 1870 332; x_wconf 88' lang='lat' dir='ltr'><strong>sive</strong></span> <span class='ocrx_word' id='word_1_563' title='bbox 1923 290 2076 335; x_wconf 88' lang='lat' dir='ltr'><strong>vicarii</strong></span> <span class='ocrx_word' id='word_1_564' title='bbox 2129 295 2359 349; x_wconf 88' lang='lat' dir='ltr'><strong>capitalem</strong></span> <span class='ocrx_word' id='word_1_565' title='bbox 2410 292 2494 335; x_wconf 90' lang='lat' dir='ltr'><strong>sibi</strong></span> <span class='ocrx_word' id='word_1_566' title='bbox 2537 292 2952 336; x_wconf 81' lang='lat' dir='ltr'><strong>animadversionem</strong></span> 
     </span>
     <span class='ocr_line' id='line_1_80' title="bbox 1618 344 2954 402; baseline 0.002 -14"><span class='ocrx_word' id='word_1_567' title='bbox 1618 344 1891 388; x_wconf 88' lang='lat' dir='ltr'><strong>subeundam</strong></span> <span class='ocrx_word' id='word_1_568' title='bbox 1921 357 2018 389; x_wconf 89' lang='lat' dir='ltr'><strong>esse</strong></span> <span class='ocrx_word' id='word_1_569' title='bbox 2047 360 2098 391; x_wconf 92' lang='lat' dir='ltr'><strong>co</strong></span> <span class='ocrx_word' id='word_1_570' title='bbox 2131 354 2326 402; x_wconf 88' lang='lat' dir='ltr'><strong>noscant,</strong></span> <span class='ocrx_word' id='word_1_571' title='bbox 2357 348 2395 391; x_wconf 90' lang='lat' dir='ltr'><strong>si</strong></span> <span class='ocrx_word' id='word_1_572' title='bbox 2422 347 2491 390; x_wconf 84' lang='lat' dir='ltr'><strong>vel</strong></span> <span class='ocrx_word' id='word_1_573' title='bbox 2521 359 2644 390; x_wconf 90' lang='lat' dir='ltr'><strong>suam</strong></span> <span class='ocrx_word' id='word_1_574' title='bbox 2672 348 2741 391; x_wconf 84' lang='lat' dir='ltr'><strong>vel</strong></span> <span class='ocrx_word' id='word_1_575' title='bbox 2768 348 2954 391; x_wconf 88' lang='lat' dir='ltr'><strong>militum</strong></span> 
     </span>
     <span class='ocr_line' id='line_1_81' title="bbox 1619 399 2951 463; baseline 0.003 -20"><span class='ocrx_word' id='word_1_576' title='bbox 1619 399 1946 463; x_wconf 75' lang='lat' dir='ltr'><strong>exsecutionem</strong></span> <span class='ocrx_word' id='word_1_577' title='bbox 1973 401 2088 446; x_wconf 88' lang='lat' dir='ltr'><strong>inter</strong></span> <span class='ocrx_word' id='word_1_578' title='bbox 2120 404 2250 448; x_wconf 88' lang='lat' dir='ltr'><strong>&#39;ctam</strong></span> <span class='ocrx_word' id='word_1_579' title='bbox 2278 402 2576 459; x_wconf 88' lang='lat' dir='ltr'><strong>praebuerint.</strong></span> <span class='ocrx_word' id='word_1_580' title='bbox 2634 401 2692 446; x_wconf 87' lang='lat' dir='ltr'><strong>D.</strong></span> <span class='ocrx_word' id='word_1_581' title='bbox 2710 402 2835 447; x_wconf 71' lang='lat' dir='ltr'><strong>ka.</strong></span> <span class='ocrx_word' id='word_1_582' title='bbox 2852 403 2951 447; x_wconf 90' lang='lat' dir='ltr'><strong>Ian.</strong></span> 
     </span>
     <span class='ocr_line' id='line_1_82' title="bbox 1619 454 2952 512; baseline 0.003 -15"><span class='ocrx_word' id='word_1_583' title='bbox 1619 454 1866 498; x_wconf 83' lang='lat' dir='ltr'><strong>Mediolani</strong></span> <span class='ocrx_word' id='word_1_584' title='bbox 1900 454 2110 502; x_wconf 79' lang='lat' dir='ltr'><strong>Caesario</strong></span> <span class='ocrx_word' id='word_1_585' title='bbox 2140 466 2186 503; x_wconf 83' lang='lat' dir='ltr'><strong>et</strong></span> <span class='ocrx_word' id='word_1_586' title='bbox 2212 460 2361 503; x_wconf 83' lang='lat' dir='ltr'><strong>Attico</strong></span> <span class='ocrx_word' id='word_1_587' title='bbox 2397 470 2540 501; x_wconf 66' lang='lat' dir='ltr'><strong>conss</strong></span> <span class='ocrx_word' id='word_1_588' title='bbox 2766 462 2823 510; x_wconf 88' lang='lat' dir='ltr'><strong>[a.</strong></span> <span class='ocrx_word' id='word_1_589' title='bbox 2856 462 2952 512; x_wconf 83' lang='lat'>397]</span> 
     </span>
    </p>

    <p class='ocr_par' dir='ltr' id='par_1_19' title="bbox 1619 507 2959 955">
     <span class='ocr_line' id='line_1_83' title="bbox 1677 507 2954 575; baseline 0.001 -19"><span class='ocrx_word' id='word_1_590' title='bbox 1677 507 1707 556; x_wconf 89' lang='grc'>6</span> <span class='ocrx_word' id='word_1_591' title='bbox 1728 509 1885 575; x_wconf 40' lang='lat' dir='ltr'><strong>&#39;Impp.</strong></span> <span class='ocrx_word' id='word_1_592' title='bbox 1903 510 2138 558; x_wconf 87' lang='lat' dir='ltr'><strong>Honorius</strong></span> <span class='ocrx_word' id='word_1_593' title='bbox 2161 520 2206 558; x_wconf 87' lang='lat' dir='ltr'><strong>et</strong></span> <span class='ocrx_word' id='word_1_594' title='bbox 2221 513 2497 558; x_wconf 78' lang='lat' dir='ltr'><strong>Theodosius</strong></span> <span class='ocrx_word' id='word_1_595' title='bbox 2512 512 2604 556; x_wconf 91' lang='lat' dir='ltr'><strong>AA.</strong></span> <span class='ocrx_word' id='word_1_596' title='bbox 2622 512 2856 557; x_wconf 77' lang='lat' dir='ltr'><strong>Anthemio</strong></span> <span class='ocrx_word' id='word_1_597' title='bbox 2870 527 2954 572; x_wconf 83' lang='lat' dir='ltr'><strong>pp.</strong></span> 
     </span>
     <span class='ocr_line' id='line_1_84' title="bbox 1619 566 2956 623; baseline 0.002 -14"><span class='ocrx_word' id='word_1_598' title='bbox 1619 566 1902 620; x_wconf 88' lang='lat' dir='ltr'><strong>Magisteriae</strong></span> <span class='ocrx_word' id='word_1_599' title='bbox 1932 570 2140 622; x_wconf 87' lang='lat' dir='ltr'><strong>potestati</strong></span> <span class='ocrx_word' id='word_1_600' title='bbox 2166 569 2283 613; x_wconf 88' lang='lat' dir='ltr'><strong>inter</strong></span> <span class='ocrx_word' id='word_1_601' title='bbox 2310 569 2520 612; x_wconf 90' lang='lat' dir='ltr'><strong>militares</strong></span> <span class='ocrx_word' id='word_1_602' title='bbox 2546 567 2664 611; x_wconf 85' lang='lat' dir='ltr'><strong>viros</strong></span> <span class='ocrx_word' id='word_1_603' title='bbox 2687 569 2756 612; x_wconf 88' lang='lat' dir='ltr'><strong>vel</strong></span> <span class='ocrx_word' id='word_1_604' title='bbox 2785 568 2956 623; x_wconf 85' lang='lat' dir='ltr'><strong>privato</strong></span> 
     </span>
     <span class='ocr_line' id='line_1_85' title="bbox 1620 621 2957 678; baseline 0.003 -15"><span class='ocrx_word' id='word_1_605' title='bbox 1620 625 1769 664; x_wconf 88' lang='lat' dir='ltr'><strong>actore</strong></span> <span class='ocrx_word' id='word_1_606' title='bbox 1797 621 1844 663; x_wconf 91' lang='grc'><strong>111</strong></span> <span class='ocrx_word' id='word_1_607' title='bbox 1873 633 1997 665; x_wconf 88' lang='grc'>1011111</span> <span class='ocrx_word' id='word_1_608' title='bbox 2025 623 2256 669; x_wconf 88' lang='lat' dir='ltr'><strong>militarem</strong></span> <span class='ocrx_word' id='word_1_609' title='bbox 2287 625 2420 668; x_wconf 91' lang='lat' dir='ltr'><strong>etiam</strong></span> <span class='ocrx_word' id='word_1_610' title='bbox 2442 623 2631 667; x_wconf 89' lang='lat' dir='ltr'><strong>civilium</strong></span> <span class='ocrx_word' id='word_1_611' title='bbox 2654 624 2957 678; x_wconf 84' lang='lat' dir='ltr'><strong>quaestionum</strong></span> 
     </span>
     <span class='ocr_line' id='line_1_86' title="bbox 1620 676 2958 735; baseline 0.002 -15"><span class='ocrx_word' id='word_1_612' title='bbox 1620 676 1827 720; x_wconf 89' lang='lat' dir='ltr'><strong>audiendi</strong></span> <span class='ocrx_word' id='word_1_613' title='bbox 1865 677 2144 732; x_wconf 89' lang='lat' dir='ltr'><strong>concedimus</strong></span> <span class='ocrx_word' id='word_1_614' title='bbox 2173 680 2454 732; x_wconf 90' lang='lat' dir='ltr'><strong>facultatem,</strong></span> <span class='ocrx_word' id='word_1_615' title='bbox 2494 679 2752 735; x_wconf 88' lang='lat' dir='ltr'><strong>praesertim</strong></span> <span class='ocrx_word' id='word_1_616' title='bbox 2786 692 2886 722; x_wconf 90' lang='lat' dir='ltr'><strong>cum</strong></span> <span class='ocrx_word' id='word_1_617' title='bbox 2913 680 2958 724; x_wconf 90' lang='lat' dir='ltr'><strong>id</strong></span> 
     </span>
     <span class='ocr_line' id='line_1_87' title="bbox 1619 734 2958 790; baseline 0.002 -15"><span class='ocrx_word' id='word_1_618' title='bbox 1619 734 1765 789; x_wconf 91' lang='lat' dir='ltr'><strong>ipsum</strong></span> <span class='ocrx_word' id='word_1_619' title='bbox 1807 744 1831 774; x_wconf 91' lang='lat' dir='ltr'><strong>e</strong></span> <span class='ocrx_word' id='word_1_620' title='bbox 1873 744 1921 775; x_wconf 90' lang='lat' dir='ltr'><strong>re</strong></span> <span class='ocrx_word' id='word_1_621' title='bbox 1939 734 1972 759; x_wconf 90' lang='lat'><strong>¹¹</strong></span> <span class='ocrx_word' id='word_1_622' title='bbox 2016 745 2112 778; x_wconf 89' lang='lat' dir='ltr'><strong>esse</strong></span> <span class='ocrx_word' id='word_1_623' title='bbox 2154 736 2419 790; x_wconf 90' lang='lat' dir='ltr'><strong>litigantium</strong></span> <span class='ocrx_word' id='word_1_624' title='bbox 2461 735 2662 777; x_wconf 83' lang='lat' dir='ltr'><strong>videatur</strong></span> <span class='ocrx_word' id='word_1_625' title='bbox 2702 737 2958 790; x_wconf 87' lang='lat' dir='ltr'><strong>constetque</strong></span> 
     </span>
     <span class='ocr_line' id='line_1_88' title="bbox 1620 788 2959 845; baseline 0.002 -14"><span class='ocrx_word' id='word_1_626' title='bbox 1620 788 1855 831; x_wconf 90' lang='lat' dir='ltr'><strong>militarem</strong></span> <span class='ocrx_word' id='word_1_627' title='bbox 1884 800 2006 830; x_wconf 90' lang='lat' dir='ltr'><strong>reum</strong></span> <span class='ocrx_word' id='word_1_628' title='bbox 2035 790 2120 833; x_wconf 90' lang='lat' dir='ltr'><strong>nisi</strong></span> <span class='ocrx_word' id='word_1_629' title='bbox 2148 803 2176 834; x_wconf 88' lang='lat' dir='ltr'><strong>a</strong></span> <span class='ocrx_word' id='word_1_630' title='bbox 2211 804 2291 835; x_wconf 87' lang='lat' dir='ltr'><strong>suo</strong></span> <span class='ocrx_word' id='word_1_631' title='bbox 2319 791 2463 834; x_wconf 89' lang='lat' dir='ltr'><strong>iudice</strong></span> <span class='ocrx_word' id='word_1_632' title='bbox 2492 803 2574 833; x_wconf 92' lang='lat' dir='ltr'><strong>nec</strong></span> <span class='ocrx_word' id='word_1_633' title='bbox 2604 790 2800 833; x_wconf 89' lang='lat' dir='ltr'><strong>exhiberi</strong></span> <span class='ocrx_word' id='word_1_634' title='bbox 2829 802 2959 845; x_wconf 89' lang='lat' dir='ltr'><strong>posse</strong></span> 
     </span>
     <span class='ocr_line' id='line_1_89' title="bbox 1620 843 2958 899; baseline 0.001 -12"><span class='ocrx_word' id='word_1_635' title='bbox 1620 857 1714 895; x_wconf 90' lang='lat' dir='ltr'><strong>nec,</strong></span> <span class='ocrx_word' id='word_1_636' title='bbox 1745 844 1782 886; x_wconf 89' lang='lat' dir='ltr'><strong>si</strong></span> <span class='ocrx_word' id='word_1_637' title='bbox 1810 843 1855 885; x_wconf 91' lang='lat' dir='ltr'><strong>in</strong></span> <span class='ocrx_word' id='word_1_638' title='bbox 1884 844 2016 898; x_wconf 88' lang='lat' dir='ltr'><strong>culpa</strong></span> <span class='ocrx_word' id='word_1_639' title='bbox 2043 844 2188 899; x_wconf 85' lang='lat' dir='ltr'><strong>fuerit,</strong></span> <span class='ocrx_word' id='word_1_640' title='bbox 2220 847 2426 890; x_wconf 84' lang='lat' dir='ltr'><strong>coerceri.</strong></span> <span class='ocrx_word' id='word_1_641' title='bbox 2485 845 2539 889; x_wconf 92' lang='lat' dir='ltr'><strong>D.</strong></span> <span class='ocrx_word' id='word_1_642' title='bbox 2577 858 2606 887; x_wconf 83' lang='lat' dir='ltr'><strong><em>V</em></strong></span> <span class='ocrx_word' id='word_1_643' title='bbox 2629 844 2671 888; x_wconf 82' lang='lat' dir='ltr'><strong>lc.</strong></span> <span class='ocrx_word' id='word_1_644' title='bbox 2704 844 2812 888; x_wconf 86' lang='lat' dir='ltr'><strong>Mai.</strong></span> <span class='ocrx_word' id='word_1_645' title='bbox 2846 843 2958 889; x_wconf 90' lang='lat' dir='ltr'><strong>Con-</strong></span> 
     </span>
     <span class='ocr_line' id='line_1_90' title="bbox 1620 898 2958 955; baseline 0 -12"><span class='ocrx_word' id='word_1_646' title='bbox 1620 898 1919 955; x_wconf 85' lang='lat' dir='ltr'><strong>stantinopoli</strong></span> <span class='ocrx_word' id='word_1_647' title='bbox 1948 899 2090 943; x_wconf 79' lang='lat' dir='ltr'><strong>Lucio</strong></span> <span class='ocrx_word' id='word_1_648' title='bbox 2121 915 2182 945; x_wconf 84' lang='lat' dir='ltr'><strong>vc.</strong></span> <span class='ocrx_word' id='word_1_649' title='bbox 2214 915 2333 945; x_wconf 83' lang='lat' dir='ltr'><strong>cons.</strong></span> <span class='ocrx_word' id='word_1_650' title='bbox 2771 905 2827 953; x_wconf 92' lang='lat' dir='ltr'><strong>[a.</strong></span> <span class='ocrx_word' id='word_1_651' title='bbox 2859 904 2958 952; x_wconf 85' lang='grc'>413]</span> 
     </span>
    </p>

    <p class='ocr_par' dir='ltr' id='par_1_20' title="bbox 1620 952 2965 2175">
     <span class='ocr_line' id='line_1_91' title="bbox 1679 952 2957 1013; baseline -0.001 -13"><span class='ocrx_word' id='word_1_652' title='bbox 1679 952 1706 1000; x_wconf 90' lang='grc'>7</span> <span class='ocrx_word' id='word_1_653' title='bbox 1748 953 1861 1011; x_wconf 84' lang='lat' dir='ltr'><strong>Imp.</strong></span> <span class='ocrx_word' id='word_1_654' title='bbox 1901 955 2170 999; x_wconf 83' lang='lat' dir='ltr'><strong>Anastasius</strong></span> <span class='ocrx_word' id='word_1_655' title='bbox 2206 957 2258 1011; x_wconf 87' lang='lat' dir='ltr'><strong>A.</strong></span> <span class='ocrx_word' id='word_1_656' title='bbox 2303 956 2594 1001; x_wconf 81' lang='lat' dir='ltr'><strong>Constantino</strong></span> <span class='ocrx_word' id='word_1_657' title='bbox 2633 969 2717 1013; x_wconf 89' lang='lat' dir='ltr'><strong>pp.</strong></span> <span class='ocrx_word' id='word_1_658' title='bbox 2789 955 2957 999; x_wconf 87' lang='lat' dir='ltr'><strong>Perini·</strong></span> 
     </span>
     <span class='ocr_line' id='line_1_92' title="bbox 1622 1011 2956 1068; baseline 0.002 -16"><span class='ocrx_word' id='word_1_659' title='bbox 1622 1023 1755 1066; x_wconf 92' lang='lat' dir='ltr'><strong>quum</strong></span> <span class='ocrx_word' id='word_1_660' title='bbox 1784 1016 1829 1052; x_wconf 92' lang='lat' dir='ltr'><strong>et</strong></span> <span class='ocrx_word' id='word_1_661' title='bbox 1857 1011 2138 1054; x_wconf 86' lang='lat' dir='ltr'><strong>temerarium</strong></span> <span class='ocrx_word' id='word_1_662' title='bbox 2166 1024 2262 1056; x_wconf 89' lang='lat' dir='ltr'><strong>esse</strong></span> <span class='ocrx_word' id='word_1_663' title='bbox 2291 1012 2583 1068; x_wconf 89' lang='lat' dir='ltr'><strong>perspicimus</strong></span> <span class='ocrx_word' id='word_1_664' title='bbox 2616 1024 2711 1063; x_wconf 90' lang='grc'>008,</span> <span class='ocrx_word' id='word_1_665' title='bbox 2753 1011 2828 1066; x_wconf 91' lang='lat' dir='ltr'><strong>qui</strong></span> <span class='ocrx_word' id='word_1_666' title='bbox 2856 1024 2956 1067; x_wconf 91' lang='lat' dir='ltr'><strong>pro-</strong></span> 
     </span>
     <span class='ocr_line' id='line_1_93' title="bbox 1621 1065 2957 1122; baseline 0.001 -13"><span class='ocrx_word' id='word_1_667' title='bbox 1621 1066 1834 1109; x_wconf 80' lang='lat' dir='ltr'><strong>fessiones</strong></span> <span class='ocrx_word' id='word_1_668' title='bbox 1865 1065 2036 1120; x_wconf 91' lang='lat' dir='ltr'><strong>aliquas</strong></span> <span class='ocrx_word' id='word_1_669' title='bbox 2076 1078 2154 1109; x_wconf 91' lang='lat' dir='ltr'><strong>seu</strong></span> <span class='ocrx_word' id='word_1_670' title='bbox 2184 1068 2500 1122; x_wconf 88' lang='lat' dir='ltr'><strong>negotiationes</strong></span> <span class='ocrx_word' id='word_1_671' title='bbox 2530 1079 2739 1110; x_wconf 88' lang='lat' dir='ltr'><strong>exercere</strong></span> <span class='ocrx_word' id='word_1_672' title='bbox 2768 1079 2957 1110; x_wconf 88' lang='lat' dir='ltr'><strong>noscun-</strong></span> 
     </span>
     <span class='ocr_line' id='line_1_94' title="bbox 1621 1120 2958 1187; baseline 0.002 -24"><span class='ocrx_word' id='word_1_673' title='bbox 1621 1127 1716 1175; x_wconf 93' lang='lat' dir='ltr'><strong>tur,</strong></span> <span class='ocrx_word' id='word_1_674' title='bbox 1753 1120 1968 1174; x_wconf 88' lang='lat' dir='ltr'><strong>iudicum,</strong></span> <span class='ocrx_word' id='word_1_675' title='bbox 2007 1121 2065 1164; x_wconf 89' lang='lat' dir='ltr'><strong>ad</strong></span> <span class='ocrx_word' id='word_1_676' title='bbox 2105 1135 2214 1176; x_wconf 92' lang='lat' dir='ltr'><strong>quos</strong></span> <span class='ocrx_word' id='word_1_677' title='bbox 2251 1123 2489 1166; x_wconf 88' lang='lat' dir='ltr'><strong>earundem</strong></span> <span class='ocrx_word' id='word_1_678' title='bbox 2525 1123 2851 1187; x_wconf 81' lang='lat' dir='ltr'><strong>professionum</strong></span> <span class='ocrx_word' id='word_1_679' title='bbox 2881 1134 2958 1166; x_wconf 88' lang='grc'>8011</span> 
     </span>
     <span class='ocr_line' id='line_1_95' title="bbox 1622 1177 2959 1234; baseline 0 -13"><span class='ocrx_word' id='word_1_680' title='bbox 1622 1177 1968 1233; x_wconf 90' lang='lat' dir='ltr'><strong>negotiationum</strong></span> <span class='ocrx_word' id='word_1_681' title='bbox 1999 1189 2106 1219; x_wconf 80' lang='lat' dir='ltr'><strong>cura</strong></span> <span class='ocrx_word' id='word_1_682' title='bbox 2134 1177 2346 1232; x_wconf 87' lang='lat' dir='ltr'><strong>pertinet,</strong></span> <span class='ocrx_word' id='word_1_683' title='bbox 2383 1178 2731 1221; x_wconf 85' lang='lat' dir='ltr'><strong>iurisdictionem</strong></span> <span class='ocrx_word' id='word_1_684' title='bbox 2758 1183 2803 1221; x_wconf 91' lang='lat' dir='ltr'><strong>et</strong></span> <span class='ocrx_word' id='word_1_685' title='bbox 2830 1190 2959 1234; x_wconf 89' lang='lat' dir='ltr'><strong>prae-</strong></span> 
     </span>
     <span class='ocr_line' id='line_1_96' title="bbox 1627 1232 2960 1289; baseline 0 -13"><span class='ocrx_word' id='word_1_686' title='bbox 1627 1238 1644 1276; x_wconf 88' lang='lat'>1</span> <span class='ocrx_word' id='word_1_687' title='bbox 1706 1232 1932 1287; x_wconf 89' lang='lat' dir='ltr'><strong>ceptiones</strong></span> <span class='ocrx_word' id='word_1_688' title='bbox 1971 1232 2192 1276; x_wconf 89' lang='lat' dir='ltr'><strong>declinare</strong></span> <span class='ocrx_word' id='word_1_689' title='bbox 2230 1234 2395 1276; x_wconf 87' lang='lat' dir='ltr'><strong>conari.</strong></span> <span class='ocrx_word' id='word_1_690' title='bbox 2454 1233 2734 1289; x_wconf 79' lang='lat' dir='ltr'><strong>Quapropter</strong></span> <span class='ocrx_word' id='word_1_691' title='bbox 2760 1233 2960 1277; x_wconf 87' lang='lat' dir='ltr'><strong>iubemus</strong></span> 
     </span>
     <span class='ocr_line' id='line_1_97' title="bbox 1621 1287 2960 1333; baseline 0.001 -2"><span class='ocrx_word' id='word_1_692' title='bbox 1621 1288 1869 1332; x_wconf 91' lang='lat' dir='ltr'><strong>huiusmodi</strong></span> <span class='ocrx_word' id='word_1_693' title='bbox 1897 1287 2148 1332; x_wconf 90' lang='lat' dir='ltr'><strong>hominibus</strong></span> <span class='ocrx_word' id='word_1_694' title='bbox 2178 1300 2260 1331; x_wconf 90' lang='lat' dir='ltr'><strong>nec</strong></span> <span class='ocrx_word' id='word_1_695' title='bbox 2291 1289 2524 1332; x_wconf 89' lang='lat' dir='ltr'><strong>cuiuslibet</strong></span> <span class='ocrx_word' id='word_1_696' title='bbox 2553 1289 2732 1332; x_wconf 88' lang='lat' dir='ltr'><strong>militiae</strong></span> <span class='ocrx_word' id='word_1_697' title='bbox 2760 1302 2839 1333; x_wconf 88' lang='lat' dir='ltr'><strong>seu</strong></span> <span class='ocrx_word' id='word_1_698' title='bbox 2869 1290 2960 1333; x_wconf 89' lang='lat' dir='ltr'><strong>cin-</strong></span> 
     </span>
     <span class='ocr_line' id='line_1_98' title="bbox 1621 1343 2960 1400; baseline 0.001 -13"><span class='ocrx_word' id='word_1_699' title='bbox 1621 1344 1713 1399; x_wconf 91' lang='lat' dir='ltr'><strong>guli</strong></span> <span class='ocrx_word' id='word_1_700' title='bbox 1749 1343 1817 1387; x_wconf 86' lang='lat' dir='ltr'><strong>vel</strong></span> <span class='ocrx_word' id='word_1_701' title='bbox 1857 1343 2081 1398; x_wconf 88' lang='lat' dir='ltr'><strong>dignitatis</strong></span> <span class='ocrx_word' id='word_1_702' title='bbox 2120 1344 2469 1398; x_wconf 83' lang='lat' dir='ltr'><strong>praerogativam</strong></span> <span class='ocrx_word' id='word_1_703' title='bbox 2504 1344 2551 1386; x_wconf 93' lang='grc'><strong>111</strong></span> <span class='ocrx_word' id='word_1_704' title='bbox 2585 1344 2671 1387; x_wconf 88' lang='grc'>1100</span> <span class='ocrx_word' id='word_1_705' title='bbox 2700 1349 2826 1399; x_wconf 87' lang='lat' dir='ltr'><strong>parte</strong></span> <span class='ocrx_word' id='word_1_706' title='bbox 2855 1357 2960 1400; x_wconf 86' lang='lat' dir='ltr'><strong>sup-</strong></span> 
     </span>
     <span class='ocr_line' id='line_1_99' title="bbox 1620 1399 2962 1455; baseline 0.001 -12"><span class='ocrx_word' id='word_1_707' title='bbox 1620 1405 1795 1455; x_wconf 90' lang='lat' dir='ltr'><strong>petere,</strong></span> <span class='ocrx_word' id='word_1_708' title='bbox 1835 1399 1914 1443; x_wconf 86' lang='lat' dir='ltr'><strong>sed</strong></span> <span class='ocrx_word' id='word_1_709' title='bbox 1953 1412 2048 1452; x_wconf 89' lang='lat' dir='ltr'><strong>eos,</strong></span> <span class='ocrx_word' id='word_1_710' title='bbox 2089 1399 2164 1454; x_wconf 92' lang='lat' dir='ltr'><strong>qui</strong></span> <span class='ocrx_word' id='word_1_711' title='bbox 2205 1399 2382 1442; x_wconf 89' lang='lat' dir='ltr'><strong>statutis</strong></span> <span class='ocrx_word' id='word_1_712' title='bbox 2418 1400 2464 1442; x_wconf 90' lang='lat' dir='ltr'><strong>in</strong></span> <span class='ocrx_word' id='word_1_713' title='bbox 2504 1412 2776 1454; x_wconf 89' lang='lat' dir='ltr'><strong>quacumque</strong></span> <span class='ocrx_word' id='word_1_714' title='bbox 2808 1399 2962 1443; x_wconf 79' lang='lat' dir='ltr'><strong>militia</strong></span> 
     </span>
     <span class='ocr_line' id='line_1_100' title="bbox 1623 1454 2962 1511; baseline 0 -12"><span class='ocrx_word' id='word_1_715' title='bbox 1623 1455 1924 1499; x_wconf 89' lang='lat' dir='ltr'><strong>connumerati</strong></span> <span class='ocrx_word' id='word_1_716' title='bbox 1955 1458 2058 1498; x_wconf 91' lang='lat' dir='ltr'><strong>sunt</strong></span> <span class='ocrx_word' id='word_1_717' title='bbox 2086 1456 2154 1498; x_wconf 91' lang='lat' dir='ltr'><strong>vel</strong></span> <span class='ocrx_word' id='word_1_718' title='bbox 2182 1454 2346 1498; x_wconf 84' lang='lat' dir='ltr'><strong>fuerint</strong></span> <span class='ocrx_word' id='word_1_719' title='bbox 2381 1467 2460 1498; x_wconf 89' lang='lat' dir='ltr'><strong>seu</strong></span> <span class='ocrx_word' id='word_1_720' title='bbox 2490 1454 2743 1509; x_wconf 88' lang='lat' dir='ltr'><strong>dignitatem</strong></span> <span class='ocrx_word' id='word_1_721' title='bbox 2772 1455 2962 1511; x_wconf 79' lang='lat' dir='ltr'><strong>aliquam</strong></span> 
     </span>
     <span class='ocr_line' id='line_1_101' title="bbox 1621 1510 2962 1566; baseline 0.001 -13"><span class='ocrx_word' id='word_1_722' title='bbox 1621 1510 1931 1566; x_wconf 90' lang='lat' dir='ltr'><strong>praetendunt,</strong></span> <span class='ocrx_word' id='word_1_723' title='bbox 1958 1511 2052 1554; x_wconf 90' lang='lat' dir='ltr'><strong>sine</strong></span> <span class='ocrx_word' id='word_1_724' title='bbox 2069 1510 2257 1565; x_wconf 90' lang='lat' dir='ltr'><strong>quadam</strong></span> <span class='ocrx_word' id='word_1_725' title='bbox 2281 1510 2368 1553; x_wconf 85' lang='lat' dir='ltr'><strong>fori</strong></span> <span class='ocrx_word' id='word_1_726' title='bbox 2391 1510 2737 1566; x_wconf 90' lang='lat' dir='ltr'><strong>praescriptione</strong></span> <span class='ocrx_word' id='word_1_727' title='bbox 2758 1510 2827 1555; x_wconf 87' lang='lat' dir='ltr'><strong>his</strong></span> <span class='ocrx_word' id='word_1_728' title='bbox 2850 1510 2962 1554; x_wconf 89' lang='lat' dir='ltr'><strong>iudi-</strong></span> 
     </span>
     <span class='ocr_line' id='line_1_102' title="bbox 1624 1566 2962 1621; baseline 0 -11"><span class='ocrx_word' id='word_1_729' title='bbox 1624 1568 1748 1610; x_wconf 91' lang='lat' dir='ltr'><strong>cibus</strong></span> <span class='ocrx_word' id='word_1_730' title='bbox 1778 1571 1870 1609; x_wconf 89' lang='lat' dir='ltr'><strong>tam</strong></span> <span class='ocrx_word' id='word_1_731' title='bbox 1898 1567 1945 1609; x_wconf 91' lang='lat' dir='ltr'><strong>in</strong></span> <span class='ocrx_word' id='word_1_732' title='bbox 1974 1566 2165 1621; x_wconf 90' lang='lat' dir='ltr'><strong>publicis</strong></span> <span class='ocrx_word' id='word_1_733' title='bbox 2195 1579 2325 1621; x_wconf 88' lang='lat' dir='ltr'><strong>quam</strong></span> <span class='ocrx_word' id='word_1_734' title='bbox 2355 1566 2401 1609; x_wconf 92' lang='lat' dir='ltr'><strong>in</strong></span> <span class='ocrx_word' id='word_1_735' title='bbox 2430 1566 2611 1621; x_wconf 90' lang='lat' dir='ltr'><strong>privatis</strong></span> <span class='ocrx_word' id='word_1_736' title='bbox 2651 1566 2795 1610; x_wconf 88' lang='lat' dir='ltr'><strong>causis</strong></span> <span class='ocrx_word' id='word_1_737' title='bbox 2829 1567 2962 1610; x_wconf 88' lang='lat' dir='ltr'><strong>oboe-</strong></span> 
     </span>
     <span class='ocr_line' id='line_1_103' title="bbox 1624 1621 2963 1677; baseline 0 -13"><span class='ocrx_word' id='word_1_738' title='bbox 1624 1622 1717 1665; x_wconf 90' lang='lat' dir='ltr'><strong>dire</strong></span> <span class='ocrx_word' id='word_1_739' title='bbox 1747 1622 1968 1677; x_wconf 91' lang='lat' dir='ltr'><strong>compelli,</strong></span> <span class='ocrx_word' id='word_1_740' title='bbox 2007 1622 2063 1664; x_wconf 88' lang='lat' dir='ltr'><strong>ad</strong></span> <span class='ocrx_word' id='word_1_741' title='bbox 2093 1635 2280 1677; x_wconf 87' lang='lat' dir='ltr'><strong>quorum</strong></span> <span class='ocrx_word' id='word_1_742' title='bbox 2309 1621 2647 1665; x_wconf 86' lang='lat' dir='ltr'><strong>sollicitudinem</strong></span> <span class='ocrx_word' id='word_1_743' title='bbox 2676 1621 2963 1677; x_wconf 82' lang='lat' dir='ltr'><strong>professionis</strong></span> 
     </span>
     <span class='ocr_line' id='line_1_104' title="bbox 1624 1676 2962 1733; baseline 0 -12"><span class='ocrx_word' id='word_1_744' title='bbox 1624 1691 1702 1721; x_wconf 91' lang='lat' dir='ltr'><strong>seu</strong></span> <span class='ocrx_word' id='word_1_745' title='bbox 1731 1677 2065 1732; x_wconf 87' lang='lat' dir='ltr'><strong>negotiationis,</strong></span> <span class='ocrx_word' id='word_1_746' title='bbox 2106 1690 2238 1733; x_wconf 89' lang='lat' dir='ltr'><strong>quam</strong></span> <span class='ocrx_word' id='word_1_747' title='bbox 2275 1680 2453 1732; x_wconf 90' lang='lat' dir='ltr'><strong>praeter</strong></span> <span class='ocrx_word' id='word_1_748' title='bbox 2468 1678 2502 1704; x_wconf 83' lang='lat'><strong>¹²</strong></span> <span class='ocrx_word' id='word_1_749' title='bbox 2543 1676 2755 1729; x_wconf 88' lang='lat' dir='ltr'><strong>militiam,</strong></span> <span class='ocrx_word' id='word_1_750' title='bbox 2794 1683 2845 1721; x_wconf 90' lang='lat' dir='ltr'><strong>ut</strong></span> <span class='ocrx_word' id='word_1_751' title='bbox 2872 1677 2962 1721; x_wconf 87' lang='lat' dir='ltr'><strong>dic-</strong></span> 
     </span>
     <span class='ocr_line' id='line_1_105' title="bbox 1623 1733 2964 1788; baseline 0.001 -13"><span class='ocrx_word' id='word_1_752' title='bbox 1623 1738 1716 1776; x_wconf 87' lang='lat' dir='ltr'><strong>tum</strong></span> <span class='ocrx_word' id='word_1_753' title='bbox 1746 1739 1827 1785; x_wconf 89' lang='lat' dir='ltr'><strong>est,</strong></span> <span class='ocrx_word' id='word_1_754' title='bbox 1859 1740 2086 1784; x_wconf 89' lang='lat' dir='ltr'><strong>exercent,</strong></span> <span class='ocrx_word' id='word_1_755' title='bbox 2127 1733 2386 1787; x_wconf 87' lang='lat' dir='ltr'><strong>gubernatio</strong></span> <span class='ocrx_word' id='word_1_756' title='bbox 2416 1733 2588 1776; x_wconf 82' lang='lat' dir='ltr'><strong>videtur</strong></span> <span class='ocrx_word' id='word_1_757' title='bbox 2622 1733 2861 1788; x_wconf 86' lang='lat' dir='ltr'><strong>respicere,</strong></span> <span class='ocrx_word' id='word_1_758' title='bbox 2900 1733 2964 1777; x_wconf 80' lang='lat' dir='ltr'><strong>ita</strong></span> 
     </span>
     <span class='ocr_line' id='line_1_106' title="bbox 1624 1788 2964 1844; baseline 0.001 -13"><span class='ocrx_word' id='word_1_759' title='bbox 1624 1794 1783 1842; x_wconf 89' lang='lat' dir='ltr'><strong>tamen,</strong></span> <span class='ocrx_word' id='word_1_760' title='bbox 1813 1794 1864 1832; x_wconf 92' lang='lat' dir='ltr'><strong>ut</strong></span> <span class='ocrx_word' id='word_1_761' title='bbox 1891 1789 1999 1844; x_wconf 87' lang='lat' dir='ltr'><strong>ipsis</strong></span> <span class='ocrx_word' id='word_1_762' title='bbox 2030 1789 2166 1833; x_wconf 90' lang='lat' dir='ltr'><strong>nihilo</strong></span> <span class='ocrx_word' id='word_1_763' title='bbox 2195 1789 2340 1832; x_wconf 91' lang='lat' dir='ltr'><strong>minus</strong></span> <span class='ocrx_word' id='word_1_764' title='bbox 2376 1788 2616 1842; x_wconf 91' lang='lat' dir='ltr'><strong>iudicibus,</strong></span> <span class='ocrx_word' id='word_1_765' title='bbox 2657 1789 2740 1832; x_wconf 91' lang='lat' dir='ltr'><strong>sub</strong></span> <span class='ocrx_word' id='word_1_766' title='bbox 2778 1801 2964 1844; x_wconf 89' lang='lat' dir='ltr'><strong>quorum</strong></span> 
     </span>
     <span class='ocr_line' id='line_1_107' title="bbox 1622 1844 2965 1899; baseline 0 -12"><span class='ocrx_word' id='word_1_767' title='bbox 1622 1845 1926 1888; x_wconf 91' lang='lat' dir='ltr'><strong>iurisdictione</strong></span> <span class='ocrx_word' id='word_1_768' title='bbox 1974 1845 2129 1887; x_wconf 90' lang='lat' dir='ltr'><strong>militia</strong></span> <span class='ocrx_word' id='word_1_769' title='bbox 2177 1857 2256 1888; x_wconf 90' lang='lat' dir='ltr'><strong>seu</strong></span> <span class='ocrx_word' id='word_1_770' title='bbox 2303 1844 2491 1899; x_wconf 90' lang='lat' dir='ltr'><strong>dignitas</strong></span> <span class='ocrx_word' id='word_1_771' title='bbox 2530 1857 2680 1887; x_wconf 88' lang='lat' dir='ltr'><strong>eorum</strong></span> <span class='ocrx_word' id='word_1_772' title='bbox 2725 1845 2965 1888; x_wconf 85' lang='lat' dir='ltr'><strong>constituta</strong></span> 
     </span>
     <span class='ocr_line' id='line_1_108' title="bbox 1624 1900 2963 1956; baseline 0 -13"><span class='ocrx_word' id='word_1_773' title='bbox 1624 1904 1648 1943; x_wconf 89' lang='lat'><strong>2</strong></span> <span class='ocrx_word' id='word_1_774' title='bbox 1708 1906 1786 1952; x_wconf 90' lang='lat' dir='ltr'><strong>est,</strong></span> <span class='ocrx_word' id='word_1_775' title='bbox 1816 1901 1975 1955; x_wconf 91' lang='lat' dir='ltr'><strong>procul</strong></span> <span class='ocrx_word' id='word_1_776' title='bbox 2004 1901 2136 1944; x_wconf 92' lang='lat' dir='ltr'><strong>dubio</strong></span> <span class='ocrx_word' id='word_1_777' title='bbox 2166 1900 2475 1955; x_wconf 88' lang='lat' dir='ltr'><strong>respondeant.</strong></span> <span class='ocrx_word' id='word_1_778' title='bbox 2518 1900 2598 1943; x_wconf 90' lang='lat' dir='ltr'><strong>His</strong></span> <span class='ocrx_word' id='word_1_779' title='bbox 2627 1900 2842 1953; x_wconf 85' lang='lat' dir='ltr'><strong>videlicet,</strong></span> <span class='ocrx_word' id='word_1_780' title='bbox 2867 1900 2963 1956; x_wconf 90' lang='lat' dir='ltr'><strong>qui-</strong></span> 
     </span>
     <span class='ocr_line' id='line_1_109' title="bbox 1625 1956 2962 2011; baseline -0.001 -12"><span class='ocrx_word' id='word_1_781' title='bbox 1625 1969 1811 2010; x_wconf 91' lang='lat' dir='ltr'><strong>cumque</strong></span> <span class='ocrx_word' id='word_1_782' title='bbox 1849 1960 2003 2000; x_wconf 88' lang='lat' dir='ltr'><strong>contra</strong></span> <span class='ocrx_word' id='word_1_783' title='bbox 2043 1957 2135 1999; x_wconf 91' lang='lat' dir='ltr'><strong>eius</strong></span> <span class='ocrx_word' id='word_1_784' title='bbox 2153 1957 2187 1982; x_wconf 87' lang='lat'><strong>¹³</strong></span> <span class='ocrx_word' id='word_1_785' title='bbox 2222 1960 2419 2000; x_wconf 90' lang='lat' dir='ltr'><strong>tenorem</strong></span> <span class='ocrx_word' id='word_1_786' title='bbox 2454 1956 2601 1999; x_wconf 86' lang='lat' dir='ltr'><strong>venire</strong></span> <span class='ocrx_word' id='word_1_787' title='bbox 2639 1957 2962 2011; x_wconf 86' lang='lat' dir='ltr'><strong>temptaverint,</strong></span> 
     </span>
     <span class='ocr_line' id='line_1_110' title="bbox 1623 2011 2963 2067; baseline 0 -13"><span class='ocrx_word' id='word_1_788' title='bbox 1623 2012 1806 2054; x_wconf 88' lang='lat' dir='ltr'><strong>militiae</strong></span> <span class='ocrx_word' id='word_1_789' title='bbox 1835 2012 2007 2067; x_wconf 89' lang='lat' dir='ltr'><strong>cingulo</strong></span> <span class='ocrx_word' id='word_1_790' title='bbox 2046 2024 2125 2055; x_wconf 89' lang='lat' dir='ltr'><strong>seu</strong></span> <span class='ocrx_word' id='word_1_791' title='bbox 2164 2011 2387 2066; x_wconf 90' lang='lat' dir='ltr'><strong>dignitatis</strong></span> <span class='ocrx_word' id='word_1_792' title='bbox 2416 2011 2583 2055; x_wconf 88' lang='lat' dir='ltr'><strong>honore</strong></span> <span class='ocrx_word' id='word_1_793' title='bbox 2611 2024 2692 2066; x_wconf 90' lang='lat' dir='ltr'><strong>pro</strong></span> <span class='ocrx_word' id='word_1_794' title='bbox 2721 2011 2801 2054; x_wconf 90' lang='lat' dir='ltr'><strong>tali</strong></span> <span class='ocrx_word' id='word_1_795' title='bbox 2830 2023 2963 2054; x_wconf 86' lang='lat' dir='ltr'><strong>cona-</strong></span> 
     </span>
     <span class='ocr_line' id='line_1_111' title="bbox 1623 2065 2965 2124; baseline 0 -14"><span class='ocrx_word' id='word_1_796' title='bbox 1623 2067 1740 2110; x_wconf 89' lang='lat' dir='ltr'><strong>mine</strong></span> <span class='ocrx_word' id='word_1_797' title='bbox 1778 2067 2033 2123; x_wconf 84' lang='lat' dir='ltr'><strong>spoliandis.</strong></span> <span class='ocrx_word' id='word_1_798' title='bbox 2102 2066 2157 2111; x_wconf 93' lang='lat' dir='ltr'><strong>D.</strong></span> <span class='ocrx_word' id='word_1_799' title='bbox 2199 2079 2271 2110; x_wconf 76' lang='lat' dir='ltr'><strong>XV</strong></span> <span class='ocrx_word' id='word_1_800' title='bbox 2307 2066 2350 2111; x_wconf 80' lang='lat' dir='ltr'><strong>lc.</strong></span> <span class='ocrx_word' id='word_1_801' title='bbox 2390 2065 2526 2111; x_wconf 85' lang='lat' dir='ltr'><strong>Mart.</strong></span> <span class='ocrx_word' id='word_1_802' title='bbox 2573 2067 2965 2124; x_wconf 81' lang='lat' dir='ltr'><strong>Constantinopoli</strong></span> 
     </span>
     <span class='ocr_line' id='line_1_112' title="bbox 1623 2122 2962 2175; baseline -0.001 -8"><span class='ocrx_word' id='word_1_803' title='bbox 1623 2122 1776 2166; x_wconf 80' lang='lat' dir='ltr'><strong>Probo</strong></span> <span class='ocrx_word' id='word_1_804' title='bbox 1807 2128 1852 2167; x_wconf 89' lang='lat' dir='ltr'><strong>et</strong></span> <span class='ocrx_word' id='word_1_805' title='bbox 1879 2123 2046 2167; x_wconf 80' lang='lat' dir='ltr'><strong>Avieno</strong></span> <span class='ocrx_word' id='word_1_806' title='bbox 2077 2135 2220 2166; x_wconf 83' lang='lat' dir='ltr'><strong>conss.</strong></span> <span class='ocrx_word' id='word_1_807' title='bbox 2774 2127 2830 2175; x_wconf 85' lang='lat' dir='ltr'><strong>[a.</strong></span> <span class='ocrx_word' id='word_1_808' title='bbox 2863 2125 2962 2175; x_wconf 81' lang='lat'>502]</span> 
     </span>
    </p>
   </div>
   <div class='ocr_carea' id='block_1_13' title="bbox 2215 2264 2373 2312">
    <p class='ocr_par' dir='ltr' id='par_1_21' title="bbox 2215 2264 2373 2312">
     <span class='ocr_line' id='line_1_113' title="bbox 2215 2264 2373 2312; baseline -0.013 0"><span class='ocrx_word' id='word_1_809' title='bbox 2215 2264 2373 2312; x_wconf 92' lang='lat' dir='ltr'><strong>XIIII.</strong></span> 
     </span>
    </p>
   </div>
   <div class='ocr_carea' id='block_1_14' title="bbox 1624 2343 2963 2497">
    <p class='ocr_par' dir='ltr' id='par_1_22' title="bbox 1624 2343 2963 2497">
     <span class='ocr_line' id='line_1_114' title="bbox 1625 2343 2963 2392; baseline 0.001 -7"><span class='ocrx_word' id='word_1_810' title='bbox 1625 2345 1854 2392; x_wconf 82' lang='lat' dir='ltr'><strong>QUANDO</strong></span> <span class='ocrx_word' id='word_1_811' title='bbox 1899 2345 2226 2386; x_wconf 85' lang='lat' dir='ltr'><strong>IMPERATOR</strong></span> <span class='ocrx_word' id='word_1_812' title='bbox 2268 2345 2446 2385; x_wconf 87' lang='lat' dir='ltr'><strong>INTER</strong></span> <span class='ocrx_word' id='word_1_813' title='bbox 2488 2344 2759 2385; x_wconf 87' lang='lat' dir='ltr'><strong>PUPILLOS</strong></span> <span class='ocrx_word' id='word_1_814' title='bbox 2798 2344 2912 2386; x_wconf 82' lang='lat' dir='ltr'><strong>VEL</strong></span> <span class='ocrx_word' id='word_1_815' title='bbox 2929 2343 2963 2370; x_wconf 69' lang='lat'><strong>¹⁴</strong></span> 
     </span>
     <span class='ocr_line' id='line_1_115' title="bbox 1624 2400 2960 2442; baseline 0.001 -2"><span class='ocrx_word' id='word_1_816' title='bbox 1624 2400 1830 2441; x_wconf 84' lang='lat' dir='ltr'><strong>VIDUAS</strong></span> <span class='ocrx_word' id='word_1_817' title='bbox 1862 2400 1975 2441; x_wconf 88' lang='lat' dir='ltr'><strong>VEL</strong></span> <span class='ocrx_word' id='word_1_818' title='bbox 2006 2400 2382 2441; x_wconf 84' lang='lat' dir='ltr'><strong>MISERABILES</strong></span> <span class='ocrx_word' id='word_1_819' title='bbox 2413 2400 2698 2441; x_wconf 86' lang='lat' dir='ltr'><strong>PERSONAS</strong></span> <span class='ocrx_word' id='word_1_820' title='bbox 2728 2400 2960 2442; x_wconf 81' lang='lat' dir='ltr'>COGNOS-</span> 
     </span>
     <span class='ocr_line' id='line_1_116' title="bbox 1900 2456 2675 2497; baseline 0 -1"><span class='ocrx_word' id='word_1_821' title='bbox 1900 2456 2006 2497; x_wconf 85' lang='lat' dir='ltr'><strong>GAT</strong></span> <span class='ocrx_word' id='word_1_822' title='bbox 2035 2457 2108 2496; x_wconf 88' lang='grc' dir='ltr'><strong>ΕΤ</strong></span> <span class='ocrx_word' id='word_1_823' title='bbox 2138 2458 2217 2496; x_wconf 89' lang='grc' dir='ltr'><strong>ΝΕ</strong></span> <span class='ocrx_word' id='word_1_824' title='bbox 2246 2456 2675 2496; x_wconf 85' lang='lat' dir='ltr'><strong>EXHIBEANTUR.</strong></span> 
     </span>
    </p>
   </div>
   <div class='ocr_carea' id='block_1_15' title="bbox 1624 2535 2965 3369">
    <p class='ocr_par' dir='ltr' id='par_1_23' title="bbox 1624 2535 2965 3369">
     <span class='ocr_line' id='line_1_117' title="bbox 1683 2535 2964 2595; baseline 0 -12"><span class='ocrx_word' id='word_1_825' title='bbox 1683 2535 1706 2583; x_wconf 89' lang='lat'>1</span> <span class='ocrx_word' id='word_1_826' title='bbox 1763 2536 1912 2595; x_wconf 82' lang='lat' dir='ltr'><strong>¹⁵Imp.</strong></span> <span class='ocrx_word' id='word_1_827' title='bbox 1961 2536 2281 2582; x_wconf 88' lang='lat' dir='ltr'><strong>Constantinus</strong></span> <span class='ocrx_word' id='word_1_828' title='bbox 2324 2539 2375 2582; x_wconf 91' lang='lat' dir='ltr'><strong>A.</strong></span> <span class='ocrx_word' id='word_1_829' title='bbox 2425 2537 2487 2581; x_wconf 85' lang='lat' dir='ltr'><strong>ad</strong></span> <span class='ocrx_word' id='word_1_830' title='bbox 2528 2536 2844 2582; x_wconf 83' lang='lat' dir='ltr'><strong>Andronicum.</strong></span> <span class='ocrx_word' id='word_1_831' title='bbox 2917 2538 2964 2583; x_wconf 83' lang='lat' dir='ltr'><strong>Si</strong></span> 
     </span>
     <span class='ocr_line' id='line_1_118' title="bbox 1627 2593 2962 2650; baseline 0.001 -13"><span class='ocrx_word' id='word_1_832' title='bbox 1627 2598 1782 2637; x_wconf 90' lang='lat' dir='ltr'><strong>contra</strong></span> <span class='ocrx_word' id='word_1_833' title='bbox 1817 2593 2009 2648; x_wconf 89' lang='lat' dir='ltr'><strong>pupillos</strong></span> <span class='ocrx_word' id='word_1_834' title='bbox 2039 2594 2193 2637; x_wconf 89' lang='lat' dir='ltr'><strong>viduas</strong></span> <span class='ocrx_word' id='word_1_835' title='bbox 2210 2595 2244 2620; x_wconf 78' lang='lat'><strong>¹⁰</strong></span> <span class='ocrx_word' id='word_1_836' title='bbox 2282 2594 2350 2637; x_wconf 91' lang='lat' dir='ltr'><strong>vel</strong></span> <span class='ocrx_word' id='word_1_837' title='bbox 2376 2593 2596 2636; x_wconf 87' lang='lat' dir='ltr'><strong>diutino¹⁷</strong></span> <span class='ocrx_word' id='word_1_838' title='bbox 2623 2594 2776 2637; x_wconf 90' lang='lat' dir='ltr'><strong>morbo</strong></span> <span class='ocrx_word' id='word_1_839' title='bbox 2805 2593 2962 2650; x_wconf 88' lang='lat' dir='ltr'><strong>fatiga-</strong></span> 
     </span>
     <span class='ocr_line' id='line_1_119' title="bbox 1624 2649 2964 2705; baseline 0.001 -13"><span class='ocrx_word' id='word_1_840' title='bbox 1624 2654 1694 2692; x_wconf 90' lang='lat' dir='ltr'><strong>tos</strong></span> <span class='ocrx_word' id='word_1_841' title='bbox 1749 2653 1793 2692; x_wconf 90' lang='lat' dir='ltr'><strong>et</strong></span> <span class='ocrx_word' id='word_1_842' title='bbox 1840 2649 2006 2693; x_wconf 89' lang='lat' dir='ltr'><strong>debiles</strong></span> <span class='ocrx_word' id='word_1_843' title='bbox 2049 2650 2331 2705; x_wconf 89' lang='lat' dir='ltr'><strong>impetratum</strong></span> <span class='ocrx_word' id='word_1_844' title='bbox 2373 2649 2506 2692; x_wconf 87' lang='lat' dir='ltr'><strong>fuerit</strong></span> <span class='ocrx_word' id='word_1_845' title='bbox 2549 2649 2740 2693; x_wconf 88' lang='lat' dir='ltr'><strong>lenitatis</strong></span> <span class='ocrx_word' id='word_1_846' title='bbox 2784 2653 2964 2694; x_wconf 86' lang='lat' dir='ltr'><strong>nostrae</strong></span> 
     </span>
     <span class='ocr_line' id='line_1_120' title="bbox 1624 2704 2963 2758; baseline 0 -10"><span class='ocrx_word' id='word_1_847' title='bbox 1624 2704 1847 2758; x_wconf 91' lang='lat' dir='ltr'><strong>iudicium,</strong></span> <span class='ocrx_word' id='word_1_848' title='bbox 1877 2706 2107 2748; x_wconf 88' lang='lat' dir='ltr'><strong>memorati</strong></span> <span class='ocrx_word' id='word_1_849' title='bbox 2136 2718 2164 2748; x_wconf 90' lang='lat' dir='ltr'><strong>a</strong></span> <span class='ocrx_word' id='word_1_850' title='bbox 2192 2705 2313 2748; x_wconf 92' lang='lat' dir='ltr'><strong>nullo</strong></span> <span class='ocrx_word' id='word_1_851' title='bbox 2344 2709 2593 2748; x_wconf 89' lang='lat' dir='ltr'><strong>nostrorum</strong></span> <span class='ocrx_word' id='word_1_852' title='bbox 2623 2705 2816 2748; x_wconf 88' lang='lat' dir='ltr'><strong>iudicum</strong></span> <span class='ocrx_word' id='word_1_853' title='bbox 2846 2718 2963 2750; x_wconf 90' lang='grc'>00111-</span> 
     </span>
     <span class='ocr_line' id='line_1_121' title="bbox 1625 2760 2965 2816; baseline 0.001 -14"><span class='ocrx_word' id='word_1_854' title='bbox 1625 2761 1845 2815; x_wconf 90' lang='lat' dir='ltr'><strong>pellantur</strong></span> <span class='ocrx_word' id='word_1_855' title='bbox 1884 2761 2113 2810; x_wconf 89' lang='lat' dir='ltr'><strong>comitatui</strong></span> <span class='ocrx_word' id='word_1_856' title='bbox 2150 2765 2302 2804; x_wconf 90' lang='lat' dir='ltr'><strong>nostro</strong></span> <span class='ocrx_word' id='word_1_857' title='bbox 2341 2761 2408 2803; x_wconf 88' lang='lat' dir='ltr'><strong>sui</strong></span> <span class='ocrx_word' id='word_1_858' title='bbox 2437 2760 2608 2814; x_wconf 88' lang='lat' dir='ltr'><strong>copiam</strong></span> <span class='ocrx_word' id='word_1_859' title='bbox 2636 2760 2797 2804; x_wconf 89' lang='lat' dir='ltr'><strong>facere.</strong></span> <span class='ocrx_word' id='word_1_860' title='bbox 2857 2761 2965 2816; x_wconf 92' lang='lat' dir='ltr'><strong>quin</strong></span> 
     </span>
     <span class='ocr_line' id='line_1_122' title="bbox 1625 2815 2964 2871; baseline 0.001 -13"><span class='ocrx_word' id='word_1_861' title='bbox 1625 2816 1757 2859; x_wconf 91' lang='lat' dir='ltr'><strong>immo</strong></span> <span class='ocrx_word' id='word_1_862' title='bbox 1802 2816 1919 2858; x_wconf 87' lang='lat' dir='ltr'><strong>intra</strong></span> <span class='ocrx_word' id='word_1_863' title='bbox 1962 2816 2254 2871; x_wconf 88' lang='lat' dir='ltr'><strong>provinciam,</strong></span> <span class='ocrx_word' id='word_1_864' title='bbox 2298 2815 2345 2858; x_wconf 93' lang='lat' dir='ltr'><strong>in</strong></span> <span class='ocrx_word' id='word_1_865' title='bbox 2385 2828 2472 2871; x_wconf 90' lang='lat' dir='ltr'><strong>qua</strong></span> <span class='ocrx_word' id='word_1_866' title='bbox 2509 2815 2702 2870; x_wconf 89' lang='lat' dir='ltr'><strong>litigator</strong></span> <span class='ocrx_word' id='word_1_867' title='bbox 2739 2818 2786 2859; x_wconf 91' lang='lat' dir='ltr'><strong>et</strong></span> <span class='ocrx_word' id='word_1_868' title='bbox 2826 2819 2964 2860; x_wconf 89' lang='lat' dir='ltr'><strong>testes</strong></span> 
     </span>
     <span class='ocr_line' id='line_1_123' title="bbox 1626 2871 2964 2926; baseline 0.001 -13"><span class='ocrx_word' id='word_1_869' title='bbox 1626 2871 1693 2914; x_wconf 92' lang='lat' dir='ltr'><strong>vel</strong></span> <span class='ocrx_word' id='word_1_870' title='bbox 1721 2871 2016 2914; x_wconf 89' lang='lat' dir='ltr'><strong>instrumenta</strong></span> <span class='ocrx_word' id='word_1_871' title='bbox 2044 2877 2161 2924; x_wconf 88' lang='lat' dir='ltr'><strong>sunt,</strong></span> <span class='ocrx_word' id='word_1_872' title='bbox 2199 2872 2482 2926; x_wconf 87' lang='lat' dir='ltr'><strong>experiantur</strong></span> <span class='ocrx_word' id='word_1_873' title='bbox 2510 2871 2711 2925; x_wconf 87' lang='lat' dir='ltr'><strong>iurgandi</strong></span> <span class='ocrx_word' id='word_1_874' title='bbox 2740 2871 2964 2915; x_wconf 87' lang='lat' dir='ltr'><strong>fortunam</strong></span> 
     </span>
     <span class='ocr_line' id='line_1_124' title="bbox 1627 2926 2959 2982; baseline 0.002 -13"><span class='ocrx_word' id='word_1_875' title='bbox 1627 2929 1759 2981; x_wconf 90' lang='lat' dir='ltr'><strong>atque</strong></span> <span class='ocrx_word' id='word_1_876' title='bbox 1803 2926 1920 2969; x_wconf 90' lang='lat' dir='ltr'><strong>omni</strong></span> <span class='ocrx_word' id='word_1_877' title='bbox 1964 2927 2135 2969; x_wconf 90' lang='lat' dir='ltr'><strong>cautela</strong></span> <span class='ocrx_word' id='word_1_878' title='bbox 2178 2931 2395 2979; x_wconf 89' lang='lat' dir='ltr'><strong>servetur,</strong></span> <span class='ocrx_word' id='word_1_879' title='bbox 2440 2938 2496 2969; x_wconf 93' lang='lat' dir='ltr'><strong>ne</strong></span> <span class='ocrx_word' id='word_1_880' title='bbox 2533 2926 2745 2971; x_wconf 90' lang='lat' dir='ltr'><strong>terminos</strong></span> <span class='ocrx_word' id='word_1_881' title='bbox 2783 2927 2959 2982; x_wconf 84' lang='lat' dir='ltr'><strong>provin-</strong></span> 
     </span>
     <span class='ocr_line' id='line_1_125' title="bbox 1631 2981 2963 3049; baseline 0.002 -25"><span class='ocrx_word' id='word_1_882' title='bbox 1631 2987 1649 3024; x_wconf 95' lang='grc'><strong>1</strong></span> <span class='ocrx_word' id='word_1_883' title='bbox 1711 2981 1878 3024; x_wconf 91' lang='lat' dir='ltr'><strong>ciarum</strong></span> <span class='ocrx_word' id='word_1_884' title='bbox 1908 2994 2087 3025; x_wconf 90' lang='lat' dir='ltr'><strong>suarum</strong></span> <span class='ocrx_word' id='word_1_885' title='bbox 2125 2986 2338 3036; x_wconf 89' lang='lat' dir='ltr'><strong>cogantur</strong></span> <span class='ocrx_word' id='word_1_886' title='bbox 2375 2982 2601 3025; x_wconf 90' lang='lat' dir='ltr'><strong>excedere.</strong></span> <span class='ocrx_word' id='word_1_887' title='bbox 2660 2982 2788 3037; x_wconf 78' lang='lat' dir='ltr'><strong>Quod</strong></span> <span class='ocrx_word' id='word_1_888' title='bbox 2815 2983 2853 3027; x_wconf 90' lang='lat' dir='ltr'><strong>si</strong></span> <span class='ocrx_word' id='word_1_889' title='bbox 2881 2996 2963 3049; x_wconf 88' lang='lat' dir='ltr'><strong>pu-</strong></span> 
     </span>
     <span class='ocr_line' id='line_1_126' title="bbox 1626 3036 2963 3093; baseline 0.001 -13"><span class='ocrx_word' id='word_1_890' title='bbox 1626 3037 1735 3092; x_wconf 88' lang='lat' dir='ltr'><strong>pulli</strong></span> <span class='ocrx_word' id='word_1_891' title='bbox 1761 3037 1830 3080; x_wconf 85' lang='lat' dir='ltr'><strong>vel</strong></span> <span class='ocrx_word' id='word_1_892' title='bbox 1859 3036 2015 3081; x_wconf 87' lang='lat' dir='ltr'><strong>viduae</strong></span> <span class='ocrx_word' id='word_1_893' title='bbox 2053 3037 2214 3093; x_wconf 88' lang='lat' dir='ltr'><strong>aliique</strong></span> <span class='ocrx_word' id='word_1_894' title='bbox 2252 3037 2457 3081; x_wconf 88' lang='lat' dir='ltr'><strong>fortunae</strong></span> <span class='ocrx_word' id='word_1_895' title='bbox 2493 3036 2654 3080; x_wconf 90' lang='lat' dir='ltr'><strong>iniuria</strong></span> <span class='ocrx_word' id='word_1_896' title='bbox 2691 3036 2963 3082; x_wconf 84' lang='lat' dir='ltr'><strong>miserabiles</strong></span> 
     </span>
     <span class='ocr_line' id='line_1_127' title="bbox 1625 3093 2963 3149; baseline 0.001 -14"><span class='ocrx_word' id='word_1_897' title='bbox 1625 3093 1834 3136; x_wconf 91' lang='lat' dir='ltr'><strong>iudicium</strong></span> <span class='ocrx_word' id='word_1_898' title='bbox 1886 3098 2064 3137; x_wconf 89' lang='lat' dir='ltr'><strong>nostrae</strong></span> <span class='ocrx_word' id='word_1_899' title='bbox 2107 3094 2354 3137; x_wconf 88' lang='lat' dir='ltr'><strong>serenitatis</strong></span> <span class='ocrx_word' id='word_1_900' title='bbox 2405 3093 2649 3145; x_wconf 87' lang='lat' dir='ltr'><strong>oraverint,</strong></span> <span class='ocrx_word' id='word_1_901' title='bbox 2702 3094 2963 3149; x_wconf 86' lang='lat' dir='ltr'><strong>praesertim</strong></span> 
     </span>
     <span class='ocr_line' id='line_1_128' title="bbox 1628 3148 2961 3204; baseline 0.002 -12"><span class='ocrx_word' id='word_1_902' title='bbox 1628 3161 1727 3192; x_wconf 88' lang='lat' dir='ltr'><strong>cum</strong></span> <span class='ocrx_word' id='word_1_903' title='bbox 1757 3148 1945 3191; x_wconf 86' lang='lat' dir='ltr'><strong>alicuius</strong></span> <span class='ocrx_word' id='word_1_904' title='bbox 1974 3149 2217 3203; x_wconf 91' lang='lat' dir='ltr'><strong>potentiam</strong></span> <span class='ocrx_word' id='word_1_905' title='bbox 2245 3149 2603 3204; x_wconf 86' lang='lat' dir='ltr'><strong>perhorrescunt,</strong></span> <span class='ocrx_word' id='word_1_906' title='bbox 2644 3154 2860 3204; x_wconf 86' lang='lat' dir='ltr'><strong>cogantur</strong></span> <span class='ocrx_word' id='word_1_907' title='bbox 2887 3161 2961 3194; x_wconf 89' lang='grc' dir='ltr'><strong>οο-</strong></span> 
     </span>
     <span class='ocr_line' id='line_1_129' title="bbox 1626 3204 2961 3260; baseline 0.001 -13"><span class='ocrx_word' id='word_1_908' title='bbox 1626 3217 1725 3247; x_wconf 86' lang='grc'>111111</span> <span class='ocrx_word' id='word_1_909' title='bbox 1769 3204 2006 3247; x_wconf 89' lang='lat' dir='ltr'><strong>adversarii</strong></span> <span class='ocrx_word' id='word_1_910' title='bbox 2047 3204 2236 3248; x_wconf 89' lang='lat' dir='ltr'><strong>examini</strong></span> <span class='ocrx_word' id='word_1_911' title='bbox 2279 3207 2432 3248; x_wconf 89' lang='lat' dir='ltr'><strong>nostro</strong></span> <span class='ocrx_word' id='word_1_912' title='bbox 2476 3204 2545 3247; x_wconf 90' lang='lat' dir='ltr'><strong>sui</strong></span> <span class='ocrx_word' id='word_1_913' title='bbox 2590 3205 2759 3260; x_wconf 89' lang='lat' dir='ltr'><strong>copiam</strong></span> <span class='ocrx_word' id='word_1_914' title='bbox 2802 3204 2961 3249; x_wconf 87' lang='lat' dir='ltr'><strong>facere.</strong></span> 
     </span>
     <span class='ocr_line' id='line_1_130' title="bbox 1626 3258 2962 3319; baseline 0.001 -16"><span class='ocrx_word' id='word_1_915' title='bbox 1626 3259 1680 3303; x_wconf 91' lang='lat' dir='ltr'><strong>D.</strong></span> <span class='ocrx_word' id='word_1_916' title='bbox 1713 3271 1785 3303; x_wconf 74' lang='lat' dir='ltr'><strong>XV</strong></span> <span class='ocrx_word' id='word_1_917' title='bbox 1826 3259 1869 3302; x_wconf 83' lang='lat' dir='ltr'><strong>lc.</strong></span> <span class='ocrx_word' id='word_1_918' title='bbox 1912 3258 2009 3319; x_wconf 57' lang='lat' dir='ltr'><strong>lut„</strong></span> <span class='ocrx_word' id='word_1_919' title='bbox 2041 3259 2432 3318; x_wconf 87' lang='lat' dir='ltr'><strong>Constantinopoli</strong></span> <span class='ocrx_word' id='word_1_920' title='bbox 2473 3261 2639 3317; x_wconf 82' lang='lat' dir='ltr'><strong>Optato</strong></span> <span class='ocrx_word' id='word_1_921' title='bbox 2688 3266 2733 3304; x_wconf 90' lang='lat' dir='ltr'><strong>et</strong></span> <span class='ocrx_word' id='word_1_922' title='bbox 2767 3259 2962 3304; x_wconf 85' lang='lat' dir='ltr'><strong>Paulino</strong></span> 
     </span>
     <span class='ocr_line' id='line_1_131' title="bbox 1627 3319 2962 3369; baseline 0.001 -11"><span class='ocrx_word' id='word_1_923' title='bbox 1627 3329 1770 3359; x_wconf 86' lang='lat' dir='ltr'><strong>conss.</strong></span> <span class='ocrx_word' id='word_1_924' title='bbox 2776 3320 2832 3369; x_wconf 83' lang='lat' dir='ltr'><strong>[a.</strong></span> <span class='ocrx_word' id='word_1_925' title='bbox 2865 3319 2962 3369; x_wconf 87' lang='grc'>334]</span> 
     </span>
    </p>
   </div>
   <div class='ocr_carea' id='block_1_16' title="bbox 1793 3455 2784 3579">
    <p class='ocr_par' dir='ltr' id='par_1_24' title="bbox 1793 3455 2784 3579">
     <span class='ocr_line' id='line_1_132' title="bbox 2222 3455 2364 3506; baseline 0 -1"><span class='ocrx_word' id='word_1_926' title='bbox 2222 3455 2364 3506; x_wconf 83' lang='lat' dir='ltr'><strong>XV.¹⁹</strong></span> 
     </span>
     <span class='ocr_line' id='line_1_133' title="bbox 1793 3537 2784 3579; baseline 0.001 -3"><span class='ocrx_word' id='word_1_927' title='bbox 1793 3537 1891 3577; x_wconf 85' lang='lat' dir='ltr'><strong>UBI</strong></span> <span class='ocrx_word' id='word_1_928' title='bbox 1921 3537 1997 3578; x_wconf 84' lang='lat' dir='ltr'><strong>DE</strong></span> <span class='ocrx_word' id='word_1_929' title='bbox 2029 3537 2361 3579; x_wconf 80' lang='lat' dir='ltr'>CRIMINIBUS</span> <span class='ocrx_word' id='word_1_930' title='bbox 2391 3537 2488 3578; x_wconf 81' lang='lat' dir='ltr'><strong>AGI</strong></span> <span class='ocrx_word' id='word_1_931' title='bbox 2519 3538 2784 3579; x_wconf 77' lang='lat' dir='ltr'><strong>OPORTET.</strong></span> 
     </span>
    </p>
   </div>
   <div class='ocr_carea' id='block_1_17' title="bbox 1626 3616 2964 4118">
    <p class='ocr_par' dir='ltr' id='par_1_25' title="bbox 1626 3616 2964 3949">
     <span class='ocr_line' id='line_1_134' title="bbox 1685 3616 2959 3676; baseline 0 -12"><span class='ocrx_word' id='word_1_932' title='bbox 1685 3617 1708 3664; x_wconf 91' lang='lat'>1</span> <span class='ocrx_word' id='word_1_933' title='bbox 1760 3616 1906 3676; x_wconf 89' lang='lat' dir='ltr'><strong>Impp.</strong></span> <span class='ocrx_word' id='word_1_934' title='bbox 1954 3617 2143 3663; x_wconf 85' lang='lat' dir='ltr'><strong>Severus</strong></span> <span class='ocrx_word' id='word_1_935' title='bbox 2195 3623 2240 3662; x_wconf 91' lang='lat' dir='ltr'><strong>et</strong></span> <span class='ocrx_word' id='word_1_936' title='bbox 2279 3619 2533 3662; x_wconf 86' lang='lat' dir='ltr'><strong>Antoninus</strong></span> <span class='ocrx_word' id='word_1_937' title='bbox 2582 3619 2675 3663; x_wconf 91' lang='lat' dir='ltr'><strong>AA.</strong></span> <span class='ocrx_word' id='word_1_938' title='bbox 2721 3619 2959 3664; x_wconf 87' lang='lat' dir='ltr'><strong>Laurinae.</strong></span> 
     </span>
     <span class='ocr_line' id='line_1_135' title="bbox 1627 3674 2963 3729; baseline 0.002 -13"><span class='ocrx_word' id='word_1_939' title='bbox 1627 3674 1917 3728; x_wconf 81' lang='lat' dir='ltr'><strong>Quaestiones</strong></span> <span class='ocrx_word' id='word_1_940' title='bbox 1948 3686 2097 3717; x_wconf 88' lang='lat' dir='ltr'><strong>eorum</strong></span> <span class='ocrx_word' id='word_1_941' title='bbox 2128 3674 2368 3727; x_wconf 90' lang='lat' dir='ltr'><strong>criminum,</strong></span> <span class='ocrx_word' id='word_1_942' title='bbox 2400 3686 2512 3729; x_wconf 89' lang='lat' dir='ltr'><strong>quae</strong></span> <span class='ocrx_word' id='word_1_943' title='bbox 2536 3674 2706 3728; x_wconf 90' lang='lat' dir='ltr'><strong>legibus</strong></span> <span class='ocrx_word' id='word_1_944' title='bbox 2730 3677 2809 3719; x_wconf 87' lang='lat' dir='ltr'><strong>aut</strong></span> <span class='ocrx_word' id='word_1_945' title='bbox 2838 3679 2963 3719; x_wconf 83' lang='lat' dir='ltr'><strong>extra</strong></span> 
     </span>
     <span class='ocr_line' id='line_1_136' title="bbox 1628 3730 2963 3780; baseline 0.001 -7"><span class='ocrx_word' id='word_1_946' title='bbox 1628 3730 1825 3773; x_wconf 83' lang='lat' dir='ltr'><strong>ordinem</strong></span> <span class='ocrx_word' id='word_1_947' title='bbox 1869 3735 2148 3780; x_wconf 90' lang='lat' dir='ltr'><strong>coercentur,</strong></span> <span class='ocrx_word' id='word_1_948' title='bbox 2202 3730 2277 3772; x_wconf 92' lang='lat' dir='ltr'><strong>ubi</strong></span> <span class='ocrx_word' id='word_1_949' title='bbox 2320 3730 2553 3773; x_wconf 90' lang='lat' dir='ltr'><strong>commissa</strong></span> <span class='ocrx_word' id='word_1_950' title='bbox 2595 3731 2663 3774; x_wconf 89' lang='lat' dir='ltr'><strong>vel</strong></span> <span class='ocrx_word' id='word_1_951' title='bbox 2706 3731 2914 3775; x_wconf 85' lang='lat' dir='ltr'><strong>inchoata</strong></span> <span class='ocrx_word' id='word_1_952' title='bbox 2925 3733 2963 3758; x_wconf 79' lang='lat'><strong>2⁰</strong></span> 
     </span>
     <span class='ocr_line' id='line_1_137' title="bbox 1627 3783 2964 3842; baseline 0.001 -13"><span class='ocrx_word' id='word_1_953' title='bbox 1627 3788 1732 3829; x_wconf 86' lang='lat' dir='ltr'><strong>sunt</strong></span> <span class='ocrx_word' id='word_1_954' title='bbox 1771 3783 1839 3828; x_wconf 85' lang='lat' dir='ltr'><strong>vel</strong></span> <span class='ocrx_word' id='word_1_955' title='bbox 1882 3784 1960 3827; x_wconf 91' lang='lat' dir='ltr'><strong>ubi</strong></span> <span class='ocrx_word' id='word_1_956' title='bbox 2002 3785 2285 3840; x_wconf 90' lang='lat' dir='ltr'><strong>reperiuntur</strong></span> <span class='ocrx_word' id='word_1_957' title='bbox 2323 3785 2396 3840; x_wconf 93' lang='lat' dir='ltr'><strong>qui</strong></span> <span class='ocrx_word' id='word_1_958' title='bbox 2437 3785 2500 3828; x_wconf 90' lang='lat' dir='ltr'><strong>rei</strong></span> <span class='ocrx_word' id='word_1_959' title='bbox 2538 3798 2635 3829; x_wconf 90' lang='lat' dir='ltr'><strong>esse</strong></span> <span class='ocrx_word' id='word_1_960' title='bbox 2678 3786 2964 3842; x_wconf 88' lang='lat' dir='ltr'><strong>perhibentur</strong></span> 
     </span>
     <span class='ocr_line' id='line_1_138' title="bbox 1628 3839 2964 3894; baseline 0 -10"><span class='ocrx_word' id='word_1_961' title='bbox 1628 3840 1844 3891; x_wconf 89' lang='lat' dir='ltr'><strong>criminis,</strong></span> <span class='ocrx_word' id='word_1_962' title='bbox 1883 3839 2040 3894; x_wconf 89' lang='lat' dir='ltr'><strong>perfici</strong></span> <span class='ocrx_word' id='word_1_963' title='bbox 2078 3841 2236 3884; x_wconf 90' lang='lat' dir='ltr'><strong>debere</strong></span> <span class='ocrx_word' id='word_1_964' title='bbox 2274 3841 2381 3884; x_wconf 88' lang='lat' dir='ltr'><strong>satis</strong></span> <span class='ocrx_word' id='word_1_965' title='bbox 2420 3847 2571 3884; x_wconf 87' lang='lat' dir='ltr'><strong>notum</strong></span> <span class='ocrx_word' id='word_1_966' title='bbox 2611 3846 2691 3885; x_wconf 89' lang='lat' dir='ltr'><strong>est.</strong></span> <span class='ocrx_word' id='word_1_967' title='bbox 2748 3840 2841 3885; x_wconf 87' lang='grc' dir='ltr'><strong>ΡΡ.</strong></span> <span class='ocrx_word' id='word_1_968' title='bbox 2874 3853 2964 3884; x_wconf 84' lang='lat'><em>1111</em></span> 
     </span>
     <span class='ocr_line' id='line_1_139' title="bbox 1626 3894 2954 3949; baseline 0.002 -11"><span class='ocrx_word' id='word_1_969' title='bbox 1626 3910 1730 3939; x_wconf 91' lang='lat' dir='ltr'><strong>non.</strong></span> <span class='ocrx_word' id='word_1_970' title='bbox 1764 3894 1854 3939; x_wconf 81' lang='lat' dir='ltr'><strong>Oct.</strong></span> <span class='ocrx_word' id='word_1_971' title='bbox 1886 3894 2064 3939; x_wconf 79' lang='lat' dir='ltr'><strong>Dextro</strong></span> <span class='ocrx_word' id='word_1_972' title='bbox 2097 3907 2143 3938; x_wconf 83' lang='lat' dir='ltr'><strong>II</strong></span> <span class='ocrx_word' id='word_1_973' title='bbox 2169 3902 2213 3939; x_wconf 88' lang='lat' dir='ltr'><strong>et</strong></span> <span class='ocrx_word' id='word_1_974' title='bbox 2241 3895 2399 3939; x_wconf 80' lang='lat' dir='ltr'><strong>Prisco</strong></span> <span class='ocrx_word' id='word_1_975' title='bbox 2424 3910 2572 3940; x_wconf 75' lang='lat' dir='ltr'><strong>conss.</strong></span> <span class='ocrx_word' id='word_1_976' title='bbox 2771 3901 2827 3949; x_wconf 93' lang='lat' dir='ltr'><strong>[a.</strong></span> <span class='ocrx_word' id='word_1_977' title='bbox 2862 3899 2954 3948; x_wconf 81' lang='lat'>196]</span> 
     </span>
    </p>

    <p class='ocr_par' dir='ltr' id='par_1_26' title="bbox 1626 3949 2959 4118">
     <span class='ocr_line' id='line_1_140' title="bbox 1685 3949 2959 3996; baseline -0.001 0"><span class='ocrx_word' id='word_1_978' title='bbox 1685 3949 1716 3996; x_wconf 87' lang='lat'><strong>2</strong></span> <span class='ocrx_word' id='word_1_979' title='bbox 1747 3949 1920 3993; x_wconf 82' lang='lat' dir='ltr'><strong>Idem²¹</strong></span> <span class='ocrx_word' id='word_1_980' title='bbox 1956 3951 2048 3994; x_wconf 89' lang='lat' dir='ltr'><strong>AA.</strong></span> <span class='ocrx_word' id='word_1_981' title='bbox 2090 3956 2133 3995; x_wconf 87' lang='lat' dir='ltr'><strong>et</strong></span> <span class='ocrx_word' id='word_1_982' title='bbox 2164 3950 2240 3995; x_wconf 90' lang='lat' dir='ltr'><strong>CC.</strong></span> <span class='ocrx_word' id='word_1_983' title='bbox 2274 3951 2426 3995; x_wconf 83' lang='lat' dir='ltr'><strong>Nicae.</strong></span> <span class='ocrx_word' id='word_1_984' title='bbox 2496 3951 2647 3995; x_wconf 87' lang='lat' dir='ltr'><strong>Sciens</strong></span> <span class='ocrx_word' id='word_1_985' title='bbox 2675 3952 2860 3996; x_wconf 91' lang='lat' dir='ltr'><strong>liberum</strong></span> <span class='ocrx_word' id='word_1_986' title='bbox 2888 3964 2959 3995; x_wconf 88' lang='lat' dir='ltr'><strong>ve-</strong></span> 
     </span>
     <span class='ocr_line' id='line_1_141' title="bbox 1626 4005 2959 4061; baseline 0 -11"><span class='ocrx_word' id='word_1_987' title='bbox 1626 4005 1876 4050; x_wconf 87' lang='lat' dir='ltr'><strong>numdando</strong></span> <span class='ocrx_word' id='word_1_988' title='bbox 1917 4006 2050 4061; x_wconf 89' lang='lat' dir='ltr'><strong>plagii</strong></span> <span class='ocrx_word' id='word_1_989' title='bbox 2090 4006 2253 4050; x_wconf 91' lang='lat' dir='ltr'><strong>crimen</strong></span> <span class='ocrx_word' id='word_1_990' title='bbox 2293 4007 2540 4051; x_wconf 90' lang='lat' dir='ltr'><strong>committit.</strong></span> <span class='ocrx_word' id='word_1_991' title='bbox 2606 4008 2663 4051; x_wconf 90' lang='lat' dir='ltr'><strong>ab</strong></span> <span class='ocrx_word' id='word_1_992' title='bbox 2708 4019 2759 4051; x_wconf 90' lang='lat' dir='ltr'><strong>eo</strong></span> <span class='ocrx_word' id='word_1_993' title='bbox 2798 4006 2861 4050; x_wconf 90' lang='lat' dir='ltr'><strong>ita</strong></span> <span class='ocrx_word' id='word_1_994' title='bbox 2892 4019 2959 4060; x_wconf 89' lang='lat' dir='ltr'><strong>ue,</strong></span> 
     </span>
     <span class='ocr_line' id='line_1_142' title="bbox 1628 4061 2959 4118; baseline -0.001 -13"><span class='ocrx_word' id='word_1_995' title='bbox 1628 4062 1702 4118; x_wconf 92' lang='lat' dir='ltr'><strong>qui</strong></span> <span class='ocrx_word' id='word_1_996' title='bbox 1732 4073 1865 4116; x_wconf 88' lang='lat' dir='ltr'><strong>super</strong></span> <span class='ocrx_word' id='word_1_997' title='bbox 1893 4061 1978 4104; x_wconf 93' lang='lat' dir='ltr'><strong>hoc</strong></span> <span class='ocrx_word' id='word_1_998' title='bbox 2009 4062 2130 4117; x_wconf 89' lang='lat' dir='ltr'><strong>queri</strong></span> <span class='ocrx_word' id='word_1_999' title='bbox 2158 4066 2319 4118; x_wconf 89' lang='lat' dir='ltr'><strong>potest,</strong></span> <span class='ocrx_word' id='word_1_1000' title='bbox 2359 4063 2504 4106; x_wconf 89' lang='lat' dir='ltr'><strong>aditus</strong></span> <span class='ocrx_word' id='word_1_1001' title='bbox 2535 4066 2786 4118; x_wconf 88' lang='lat' dir='ltr'><strong>competens</strong></span> <span class='ocrx_word' id='word_1_1002' title='bbox 2815 4063 2861 4105; x_wconf 93' lang='lat' dir='ltr'><strong>iu</strong></span> <span class='ocrx_word' id='word_1_1003' title='bbox 2893 4074 2959 4115; x_wconf 88' lang='lat' dir='ltr'><strong>ex,</strong></span> 
     </span>
    </p>
   </div>
   <div class='ocr_carea' id='block_1_18' title="bbox 2683 4156 2954 4161">
    <p class='ocr_par' dir='ltr' id='par_1_27' title="bbox 2683 4156 2954 4161">
     <span class='ocr_line' id='line_1_143' title="bbox 2683 4156 2954 4161; baseline 0 0"><span class='ocrx_word' id='word_1_1004' title='bbox 2683 4156 2954 4161; x_wconf 95' lang='lat' dir='ltr'><strong> </strong></span> 
     </span>
    </p>
   </div>
   <div class='ocr_carea' id='block_1_19' title="bbox 1625 4199 2965 4584">
    <p class='ocr_par' dir='ltr' id='par_1_28' title="bbox 1625 4199 2965 4584">
     <span class='ocr_line' id='line_1_144' title="bbox 1625 4199 2959 4255; baseline -0.001 -11"><span class='ocrx_word' id='word_1_1005' title='bbox 1625 4215 1734 4244; x_wconf 59' lang='lat' dir='ltr'><strong>maes</strong></span> <span class='ocrx_word' id='word_1_1006' title='bbox 1753 4200 1806 4241; x_wconf 79' lang='lat' dir='ltr'><strong>Ca</strong></span> <span class='ocrx_word' id='word_1_1007' title='bbox 1892 4204 1962 4249; x_wconf 80' lang='grc'>(12)</span> <span class='ocrx_word' id='word_1_1008' title='bbox 1978 4203 2037 4242; x_wconf 74' lang='lat' dir='ltr'><strong>sic</strong></span> <span class='ocrx_word' id='word_1_1009' title='bbox 2051 4199 2135 4249; x_wconf 75' lang='lat' dir='ltr'><strong>M²&gt;,</strong></span> <span class='ocrx_word' id='word_1_1010' title='bbox 2161 4204 2327 4255; x_wconf 87' lang='lat' dir='ltr'><strong>propter</strong></span> <span class='ocrx_word' id='word_1_1011' title='bbox 2357 4202 2580 4243; x_wconf 75' lang='lat' dir='ltr'><strong>FPCRM⁰</strong></span> <span class='ocrx_word' id='word_1_1012' title='bbox 2664 4202 2736 4252; x_wconf 86' lang='lat'>(13)</span> <span class='ocrx_word' id='word_1_1013' title='bbox 2760 4200 2862 4253; x_wconf 83' lang='lat' dir='ltr'><strong>legis</strong></span> <span class='ocrx_word' id='word_1_1014' title='bbox 2883 4217 2959 4242; x_wconf 78' lang='lat' dir='ltr'><strong>scr.</strong></span> 
     </span>
     <span class='ocr_line' id='line_1_145' title="bbox 1628 4255 2958 4309; baseline 0.001 -11"><span class='ocrx_word' id='word_1_1015' title='bbox 1628 4259 1702 4309; x_wconf 80' lang='lat'>(14)</span> <span class='ocrx_word' id='word_1_1016' title='bbox 1730 4255 1795 4297; x_wconf 83' lang='lat' dir='ltr'><strong>vel</strong></span> <span class='ocrx_word' id='word_1_1017' title='bbox 1825 4257 1906 4306; x_wconf 85' lang='lat' dir='ltr'><strong>SF,</strong></span> <span class='ocrx_word' id='word_1_1018' title='bbox 1938 4261 1978 4297; x_wconf 84' lang='lat' dir='ltr'><strong>et</strong></span> <span class='ocrx_word' id='word_1_1019' title='bbox 2010 4257 2123 4299; x_wconf 82' lang='lat' dir='ltr'><strong>PCR.</strong></span> <span class='ocrx_word' id='word_1_1020' title='bbox 2235 4261 2304 4309; x_wconf 77' lang='lat'><strong>(15)</strong></span> <span class='ocrx_word' id='word_1_1021' title='bbox 2336 4278 2390 4293; x_wconf 88' lang='lat'><strong>=</strong></span> <span class='ocrx_word' id='word_1_1022' title='bbox 2424 4258 2495 4298; x_wconf 72' lang='lat' dir='ltr'><strong>Th.</strong></span> <span class='ocrx_word' id='word_1_1023' title='bbox 2530 4259 2564 4305; x_wconf 88' lang='lat'><strong>1,</strong></span> <span class='ocrx_word' id='word_1_1024' title='bbox 2595 4265 2652 4307; x_wconf 82' lang='lat'><strong>22,</strong></span> <span class='ocrx_word' id='word_1_1025' title='bbox 2683 4266 2703 4297; x_wconf 83' lang='lat'><strong>2</strong></span> <span class='ocrx_word' id='word_1_1026' title='bbox 2736 4257 2836 4308; x_wconf 85' lang='lat' dir='ltr'><strong>B7,</strong></span> <span class='ocrx_word' id='word_1_1027' title='bbox 2858 4265 2892 4307; x_wconf 79' lang='lat'><strong>3,</strong></span> <span class='ocrx_word' id='word_1_1028' title='bbox 2916 4265 2958 4299; x_wconf 80' lang='lat'><strong>3¹1</strong></span> 
     </span>
     <span class='ocr_line' id='line_1_146' title="bbox 1627 4309 2960 4363; baseline 0 -10"><span class='ocrx_word' id='word_1_1029' title='bbox 1627 4314 1702 4363; x_wconf 86' lang='grc'>(16)</span> <span class='ocrx_word' id='word_1_1030' title='bbox 1730 4311 1874 4352; x_wconf 78' lang='lat' dir='ltr'><strong>viduas</strong></span> <span class='ocrx_word' id='word_1_1031' title='bbox 1890 4313 1991 4353; x_wconf 79' lang='lat' dir='ltr'><strong>PR⁰</strong></span> <span class='ocrx_word' id='word_1_1032' title='bbox 2008 4313 2094 4363; x_wconf 67' lang='lat' dir='ltr'><strong>Th„</strong></span> <span class='ocrx_word' id='word_1_1033' title='bbox 2124 4313 2188 4353; x_wconf 82' lang='lat' dir='ltr'><strong>vel</strong></span> <span class='ocrx_word' id='word_1_1034' title='bbox 2204 4313 2346 4353; x_wconf 82' lang='lat' dir='ltr'><strong>viduas</strong></span> <span class='ocrx_word' id='word_1_1035' title='bbox 2363 4309 2506 4363; x_wconf 69' lang='lat' dir='ltr'><strong>FCR0,</strong></span> <span class='ocrx_word' id='word_1_1036' title='bbox 2534 4311 2725 4352; x_wconf 81' lang='lat' dir='ltr'><strong>viduasve</strong></span> <span class='ocrx_word' id='word_1_1037' title='bbox 2743 4311 2960 4353; x_wconf 74' lang='lat' dir='ltr'><strong>Mommsen</strong></span> 
     </span>
     <span class='ocr_line' id='line_1_147' title="bbox 1629 4365 2965 4421; baseline -0.001 -13"><span class='ocrx_word' id='word_1_1038' title='bbox 1629 4368 1703 4421; x_wconf 80' lang='lat'>(17)</span> <span class='ocrx_word' id='word_1_1039' title='bbox 1733 4367 1897 4407; x_wconf 87' lang='lat' dir='ltr'><strong>diutino</strong></span> <span class='ocrx_word' id='word_1_1040' title='bbox 1936 4383 2008 4408; x_wconf 89' lang='lat' dir='ltr'><strong>om.</strong></span> <span class='ocrx_word' id='word_1_1041' title='bbox 2045 4368 2116 4408; x_wconf 82' lang='grc' dir='ltr'><strong>ΤΙι.</strong></span> <span class='ocrx_word' id='word_1_1042' title='bbox 2286 4368 2363 4420; x_wconf 81' lang='lat' dir='ltr'><strong>(is)</strong></span> <span class='ocrx_word' id='word_1_1043' title='bbox 2392 4380 2454 4407; x_wconf 82' lang='lat' dir='ltr'><strong>xv</strong></span> <span class='ocrx_word' id='word_1_1044' title='bbox 2498 4365 2585 4416; x_wconf 61' lang='lat' dir='ltr'><strong>Th„</strong></span> <span class='ocrx_word' id='word_1_1045' title='bbox 2625 4381 2697 4407; x_wconf 89' lang='lat' dir='ltr'><strong>om.</strong></span> <span class='ocrx_word' id='word_1_1046' title='bbox 2729 4367 2773 4407; x_wconf 76' lang='lat' dir='ltr'><em>F</em></span> <span class='ocrx_word' id='word_1_1047' title='bbox 2791 4366 2892 4407; x_wconf 81' lang='lat' dir='ltr'><strong>Hal.</strong></span> <span class='ocrx_word' id='word_1_1048' title='bbox 2923 4366 2965 4407; x_wconf 94' lang='lat' dir='ltr'><em>P</em></span> 
     </span>
     <span class='ocr_line' id='line_1_148' title="bbox 1628 4420 2960 4475; baseline 0 -13"><span class='ocrx_word' id='word_1_1049' title='bbox 1628 4424 1703 4474; x_wconf 82' lang='grc'>(19)</span> <span class='ocrx_word' id='word_1_1050' title='bbox 1739 4423 1778 4462; x_wconf 89' lang='grc' dir='ltr'><em>Β</em></span> <span class='ocrx_word' id='word_1_1051' title='bbox 1809 4425 1848 4474; x_wconf 83' lang='lat'><strong>7,</strong></span> <span class='ocrx_word' id='word_1_1052' title='bbox 1865 4433 1900 4473; x_wconf 83' lang='lat'><strong>5,</strong></span> <span class='ocrx_word' id='word_1_1053' title='bbox 1917 4431 1974 4463; x_wconf 75' lang='lat' dir='ltr'><strong>&#39;1ss-</strong></span> <span class='ocrx_word' id='word_1_1054' title='bbox 1992 4431 2034 4463; x_wconf 79' lang='grc' dir='ltr'><strong>’Π</strong></span> <span class='ocrx_word' id='word_1_1055' title='bbox 2119 4423 2201 4475; x_wconf 85' lang='grc' dir='ltr'>(2ο)</span> <span class='ocrx_word' id='word_1_1056' title='bbox 2229 4425 2289 4464; x_wconf 75' lang='lat' dir='ltr'><strong>sic</strong></span> <span class='ocrx_word' id='word_1_1057' title='bbox 2319 4423 2366 4472; x_wconf 92' lang='lat' dir='ltr'><strong>P,</strong></span> <span class='ocrx_word' id='word_1_1058' title='bbox 2396 4422 2630 4462; x_wconf 85' lang='lat' dir='ltr'><strong>commissae</strong></span> <span class='ocrx_word' id='word_1_1059' title='bbox 2654 4420 2720 4461; x_wconf 78' lang='lat' dir='ltr'><strong>vel</strong></span> <span class='ocrx_word' id='word_1_1060' title='bbox 2745 4421 2960 4462; x_wconf 79' lang='lat' dir='ltr'><strong>inchoatae</strong></span> 
     </span>
     <span class='ocr_line' id='line_1_149' title="bbox 1628 4475 2964 4528; baseline 0 -10"><span class='ocrx_word' id='word_1_1061' title='bbox 1628 4477 1817 4527; x_wconf 67' lang='lat' dir='ltr'><strong>AFolza,</strong></span> <span class='ocrx_word' id='word_1_1062' title='bbox 1848 4478 2058 4517; x_wconf 85' lang='lat' dir='ltr'><strong>commissa</strong></span> <span class='ocrx_word' id='word_1_1063' title='bbox 2080 4478 2145 4518; x_wconf 84' lang='lat' dir='ltr'><strong>vel</strong></span> <span class='ocrx_word' id='word_1_1064' title='bbox 2174 4479 2388 4518; x_wconf 81' lang='lat' dir='ltr'><strong>inchoatae</strong></span> <span class='ocrx_word' id='word_1_1065' title='bbox 2414 4475 2474 4517; x_wconf 73' lang='lat' dir='ltr'><strong>R⁶</strong></span> <span class='ocrx_word' id='word_1_1066' title='bbox 2504 4492 2587 4517; x_wconf 84' lang='lat' dir='ltr'><strong>cum</strong></span> <span class='ocrx_word' id='word_1_1067' title='bbox 2604 4477 2648 4517; x_wconf 91' lang='grc' dir='ltr'><strong><em>Β</em></strong></span> <span class='ocrx_word' id='word_1_1068' title='bbox 2732 4476 2809 4528; x_wconf 78' lang='grc'>(21)</span> <span class='ocrx_word' id='word_1_1069' title='bbox 2838 4477 2964 4519; x_wconf 68' lang='lat' dir='ltr'><strong>scribi·</strong></span> 
     </span>
     <span class='ocr_line' id='line_1_150' title="bbox 1632 4531 2572 4584; baseline -0.002 -11"><span class='ocrx_word' id='word_1_1070' title='bbox 1632 4533 1765 4573; x_wconf 83' lang='lat' dir='ltr'><strong>debuit</strong></span> <span class='ocrx_word' id='word_1_1071' title='bbox 1787 4532 1911 4584; x_wconf 88' lang='lat' dir='ltr'><strong>impp.</strong></span> <span class='ocrx_word' id='word_1_1072' title='bbox 1929 4532 2213 4573; x_wconf 85' lang='lat' dir='ltr'><strong>Diocletianus</strong></span> <span class='ocrx_word' id='word_1_1073' title='bbox 2234 4536 2276 4574; x_wconf 81' lang='lat' dir='ltr'><strong>et</strong></span> <span class='ocrx_word' id='word_1_1074' title='bbox 2299 4531 2572 4573; x_wconf 71' lang='lat' dir='ltr'><strong>Maximianus</strong></span> 
     </span>
    </p>
   </div>
   <div class='ocr_carea' id='block_1_20' title="bbox 3050 0 3152 3402">
    <p class='ocr_par' dir='ltr' id='par_1_29' title="bbox 3050 0 3152 3402">
     <span class='ocr_line' id='line_1_151' title="bbox 3050 0 3152 3402; baseline 0 0"><span class='ocrx_word' id='word_1_1075' title='bbox 3050 0 3152 3402; x_wconf 95' lang='lat' dir='ltr'><strong> </strong></span> 
     </span>
    </p>
   </div>
  </div>
 </body>
</html>
