3086 4732
215 175 305 224 13

218 327 357 379 μέγαν
397 318 511 363 θεὸν
550 318 663 362 κατὰ
699 318 804 360 νοῦν
845 318 1023 369 ἔχοντας
1051 322 1195 374 σέβας,
1233 315 1350 361 ὥστε
1379 320 1426 359 ἐκ
1455 313 1552 375 τρό-

217 393 304 419 που
332 375 502 421 παντὸς
529 379 603 419 καὶ
632 378 679 417 ἐκ
707 370 849 425 πάσης
880 369 986 416 ὁδοῦ
1016 378 1090 416 καὶ
1119 376 1167 417 ἐκ
1195 372 1336 427 πάσης
1363 373 1556 428 μηχανῆς

215 439 240 474 4
299 432 360 474 εἰς
385 433 514 491 ἔργον
538 430 732 490 ἄγεσθαι
754 427 811 471 τὰ
835 424 1027 485 εὐσεβῶς
1042 427 1377 490 διατεταγμένα.
1413 424 1554 487 (Υπὲρ

217 487 264 530 δὲ
291 489 372 530 τοῦ
399 505 427 541 χ
454 486 558 530 όνου
587 483 773 535 παντός,
811 480 867 527 ὃν
905 480 963 527 ἄν
996 481 1273 544 ὑπέρθοιντο
1302 484 1467 543 πρᾶξαι
1496 484 1551 526 τὰ

215 542 421 587 διατυπω
463 547 570 585 έντα
612 541 656 583 οἱ
696 543 990 606 γεγραμμένοι
1031 541 1312 600 κληρονόμοι,
1354 536 1552 583 ἀπαιτεῖ·

218 599 331 640 σθαι
371 596 527 641 αὐτοὺς
565 601 639 638 καὶ
673 610 867 652 καρπους
905 600 980 638 καὶ
1018 596 1261 655 προσόδους
1299 600 1372 638 καὶ
1402 597 1553 639 πᾶσαν

214 653 406 709 νόμιμον
449 650 694 705 ἐπαύξησιν
737 649 825 694 ἀπὸ
867 653 949 695 τοῦ
991 655 1145 711 καιροῦ
1180 656 1256 708 τῆς
1289 654 1370 695 τοῦ
1398 650 1552 694 διαθε-

219 714 347 752 αένου
376 707 577 762 τελευτῆς
605 707 897 763 θεσπίζομεν,
935 705 986 751 οὗ
1018 713 1317 766 σκοπουμένης
1343 709 1420 762 τῆς
1460 720 1552 751 mo-

215 778 286 809 ras
303 768 316 791 ¹
357 761 445 807 ἀπὸ
484 761 824 819 προκατάρξεως
861 760 888 817 ἢ
917 762 1163 818 αἰτιάσεως,
1202 761 1300 807 ἀλλ’
1334 759 1458 818 αὐτῷ
1487 764 1554 817 τῷ

214 820 339 875 νόμῳ
365 818 574 872 δοκούσης
593 818 808 877 γίνεσθαι
830 821 906 874 τῆς
933 818 1200 877 καλουμένης
1228 832 1374 864 moras
1402 817 1555 878 χώραν

215 873 523 931 λαμβανούσης
578 875 655 928 τῆς
709 875 807 917 τῶν
848 877 1038 933 καρπῶν
1081 880 1155 919 καὶ
1199 878 1297 919 τῶν
1334 874 1555 918 τοιούτων

214 939 237 975 5
296 928 567 990 προσθήκης.
625 927 779 973 Αὐτοῦ
816 931 977 974 τούτου
1005 934 1286 991 κρατοῦντος,
1325 932 1364 973 εἰ
1394 935 1469 974 καὶ
1530 929 1556 983 ὴ

213 985 336 1046 παρὰ
363 985 655 1045 κληρονόμου,
696 985 809 1028 ἀλλὰ
837 986 960 1045 παρὰ
991 987 1398 1032 fideicommissariu
1428 984 1453 1040 ἢ
1483 948 1553 1039 λή-

213 1043 455 1101 ναταρίουῖ
482 1040 664 1084 καταλει
704 1043 808 1097 θείη
836 1042 889 1086 τὸ
917 1046 1092 1087 τοιοῦτο
1119 1040 1293 1099 εὐσεβὲς
1317 1047 1556 1100 πρεσβεῖον

212 1102 286 1140 καὶ
320 1099 454 1140 τοῦτο
492 1095 662 1140 καταδέ
685 1114 790 1152 ηται
829 1095 852 1141 ὁ
890 1100 958 1152 τῷ
997 1104 1220 1159 πρεσβείῳ
1250 1116 1345 1142 τετι
1380 1102 1554 1161 ημένος·

213 1158 287 1196 καὶ
328 1154 574 1220 τηνικαῦτα
619 1151 668 1196 δὲ
709 1152 866 1197 ἄδειαν
909 1156 1025 1197 εἶναι
1064 1159 1154 1197 τοῖς
1191 1116 1558 1212 θεοφιλιέστάτοις

213 1209 472 1254 ἐπισκόποις
504 1213 714 1252 ἀπαιτεῖν
741 1209 842 1253 τοὺς
880 1210 1095 1253 τοιούτοις
1125 1215 1218 1252 τισὶ
1246 1213 1557 1276 τετιμημένους

213 1272 238 1311 6
295 1265 463 1325 πρᾶξαι
505 1264 562 1308 τὰ
607 1263 926 1319 διαταχθέντα.
987 1267 1044 1308 Εἰ
1085 1263 1134 1308 δὲ
1171 1267 1483 1323 ῥᾳθυμησαιεν
1515 1264 1559 1307 οἱ

212 1320 324 1364 κατὰ
360 1320 505 1364 τόπον
545 1320 889 1378 θεοφιλέστατοι
929 1324 1166 1365 ἐπίσκοποι
1205 1323 1338 1364 τοῦτο
1377 1321 1556 1379 πρᾶξαι,

213 1379 318 1420 ἴσως
347 1378 762 1436 ἑκθεραπευθέντες
785 1377 908 1436 παρὰ
935 1378 1033 1420 τῶν
1060 1381 1382 1436 γεγραμμένων
1406 1375 1556 1436 κληρο-

213 1433 367 1489 νόμων
397 1429 423 1487 ἢ
450 1435 707 1489 legatart'wv
735 1429 763 1488 ἢ
790 1433 1251 1484 fideicommissaricov,
1281 1430 1409 1475 ἄδεια
1429 1434 1556 1475 ἔσται

213 1494 286 1531 καὶ
309 1491 375 1544 τῷ
397 1488 702 1548 μητροπολίτῃ
725 1491 801 1543 τῆς
815 1491 1029 1547 ἐπαρχίας
1057 1485 1114 1543 ἢ3
1141 1489 1210 1543 τῷ
1226 1487 1557 1548 ἀρχιεπισκόπῳ

211 1548 287 1599 τῆς
331 1549 469 1588 ἐκεῖσε
513 1543 770 1599 διοικήσεως
804 1547 948 1587 ταῦτα
997 1543 1283 1592 μανθάνοντι
1322 1540 1560 1598 ἀναζητεῖν

213 1606 287 1643 καὶ
329 1600 684 1659 καταναγκάζειν
725 1600 778 1644 τὸ
824 1597 999 1656 εὐσεβὲς
1038 1602 1170 1659 ἔργον
1207 1597 1234 1654 ἢ
1275 1599 1358 1655 τὴν
1400 1596 1561 1655 εὐσεβῆ

215 1656 474 1715 φιλοτιμίαν
514 1660 560 1699 ἐκ
588 1655 758 1715 τρόπου
787 1655 1076 1715 πληροῦσθαι
1113 1656 1283 1700 παντὸς
1317 1659 1391 1698 καὶ
1421 1660 1560 1700 παντὶ

214 1715 282 1767 τῷ
317 1712 574 1768 βουλομένῳ
610 1715 707 1755 τῶν
736 1711 938 1755 πολιτῶν
965 1715 1099 1755 τοῦτο
1129 1711 1367 1770 πράττειν·
1409 1713 1560 1754 κοινοῦ

214 1771 298 1827 γὰρ
342 1766 470 1811 ὄντος
513 1770 592 1811 τοῦ
635 1770 712 1822 τῆς
750 1765 974 1823 εὐσεβείας
1012 1767 1142 1827 λόγου
1171 1767 1318 1811 κοινὰς
1346 1767 1560 1827 προσήκει

215 1829 289 1866 καὶ
326 1823 403 1866 τὰς
439 1823 632 1868 σπουδὰς
664 1826 739 1867 τ”ς
766 1823 925 1866 τούτου
954 1822 1237 1867 καθεστάναι
1265 1822 1559 1882 πληρώσεως·

216 1882 391 1933 ἔχοντος
443 1879 612 1923 παντὸς
663 1878 691 1922 ἅ
721 1896 820 1922 ειαν
863 1882 910 1921 ἐκ
953 1878 1084 1922 τοῦδε
1128 1876 1256 1935 ἡμῶν
1299 1883 1380 1922 τοῦ
1423 1878 1560 1934 νόμου

216 1939 354 1978 κινεῖν
383 1934 465 1978 τὸν
494 1949 548 1979 ex
575 1936 670 1992 lege
700 1935 992 1980 condicticion
1021 1940 1095 1978 καὶ
1120 1933 1328 1979 ἀπαιτεῖν
1343 1934 1400 1979 τὰ
1427 1951 1560 1978 κατα-

217 1996 274 2035 6α
331 1990 591 2047 λελειμμένα
621 1990 920 2050 πληροῦσθαι.
980 1989 1167 2034 Εἰδότος
1193 1993 1274 2034 τοῦ
1303 1992 1559 2050 ῥᾳθυμοῦν-

216 2061 290 2089 τος
326 2046 503 2090 τούτων
542 2044 893 2104 θεοφιλεστάτου
930 2046 1199 2099 ἐπισκόπου,
1240 2043 1300 2090 αῖς
1327 2051 1402 2090 καὶ
1432 2044 1562 2090 αὐτὸς

218 2101 327 2162 πρὸς
362 2107 459 2145 ταῖς
492 2103 540 2154 ἐξ
567 2099 757 2161 ούρανοῦ
787 2107 963 2147 ποιναῖς
990 2108 1064 2145 καὶ
1092 2101 1320 2159 βασιλικῆς
1349 2102 1562 2157 κινήσεως

220 2164 242 2203 7
300 2155 412 2217 ὑπὲρ
451 2160 526 2213 τῆς
563 2157 770 2212 τοιαύτης
797 2155 1000 2214 ἀμελείας
1027 2159 1283 2219 πειραθείη.
1332 2155 1483 2203 (Όπως
1512 2154 1557 2201 δ’

216 2211 274 2256 ἂν
317 2216 384 2256 ἔτι
425 2217 598 2270 μείζονι
641 2214 770 2271 φόβῳ
813 2215 1168 2268 κατασχεθέντες
1210 2215 1256 2257 οἱ
1297 2213 1562 2274 κληρονόμοι

216 2271 312 2312 τῶν
340 2269 658 2313 τελευτώντων
686 2269 713 2325 ἢ
740 2269 786 2312 οἱ
809 2274 908 2313 ταῖς
935 2270 1164 2313 τοιαύταις
1191 2267 1305 2314 δ’λως
1336 2268 1562 2329 ἀγαθαῖς4

219 2326 406 2394 πράξεσι
442 2330 741 2383 βεβαρημένοι
775 2324 838 2382 μὴ
874 2323 961 2380 τὴν
990 2325 1167 2368 τούτων
1195 2331 1377 2380 ποίησιν
1406 2324 1560 2369 διανα·

217 2380 478 2436 βαλλοιντο,
521 2386 595 2423 καὶ
625 2384 759 2424 τοῦτο
788 2382 1087 2437 θεσπίζομεν,
1135 2377 1271 2434 ὥστε,
1316 2382 1356 2424 εἰ
1386 2379 1560 2450 ένοχλη·

218 2437 376 2480 θέντες
404 2436 527 2496 παρὰ
554 2440 650 2480 τῶν
679 2435 1050 2494 θεοφιλεστάτων
1088 2436 1352 2481 ἐπισκόπων
1389 2437 1436 2480 οἱ
1460 2453 1559 2480 του·

216 2507 308 2535 τοις
334 2496 615 2549 τετιμημένοι
643 2493 741 2536 εἶτα
770 2490 1154 2548 διαναβάλλοιντο,
1187 2489 1246 2537 ὠς
1265 2496 1341 2536 καὶ
1365 2494 1442 2548 τῆς
1463 2494 1561 2536 τῶν

217 2635 267 2686 1⁵1)
297 2636 355 2675 sic
389 2634 502 2683 Call„
532 2625 612 2674 οὖν
642 2648 770 2675 σκοπ.
800 2650 838 2675 τ.
868 2646 926 2676 m.
958 2628 1036 2675 ούκ
1067 2634 1230 2676 Nomoc.

220 2799 291 2843 dei
329 2798 640 2843 verecundiam
678 2798 893 2852 habeant,
933 2805 985 2843 ut
1013 2799 1134 2843 omni
1161 2798 1310 2852 modo,
1342 2798 1463 2842 omni
1490 2811 1564 2842 ra-

222 2855 365 2906 tione,
421 2854 541 2898 omni
582 2854 780 2898 subsidio
822 2867 939 2911 quae
981 2855 1065 2912 pie
1105 2855 1316 2899 instituta
1357 2858 1466 2898 sunt
1505 2853 1567 2897 ad

220 2914 247 2953 4
303 2910 511 2966 effectum
545 2909 871 2968 perducantur.
945 2909 1040 2955 Pr0
1095 2910 1215 2954 omni
1267 2914 1415 2953 autem
1461 2914 1566 2954 tem-

216 2978 353 3023 pore,
397 2978 486 3022 quo
529 2965 691 3023 scripti
730 2964 915 3009 heredes
987 2980 1074 3011 uae
1115 2966 1228 3010 iussi
1263 2970 1371 3009 sunt
1406 2966 1565 3024 facere

219 3021 574 3079 supersederint,
611 3021 797 3077 fructus
835 3025 881 3065 et
906 2980 1080 3066 reditus
1116 3027 1252 3079 atque
1291 3034 1419 3066 omne
1457 3021 1564 3079 leqi-

222 3077 373 3120 timum
416 3082 702 3134 auqmentum
743 3075 848 3121 inde
885 3091 915 3121 a
960 3082 1104 3122 morte
1147 3078 1376 3123 testatoris
1411 3076 1466 3121 ab
1509 3077 1566 3121 iis

220 3132 346 3189 exiqi
383 3131 608 3185 iubemus,
647 3137 702 3176 ut
736 3146 866 3177 mora
903 3147 995 3177 non
1029 3134 1222 3192 incipiat
1248 3147 1310 3178 ex
1339 3133 1432 3178 litis
1461 3146 1565 3178 con-

222 3188 457 3232 testatione
486 3187 554 3232 vel
594 3188 980 3246 interpellatione,
1022 3189 1116 3243 sed,
1159 3191 1291 3248 quasi
1329 3189 1428 3247 leqe
1464 3189 1566 3248 ipsa

222 3257 338 3301 quae
367 3243 533 3287 dicitur
560 3258 689 3288 mora
708 3245 991 3298 interveniat,
1020 3246 1087 3290 ita
1098 3245 1336 3303 fructuum
1351 3245 1566 3289 aliorum-

221 3305 245 3342 5
305 3313 391 3357 que
428 3299 478 3343 id
514 3313 656 3357 qenus
694 3301 889 3345 accessio
930 3301 1077 3345 locum
1115 3300 1291 3346 habeat.
1350 3299 1566 3359 Idemque

220 3355 384 3408 valeat,
413 3356 455 3399 si
483 3369 576 3400 non
605 3355 660 3399 ab
691 3355 863 3410 herede,
892 3357 973 3401 sed
999 3371 1028 3402 a
1049 3357 1468 3414 fideicommissario
1498 3357 1569 3402 vel

222 3411 444 3469 leqatario
475 3411 692 3456 eiusmodi
714 3412 843 3470 pium
873 3413 1068 3471 leqatum
1096 3413 1300 3458 relictum
1325 3413 1477 3471 fuerit
1511 3413 1565 3457 ii-

222 3482 308 3524 que
338 3467 461 3524 quod
487 3467 573 3511 sibi
600 3467 803 3512 relictum
832 3473 900 3513 est
927 3469 1248 3534 adquisierint:
1275 3483 1381 3514 nam
1409 3474 1455 3514 et
1477 3468 1563 3514 hoc

223 3537 332 3567 casu
369 3523 502 3567 liceat
536 3523 884 3580 reliqiosissimis
929 3526 1154 3590 episcopis
1198 3525 1437 3571 convenire
1486 3539 1565 3570 eos

225 3584 248 3622 6
295 3579 373 3635 qui
401 3579 467 3622 ita
491 3578 705 3638 honorati
723 3585 842 3633 sunt,
872 3586 925 3625 ut
944 3595 1069 3625 iussa
1083 3595 1191 3626 exse
1223 3586 1402 3626 uantur.
1433 3580 1567 3636 Quod

225 3635 263 3677 si
301 3634 629 3692 reliqiosissimi
667 3635 868 3680 locorum
907 3637 1109 3696 episcopi
1146 3596 1220 3681 idq
1228 3639 1387 3695 facere
1414 3652 1471 3682 ne
1504 3638 1564 3683 le-

223 3695 349 3748 qunt,
388 3704 524 3734 corru
560 3691 593 3734 ti
629 3692 832 3748 fortasse
868 3707 897 3736 a
933 3694 1117 3752 scriptis
1146 3693 1379 3738 heredibus
1405 3708 1456 3740 ve
1503 3694 1563 3739 le-

223 3746 417 3803 qatariis
452 3747 488 3802 fi
521 3747 950 3803 eicommissariisve,
990 3754 1080 3794 tam
1148 3750 1374 3795 rovinciae
1401 3755 1564 3795 metro-

218 3802 428 3860 politano
473 3802 542 3847 vel
582 3803 922 3863 archiepiscopo
955 3805 1052 3850 eius
1121 3805 1327 3859 ioecesis,
1371 3806 1445 3851 cui
1480 3805 1566 3850 hoc

225 3863 500 3916 compertum
529 3865 607 3911 est,
646 3860 885 3917 anquirere
914 3866 959 3906 et
985 3861 1182 3926 efficere,
1220 3867 1272 3906 ut
1290 3862 1422 3922 pium
1451 3875 1567 3921 opus

226 3913 293 3958 vel
325 3914 412 3971 pia
455 3914 641 3958 donatio
695 3916 948 3960 omnimodo
993 3917 1254 3981 impleatur,
1308 3932 1444 3976 quam
1493 3919 1567 3962 cui

226 3969 418 4034 voluerit
452 3970 611 4015 civium
646 3970 695 4034 id
726 3972 885 4028 facere
922 3972 1079 4017 licebit.
1153 3988 1250 4017 cum
1280 3974 1396 4018 enim
1415 3974 1565 4033 pieta-

227 4031 284 4068 tis
312 4030 432 4069 ratio
464 4039 706 4070 communis
734 4028 806 4080 sit,
838 4041 1065 4073 commune
1093 4030 1226 4073 etiam
1254 4029 1449 4074 studium
1470 4043 1566 4075 esse

226 4079 366 4134 debet,
409 4087 461 4125 ut
501 4096 556 4126 ea
597 4083 654 4125 im
692 4083 881 4128 leantur.
955 4084 1140 4143 quilibet
1182 4086 1324 4143 iqitur
1365 4099 1428 4131 ex
1481 4085 1565 4130 hac

225 4143 384 4180 nostra
414 4137 511 4194 leqe
540 4151 624 4182 con
656 4139 849 4183 icticiam
878 4154 940 4185 ex
968 4141 1065 4198 leqe
1093 4142 1312 4185 actionem
1331 4141 1565 4186 instituere

226 4197 271 4236 et
313 4207 448 4250 aqere
483 4194 682 4251 poterit,
726 4199 776 4238 ut
817 4209 932 4252 quae
962 4196 1120 4240 relicta
1148 4202 1255 4241 sunt
1279 4197 1562 4256 impleantur.

228 4254 282 4291 Ga
341 4247 469 4293 Sciat
496 4255 642 4297 autem
670 4250 1032 4308 reliqiosissimus
1063 4252 1300 4311 episcopus
1328 4253 1406 4317 qui
1435 4267 1489 4297 ea
1516 4253 1564 4295 in

229 4318 275 4366 re
304 4305 544 4362 neqleqens
569 4306 728 4361 fuerit,
757 4320 804 4350 se
833 4311 877 4351 et
905 4307 1017 4352 caeli
1079 4321 1215 4351 oenas
1252 4314 1296 4353 et
1323 4314 1563 4373 imperato-

231 4373 342 4402 riam
370 4361 722 4417 indiqnationem
743 4366 941 4420 propter
971 4368 1016 4407 ta
1035 4376 1101 4407 em
1131 4364 1455 4422 neqleqentiam
1485 4378 1563 4409 ex—

232 4419 252 4454 7
308 4422 554 4471 pertarum.
618 4415 716 4469 Quo
747 4423 894 4461 autem
923 4419 1094 4463 maiore
1121 4425 1238 4463 metu
1268 4419 1412 4464 territi
1440 4418 1563 4464 here-

234 4468 308 4510 des
346 4471 661 4533 defunctorum
699 4471 768 4517 vel
803 4474 981 4531 omnino
1017 4474 1052 4517 ii
1091 4475 1250 4531 quibus
1285 4475 1394 4519 talia
1425 4489 1562 4534 opera

234 4523 350 4566 bona
386 4528 596 4583 imposita
630 4531 739 4571 sunt
772 4542 825 4572 ea
857 4529 1016 4585 facere
1043 4543 1136 4573 non
1164 4529 1391 4586 differant,
1431 4531 1562 4575 etiam

235 4577 318 4641 hoc
343 4583 602 4643 'sancimuffi
630 4588 684 4627 ut
722 4582 764 4627 si
799 4583 865 4628 ita
904 4586 1079 4630 onerati
1107 4585 1380 4643 interpellati
1408 4600 1438 4631 a
1462 4586 1561 4631 reli-

234 4637 493 4692 qzosasszmis
535 4639 757 4698 episcopis
798 4639 945 4687 adhuc
981 4640 1212 4700 differant,
1255 4646 1307 4687 ut
1345 4641 1412 4689 vel
1440 4641 1565 4702 apud

1543 162 1614 219 32

1366 2634 1422 2686 (2)
1452 2627 1480 2686 ἢ
1509 2632 1602 2690 ληγ.
1633 2649 1706 2675 om.
1740 2634 1907 2676 Nomoc.

2550 171 2642 233 *DE
2678 167 2964 212 1⁴21>1scoms

1640 313 1872 387 ἀρχόντων
1911 315 2178 376 εἰσπράξεως
2207 317 2439 372 δεηθηναι,
2478 317 2722 369 τηνικαῦτα
2750 309 2812 369 μῆ
2838 309 2976 370 μὀνον

1641 371 1799 414 αυτούς
1851 366 2023 414 ἁπλοῦν
2063 371 2117 416 τὸ
2169 372 2568 428 καταλελειμμένον
2609 368 2978 431 εἰσπράττεσθαι,
3047 372 3051 379 ’

1642 432 1697 484 Za
1753 424 1864 469 ἀλλὰ
1893 425 2074 471 πάντως
2101 426 2349 482 διπλάσιον.
2398 429 2455 469 Εἰ
2479 426 2561 485 γὰρ
2587 427 2635 469 ἐν
2658 432 2751 471 τοῖς
2774 423 2980 470 παλαιοῖς

1640 486 1694 537 ἠν
1735 498 1840 525 τινα
1884 483 2088 536 θέματα,
2132 483 2204 542 ἐφ’
2250 484 2316 527 ὠν
2346 485 2393 535 ἐξ
2421 481 2644 540 ἀρνήσεως
2681 480 2896 526 διπλάσια
2925 479 2980 523 τὰ

1640 540 1715 593 τῆς
1743 535 1982 591 καταδίκης
2010 536 2234 599 ἠπείγετο,
2270 542 2366 584 πῶς
2395 536 2444 582 ού
2475 536 2714 580 κάνταῦθα
2742 535 2843 579 τοὺς
2868 532 2982 592 μηδὲ

1641 593 1822 637 ἑκόντας
1859 593 2153 649 ποιήσαντας,
2197 592 2307 639 ἀλλὰ
2348 599 2422 638 καὶ
2465 592 2626 651 χρόνον
2655 590 2983 649 ἀναμείναντας

1641 654 1714 693 καὶ
1755 646 1945 709 ὕστερον
1986 647 2261 704 ὀχληθέντας
2309 650 2432 711 παρὰ
2473 652 2570 692 τῶν
2615 645 2983 706 θεοφιλεστάτων

1642 704 1905 750 ἐπισκόπων
1933 705 2030 748 εἶτα
2047 704 2160 762 μηδὲ
2186 707 2360 751 τούτοις
2387 704 2524 750 εὐθὺς
2553 706 2767 757 εἴξαντας,
2798 701 2982 758 δεηθέν·
3046 708 3052 710 ’

1641 777 1720 805 τας
1762 759 1813 804 δὲ
1854 765 1930 804 καὶ
1972 758 2148 820 ἀρχικῆς
2190 760 2430 817 ὀχλήσεως,
2478 764 2535 820 τῇ
2578 763 2658 804 τοῦ
2701 758 2983 803 διπλασίονος

1643 823 1665 861 8
1715 814 1954 871 ἀπαιτήσει
1977 817 2187 874 προσήκει
2203 819 2590 878 σωφρονίζεσθαι;
2620 817 2676 858 Εἰ
2702 814 2751 858 δέ
2776 815 2821 875 οἱ
2842 813 2983 858 τελευ·

1641 875 1808 917 τῶντες
1849 871 1951 915 τοὺς
1994 873 2168 917 ἑαυτῶν
2197 873 2491 934 κληρονόμους
2527 872 2817 928 βουληθεῖεν,
2856 867 2984 924 ἡνίκα

1640 928 1841 986 μέλλοιεν
1871 927 2093 980 τελευτᾶν,
2124 930 2287 987 πρᾶξίν
2314 947 2420 973 τινα
2449 929 2647 988 πληροῦν
2676 925 2856 983 εὐσεβῆ,
2885 922 2982 968 ἀλλ’

1642 983 1718 1029 ούκ
1748 987 1797 1027 ἐν
1825 986 1882 1044 τῇ
1913 981 2066 1027 αὐτῶν
2088 987 2196 1045 ζωῇ,
2224 989 2298 1028 καὶ
2327 988 2461 1029 τοῦτο
2478 984 2798 1055 φυλάττεσθαι
2826 984 2901 1024 καὶ
2926 979 2986 1038 μὴ

1642 1045 1692 1096 ἐν
1719 1045 1842 1097 μέσῳ
1872 1039 1973 1083 τοὺς
2000 1038 2294 1109 κληρονόμους
2322 1038 2659 1100 ἀναγκαζεσθαι
2687 1037 2905 1099 πράττειν
2927 1053 2987 1088 τι,

1645 1097 1710 1141 ὡν
1739 1095 1763 1139 ό
1793 1095 2061 1152 διαθέμενος
2087 1113 2201 1152 μετα
2228 1096 2274 1140 ‘c‘
2340 1095 2493 1140 αὐτῶν
2521 1095 2729 1151 τελευτὴν
2758 1092 2987 1151 ἠβουλήθη

1642 1153 1877 1212 γενέσθαι,
1915 1150 2217 1195 τελευτῶντας
2283 1155 2305 1194 ἐ
2347 1150 2506 1196 αὐτοὺς
2541 1150 2738 1211 ἀνάγκην
2775 1153 2893 1205 ἔχειν
2941 1152 2988 1191 ἐκ

1642 1207 1811 1269 τρόπου
1854 1207 2023 1251 παντὸς
2064 1210 2209 1252 ταῦτα
2251 1207 2462 1268 πληροῦν.
2521 1205 2742 1264 ἀναβολῆς
2780 1205 2831 1250 δέ
2868 1219 2988 1249 τινος

1644 1264 1765 1325 παρὰ
1787 1266 1883 1307 τῶν
1899 1267 2068 1306 ἐκείνου
2092 1263 2381 1323 κληρονόμων
2395 1267 2630 1323 γενομένης
2653 1261 2822 1322 ἀνάγκη
2844 1262 2990 1306 ταῦτα

1644 1325 1669 1365 9
1727 1322 1962 1379 γίνεσθαι,
1993 1316 2107 1378 ἅπερ
2136 1321 2400 1379 ἔμπροσθεν
2436 1317 2792 1375 διετυπιόσαμεν.
2850 1319 2908 1360 Εἰ
2941 1315 2990 1360 δε

1643 1393 1748 1419 τινα
1776 1378 1872 1419 τῶν
1910 1374 2199 1427 καλουμένων
2235 1371 2464 1418 ἀνναλίων
2495 1380 2766 1432 πρεσβείων
2788 1372 2988 1418 καταλει-

1646 1433 1784 1490 φθειή
1824 1428 1852 1486 ἢ
1890 1430 2122 1491 δωρηθείη
2166 1430 2312 1490 κλήρῳ
2358 1430 2494 1485 τυχὸν
2537 1427 2568 1485 ἢ
2609 1434 2924 1490 μοναστηρίοις
2965 1425 2991 1498 ᾗ

1644 1488 1902 1547 ἀσκητρίαις
1942 1486 1969 1543 ἢ
2007 1486 2313 1531 διακονίσσαις
2351 1484 2378 1542 ἢ
2414 1491 2649 1540 πτωχείοις
2682 1482 2711 1541 ἢ
2744 1486 2936 1546 ξενοῖσιν
2965 1503 2993 1539 η

1644 1549 1943 1601 νοσοκομείοις
1972 1540 1999 1598 ἢ
2026 1548 2388 1611 βρεφοτροφείοις
2416 1540 2444 1598 ἣ
2470 1547 2562 1587 τοῖς
2598 1544 2696 1586 τῶν
2724 1537 2993 1601 ἁγιωτάτων

1646 1599 1894 1654 ἐκκλησιῶν
1910 1604 2102 1653 πτωχοῖς
2130 1597 2157 1654 ἢ
2187 1598 2339 1643 απλιῦς
2367 1598 2620 1655 συστήμασί
2645 1613 2766 1641 τισιν
2787 1595 2993 1657 εὗαγέσιν

1646 1653 1673 1710 ἢ
1701 1653 1815 1699 ὅλως
1843 1654 1922 1699 οὗκ
1951 1653 2321 1715 ἀπηγορευμένοις
2356 1657 2453 1698 τῶν
2483 1658 2530 1697 ἐκ
2569 1653 2770 1709 πλήθους
2808 1649 2992 1714 ἠθροισ-

1645 1715 1810 1767 μένων,
1840 1711 2107 1766 βουληθεῖεν
2137 1710 2186 1754 δὲ
2213 1711 2327 1754 κατά
2356 1727 2461 1754 τινα
2490 1709 2649 1770 καιρὸν
2676 1710 2722 1753 οἱ
2747 1711 2994 1764 τηνικαῦτα

1647 1764 1950 1826 εὑρισκόμενοι
1987 1773 2168 1826 χρυσίον
2205 1763 2316 1826 ὑπὲρ
2345 1768 2420 1821 τῆς
2448 1765 2655 1821 τοιαύτης
2688 1767 2891 1825 πράξεως
2921 1764 2993 1808 λα-

1646 1821 1804 1878 βόντες
1834 1821 2118 1876 διαλύεσθαι,
2156 1822 2217 1879 μὴ
2256 1824 2420 1874 ἐξέστω
2457 1825 2589 1865 τοῦτο
2625 1827 2773 1865 ποιεῖν
2800 1819 2914 1878 μηδὲ
2940 1819 2994 1864 τὸ

1646 1878 1884 1938 γινόμενον
1913 1879 2066 1937 κύριον
2094 1880 2223 1932 εἶναι,
2252 1877 2363 1921 ἀλλὰ
2395 1882 2470 1920 καὶ
2499 1880 2731 1922 ἔκπτωσιν
2759 1879 2856 1921 τῶν
2894 1895 2994 1937 χρη-

1646 1934 1806 1990 μάτων
1845 1930 1869 1978 ὁ
1908 1938 2052 1978 ταῦτα
2093 1933 2374 2004 ὠνησάμενος
2410 1931 2437 1988 ἢ
2477 1932 2796 1989 διαλυσάμενος
2833 1928 2994 1988 ὑπομε-

1654 1995 1701 2034 10
1758 1993 1890 2033 νέτω.
1954 1988 2199 2050 Ἐπείτοιγε
2236 1989 2404 2048 ανάγκη
2440 1994 2530 2032 τοῖς
2563 1991 2648 2045 μὲν
2675 1990 2727 2032 ἔν
2753 2005 2846 2032 τινι
2870 1992 2998 2048 μέρει

1646 2048 1728 2089 τσῦ
1755 2045 1916 2107 χρόνου
1944 2051 2197 2105 γενομένοις
2225 2046 2340 2089 εἶναι
2367 2043 2610 2103 χρημάτων
2628 2041 2876 2102 ἀφθονίαν,
2905 2047 2997 2101 τοῖς

1649 2101 1701 2145 δέ
1739 2118 1790 2161 γε
1832 2105 2160 2162 ἐπιγενομένοις
2202 2099 2402 2155 παντελῆ
2434 2101 2532 2143 τῶν
2581 2099 2997 2168 καταλελειμμένων

1648 2161 1871 2217 στέρησιν,
1909 2154 1958 2202 ού
1990 2156 2328 2227 φυλαχθήσεται
2366 2155 2415 2199 δὲ
2443 2153 2548 2200 οὐδὲ
2576 2153 2686 2200 αὐτὸ
2714 2155 2768 2200 τὸ
2796 2173 2895 2200 των
2920 2153 2996 2199 ἄν·

1647 2212 1821 2256 ναλίων
1871 2213 2016 2270 ὄνομα
2067 2211 2172 2257 ουδὲ
2222 2209 2250 2268 ἡ
2292 2210 2491 2268 διηνεκὴς
2531 2213 2613 2256 τοῦ
2652 2211 2998 2268 τελευτήσαντος

1645 2267 1810 2340 μνήμη,
1855 2267 1916 2312 δι’
1961 2267 2018 2325 ἣν
2058 2274 2134 2313 καὶ
2172 2268 2224 2313 τὸ
2259 2266 2473 2312 ἀννάλιον
2501 2270 2633 2312 τοῦτο
2661 2267 2994 2322 καταλέλοιπεν,

1646 2322 1730 2367 ἀλλ
1779 2322 1917 2369 εὐθὺς
1944 2323 2342 2382 ἀποσβεσθήσεται
2370 2326 2427 2386 τῇ
2454 2326 2552 2368 τῶν
2580 2323 2997 2383 καταλελειμμένων

1652 2385 1698 2424 11
1760 2381 2156 2438 συναπολλύμενον
2191 2380 2428 2436 έκποιήσει.
2497 2384 2668 2425 Μένειν
2707 2385 2862 2424 τοίνυν
2904 2378 2996 2436 διη·

1647 2437 1786 2480 vendis
1815 2433 1973 2481 αὐτοὺς
1997 2441 2277 2506 ἐνεχομένους
2300 2441 2398 2481 ταῖς
2417 2435 2645 2480 τοιαύταις
2665 2433 2819 2481 δόσεσι
2833 2437 2976 2482 θεσπι

1649 2495 1796 2549 ζομεν,
1827 2488 1944 2537 ὥστε
1973 2497 2048 2537 καὶ
2077 2496 2115 2536 εἰ
2143 2508 2211 2537 τις
2238 2496 2412 2553 γένοιτο
2442 2495 2681 2548 έκποίησις,
2716 2496 2792 2536 καὶ
2825 2491 2997 2549 ταύτην

2046 2636 2101 2688 (3)
2134 2638 2213 2676 καί
2239 2637 2314 2677 ins.
2350 2636 2451 2679 Coll.
2580 2636 2637 2689 (4)
2666 2631 2862 2694 ἄγεσθαι
2893 2634 2985 2679 Goll

1640 2797 1881 2856 praesides
1923 2798 2001 2856 aqi
2043 2798 2221 2853 debeat,
2263 2800 2355 2844 iam
2399 2813 2492 2844 non
2528 2799 2674 2844 solum
2711 2801 2760 2844 in
2787 2802 2999 2862 simplum

1649 2853 1774 2910 quod
1813 2853 2018 2898 relictum
2061 2860 2147 2907 est,
2190 2854 2271 2900 sed
2311 2856 2359 2899 in
2395 2854 2582 2914 duplum
2619 2858 2800 2902 omnino
2839 2871 2997 2911 conve-

1651 2913 1707 2952 7a
1763 2909 1962 2953 niantur.
2033 2909 2084 2953 Si
2123 2911 2237 2954 enim
2274 2911 2323 2954 in
2361 2911 2498 2956 veteri
2523 2912 2624 2956 iure
2651 2911 2835 2970 quidam
2864 2927 2997 2960 casus

1650 2969 1796 3018 erant,
1824 2965 1873 3008 in
1903 2964 2066 3023 quibus
2103 2980 2164 3011 ex
2191 2967 2461 3024 infitiatione
2500 2967 2556 3011 lis
2585 2968 2634 3012 in
2663 2968 2850 3027 duplum
2878 2983 2997 3016 cres-

1651 3019 1790 3074 cebat,
1820 3034 1964 3078 quare
1992 3035 2084 3066 non
2113 3027 2159 3067 et
2185 3022 2234 3066 in
2262 3022 2352 3068 hoc
2379 3036 2489 3067 casu
2518 3037 2596 3068 eos
2620 3025 2701 3081 qui
2722 3039 2816 3070 non
2834 3032 2998 3085 sponte

1647 3077 1848 3133 faciant,
1891 3077 1974 3122 sed
1999 3083 2046 3122 et
2075 3083 2247 3137 tempus
2275 3083 2426 3124 terant
2452 3083 2497 3124 et
2521 3086 2691 3138 postea
2719 3079 2940 3126 admoniti
2967 3096 2997 3126 a

1649 3132 2001 3191 reliqiosissimis
2043 3134 2193 3193 episco
2227 3135 2268 3179 is
2311 3134 2470 3180 deinde
2505 3149 2562 3180 ne
2599 3135 2671 3180 his
2699 3136 2876 3194 quidem
2903 3143 2996 3182 sta-

1652 3188 1728 3231 tim
1758 3188 2012 3243 oboediant,
2042 3189 2123 3235 sed
2145 3205 2173 3234 a
2217 3190 2525 3249 praesidalem
2548 3205 2691 3249 usque
2711 3192 2994 3238 exactionem

1652 3247 1674 3286 8
1719 3245 1921 3299 veniant,
1950 3245 2080 3304 dupli
2095 3247 2335 3292 exactione
2349 3246 2570 3304 castiqari
2585 3247 2822 3292 convenit?
2863 3246 2998 3303 Quod

1648 3300 1688 3343 si
1726 3299 1934 3358 defuncti
1967 3300 2153 3346 heredes
2189 3316 2300 3347 suos
2337 3316 2436 3347 cum
2472 3303 2736 3357 morientur>
2759 3302 2871 3362 quid
2891 3305 2998 3363 ficri

1649 3356 1875 3410 iusserint,
1904 3371 1998 3402 non
2027 3357 2132 3402 dum
2161 3358 2332 3412 vivunt,
2381 3364 2426 3404 et
2452 3357 2539 3403 hoc
2568 3358 2827 3411 observetur
2853 3373 2996 3419 neque

1649 3413 1696 3455 in
1733 3412 1878 3457 medio
1922 3418 2120 3473 tempore
2155 3414 2341 3460 heredes
2377 3414 2617 3473 quicquam
2656 3428 2812 3460 eorum
2836 3416 2997 3475 facere

1650 3474 1889 3527 coqantur,
1933 3483 2051 3527 quae
2084 3476 2200 3530 post
2239 3475 2427 3516 mortem
2468 3484 2624 3516 eorum
2664 3476 2854 3516 testator
2889 3473 2996 3529 fieri

1651 3525 1805 3578 votuit,
1847 3525 2007 3570 mortis
2050 3540 2156 3571 vero
2202 3532 2400 3591 tempore
2440 3540 2618 3571 necesse
2658 3526 2724 3571 eis
2763 3527 2827 3571 sit
2854 3527 2994 3572 omni-

1648 3580 1782 3625 modo
1813 3595 1867 3625 ea
1895 3581 2091 3640 implere.
2150 3581 2368 3626 dilatione
2405 3588 2555 3627 autem
2584 3581 2640 3626 ab
2669 3581 2793 3626 illius
2821 3582 2994 3628 heredi·

1650 3637 1731 3681 bus
1799 3642 1903 3682 acta
1945 3651 1998 3681 ea
2035 3638 2142 3694 fieri
2183 3637 2343 3682 debent
2376 3652 2494 3695 quae
2532 3651 2674 3696 supra
2703 3637 2992 3695 definivimus.

1650 3697 1675 3737 9
1770 3692 1788 3736 i
1825 3706 1931 3738 vero
1969 3707 2121 3737 annua
2159 3708 2276 3751 quae
2314 3693 2526 3738 dicuntur
2557 3693 2710 3751 leqata
2738 3693 2898 3739 relicta
2925 3695 2996 3741 vel

1649 3748 1820 3794 donata
1852 3749 2033 3806 fuerint
2065 3749 2185 3794 clero
2221 3750 2350 3807 forte
2387 3749 2456 3795 vel
2492 3749 2778 3794 monasteriis
2815 3749 2886 3795 vel
2920 3764 2992 3796 as-

1649 3804 1800 3850 cetriis
1828 3805 1898 3849 vel
1925 3804 2192 3864 diaconissis
2220 3805 2290 3851 vel
2306 3805 2511 3864 ptochiis
2541 3805 2611 3850 vel
2641 3805 2897 3851 xenonibus
2923 3806 2994 3853 vel

1648 3860 1920 3906 nosocomiis
1960 3861 2031 3907 vel
2071 3861 2437 3920 brephotrophiis
2479 3861 2549 3907 vel
2597 3867 2992 3907 sacrosanctarum

1648 3915 1938 3963 ecclesiarum
1965 3917 2251 3976 pauperibus
2285 3917 2355 3962 vel
2390 3917 2581 3975 denique
2609 3915 2876 3974 quibuslibet
2894 3917 2992 3976 piis

1649 3971 1916 4031 corporibus
1945 3973 2015 4018 vel
2043 3974 2188 4032 plane
2215 3973 2417 4031 colleqiis
2444 3987 2537 4017 non
2557 3971 2818 4032 prohibitis,
2846 3971 2882 4016 ii
2909 3987 2989 4018 aw-

1651 4035 1749 4082 tem,
1779 4028 1859 4086 qui
1888 4034 2010 4073 certo
2039 4035 2236 4087 tempore
2251 4029 2552 4081 inveniuntur,
2576 4027 2714 4073 velint
2726 4041 2842 4072 auro
2855 4028 2992 4074 semel

1641 4097 1734 4143 pro
1773 4097 1827 4128 eo
1863 4090 1969 4129 actu
1997 4091 2182 4143 accepto
2215 4085 2478 4142 transiqere,
2518 4098 2610 4128 non
2639 4083 2774 4128 liceat
2800 4082 2886 4128 hoc
2909 4084 2990 4142 fa·

1649 4153 1747 4184 cere
1774 4153 1931 4197 neque,
1959 4140 2000 4184 si
2026 4141 2202 4198 factum
2228 4141 2302 4194 sit,
2332 4139 2493 4192 valeat,
2525 4153 2676 4184 verum
2698 4138 2831 4183 etiam
2855 4140 2988 4184 amis·-

1646 4196 1816 4240 sionem
1836 4196 2061 4254 pecuniae
2089 4196 2168 4253 qui
2197 4195 2308 4240 haec
2335 4194 2520 4240 redemit
2549 4195 2618 4239 vel
2647 4194 2867 4253 transeqit
2897 4209 2987 4254 pa-

1654 4254 1701 4294 10
1761 4251 1913 4296 tiatur.
1985 4251 2199 4309 Alioquin
2227 4251 2402 4296 eveniat
2440 4264 2618 4295 necesse
2659 4256 2748 4303 est,
2792 4254 2865 4304 ut,
2907 4249 2989 4308 qui

1649 4311 1771 4351 certo
1803 4312 2001 4366 tempore
2027 4307 2075 4350 in
2104 4321 2157 4351 eo
2174 4320 2367 4365 corpore
2379 4312 2498 4359 sunt,
2514 4305 2724 4364 pecuniis
2747 4303 2986 4359 abundent,

1648 4363 1725 4419 qui
1767 4376 1872 4408 vero
1904 4369 2070 4421 postea
2099 4362 2338 4415 accedunt,
2373 4361 2432 4405 iis
2467 4376 2583 4419 quae
2608 4360 2770 4406 relicta
2804 4361 2984 4406 suntin

1650 4423 1790 4462 totum
1828 4424 2033 4471 careant,
2073 4432 2215 4476 neque
2254 4419 2400 4476 ipsum
2438 4429 2691 4461 annuorum
2719 4429 2882 4461 nomen
2909 4429 2985 4461 ne-

1647 4488 1732 4531 que
1793 4479 1980 4533 erpetua
2008 4473 2213 4531 defuncti
2240 4472 2453 4518 memoria
2481 4477 2695 4525 servetur,
2724 4471 2852 4516 cuius
2877 4484 2984 4529 qra-

1649 4530 1712 4574 tia
1782 4543 1836 4574 oc
1870 4543 2068 4574 annuum
2105 4529 2301 4587 reliquit,
2339 4526 2420 4572 sed
2447 4527 2659 4573 extinctis
2685 4527 2743 4571 iis
2770 4539 2887 4585 quae
2914 4540 2985 4572 re-

1651 4589 1697 4630 11
1758 4586 1866 4630 licta
1901 4589 2008 4630 sunt
2044 4585 2195 4630 statim
2230 4582 2519 4629 oblitteretur.
2587 4580 2738 4637 Quare
2757 4586 2983 4641 perpetuo

1645 4654 1723 4689 eos
1753 4642 1916 4689 talibus
1944 4640 2200 4688 dationibus
2229 4638 2452 4698 obliffatos
2479 4652 2658 4685 manere
2685 4636 2895 4692 iubemus,
2931 4640 2985 4685 ut
