3094 4732
194 135 195 138 ¹
209 117 283 159 m:
317 115 537 155 FRUMEN
543 117 614 155 ΤΟ

208 259 232 298 1
287 252 542 298 retinendos
559 266 656 298 esse
684 253 974 299 decernimus.
1024 251 1253 297 ¹Vicarios
1277 253 1382 309 quin
1406 253 1541 299 etiam

205 313 464 365 ceterosque
491 310 682 364 iudices,
710 310 798 354 nisi
826 309 1032 364 deinceps
1063 308 1119 351 ab
1149 311 1437 366 usurpatione
1465 324 1540 354 ur-

205 366 362 411 bicarii
392 366 574 411 canonis
604 366 880 418 abstineant,
910 364 1226 419 deportationis
1254 379 1400 421 poena
1429 366 1540 411 deti-

203 422 313 477 neri,
342 423 554 478 primates
584 421 832 466 officiorum
858 420 1036 476 capitali
1067 422 1285 477 supplicio
1315 423 1542 478 subiugari

204 482 422 536 perpetua
450 478 715 522 auctoritate
743 476 978 522 sancimus.
1046 476 1101 521 D.
1127 477 1249 535 prid.
1280 492 1384 523 non.
1416 477 1540 536 Sept.

203 535 358 580 Altino
391 533 628 579 Theodoro
657 546 720 578 vo.
752 545 871 577 cons.
1350 538 1410 588 [a.
1441 537 1540 587 399]

634 703 824 752 xxnn
862 702 1103 766 (XX111)².

205 788 281 830 DE
304 785 615 829 FRUMENTO
631 785 794 826 URBIS
811 784 1539 828 CONSTANTINOPOLITANAE.

263 868 285 916 1
323 866 488 928 ⁸Impp.
529 866 764 911 Honorius
802 872 847 911 et
876 866 1152 912 Theodosius
1180 869 1271 913 AA.
1308 866 1421 912 Urso
1454 881 1536 925 pu.

205 925 346 979 Nulli,
386 937 443 968 ne
471 923 644 968 divinae
681 922 857 979 quidem
886 924 1034 968 domui
1062 925 1243 968 nostrae
1271 924 1538 968 frumentum

206 983 260 1026 de
285 980 458 1026 horreis
492 979 684 1036 publicis
713 993 795 1035 pro
826 992 1004 1024 annona
1041 980 1219 1035 penitus
1258 980 1537 1036 praebeatur,

203 1037 280 1082 sed
307 1037 479 1092 integer
516 1048 661 1080 canon
699 1036 979 1091 mancipibus
1021 1036 1325 1091 consignetur,
1363 1047 1540 1079 annona

202 1095 248 1138 in
285 1104 401 1150 pane
440 1093 568 1136 cocto
608 1091 809 1135 domibus
839 1092 1099 1136 exhibenda.
1167 1092 1231 1135 ita
1267 1092 1381 1136 enim
1410 1091 1542 1135 debet

203 1159 346 1194 canon
383 1148 440 1192 ab
478 1147 659 1191 inclitae
696 1148 932 1192 memoriae
971 1148 1261 1192 Constantino
1300 1147 1539 1204 praestitus

201 1219 282 1250 nec
310 1217 400 1248 non
429 1215 457 1247 a
487 1203 584 1247 divo
614 1204 794 1259 pietatis
818 1217 942 1248 meae
965 1217 1046 1248 avo
1067 1203 1338 1248 Τ11001103104
1360 1205 1540 1248 auctus⁵

201 1259 410 1318 expendi,
441 1259 648 1315 quoniam
678 1261 838 1304 crescit
865 1260 1039 1316 inopia,
1081 1260 1118 1304 si
1146 1259 1387 1311 frumenta,
1427 1271 1541 1315 quae

202 1330 282 1373 pro
313 1327 490 1360 annona
518 1316 788 1369 tribuuntur,
820 1315 878 1359 ad
906 1329 1014 1360 usus
1050 1316 1161 1360 alios
1192 1315 1436 1372 deputata⁶
1465 1328 1539 1359 co-

199 1377 358 1428 gentur
386 1372 470 1416 sibi
500 1372 554 1415 de
581 1371 762 1427 publico
791 1385 947 1426 emere,
978 1384 1092 1428 quae
1117 1372 1215 1416 aliis
1243 1372 1431 1416 vendere
1458 1384 1540 1427 po-

199 1429 404 1474 tuissent.
470 1427 523 1471 D.
556 1440 594 1470 X
618 1427 662 1471 lc.
693 1429 806 1484 Any.
852 1428 1246 1485 Constantinopoli
1287 1426 1538 1472 Theodosio

199 1487 250 1530 A.
283 1495 356 1528 711
381 1488 426 1529 et
453 1482 665 1527 Palladio
696 1497 840 1527 conss.
1350 1488 1408 1536 [a.
1440 1486 1538 1535 416]

255 1538 288 1586 2
320 1538 485 1599 ⁷Impp.
520 1538 797 1583 Theodosius
825 1545 870 1583 ec
899 1538 1243 1583 Valentinianus
1270 1540 1362 1583 AA.
1395 1537 1540 1583 Leon-

202 1598 263 1642 tio
294 1611 377 1655 pu.
449 1595 560 1638 Auri
603 1597 773 1639 statuta
822 1595 1080 1650 quantitas⁸
1118 1595 1174 1638 ad
1220 1595 1540 1650 coemptionem

200 1652 531 1697 frumentariam
571 1651 630 1694 sit
658 1655 871 1706 perpetuo
904 1649 1130 1704 dedicata,
1169 1662 1252 1694 nec
1281 1651 1416 1694 liceat
1446 1651 1538 1694 cui-

200 1722 331 1764 quam
375 1712 531 1764 postea
585 1706 965 1750 administratione
1012 1706 1262 1748 urbicariae
1305 1706 1539 1761 potestatis

198 1768 409 1820 percepta
448 1761 616 1816 aliquid
654 1774 709 1804 ex
739 1761 923 1805 eadem⁹
951 1772 1122 1805 summa
1158 1762 1356 1804 minuere
1386 1761 1453 1805 vel
1483 1761 1539 1804 ad

198 1830 498 1874 quoscumque
526 1817 636 1860 alios
660 1829 769 1860 usus
786 1820 1061 1860 convertere:
1093 1816 1173 1860 sed
1202 1818 1287 1860 sub
1315 1820 1540 1872 gestorum

195 1873 507 1918 testificatione
538 1875 706 1915 certum
734 1871 828 1924 fiat,
869 1876 914 1915 et
943 1872 1061 1928 quod
1088 1873 1367 1928 mancipibus
1397 1872 1540 1915 mutui

197 1929 373 1974 nomine
400 1928 553 1972 datum
578 1931 648 1971 est
673 1930 717 1970 et
746 1927 863 1981 quod
887 1928 944 1971 ab
966 1927 1105 1972 isdem
1131 1928 1190 1972 sit
1219 1932 1405 1983 excepta
1421 1927 1540 1971 omni

202 1991 215 2029 1
281 1983 574 2029 concussione
611 1982 881 2027 solvendum.
941 1983 1059 2027 Eum
1094 1989 1268 2036 autem,
1307 1984 1385 2040 qui
1422 1983 1539 2027 hanc

196 2042 382 2087 formam
410 2052 545 2084 ausus
573 2038 710 2083 fuerit
736 2039 988 2095 inquinare,
1020 2040 1337 2096 quantitatem,
1374 2040 1422 2083 in
1452 2052 1539 2096 qua

197 2109 323 2143 suam
363 2095 647 2140 calliditatem
689 2095 956 2149 exercuerit,
995 2095 1042 2139 in
1081 2097 1263 2152 duplum
1302 2096 1538 2140 redhibere

196 2153 413 2205 iubemus,
442 2153 488 2195 et
515 2150 726 2206 quidquid
750 2163 805 2195 ex
833 2152 1062 2206 praedicta
1081 2153 1254 2197 ratione
1278 2153 1537 2206 adcreverit,

197 2209 255 2255 ad
285 2207 507 2253 cumulum
545 2205 739 2250 eiusdem
752 2207 787 2234 ¹⁰
823 2207 923 2250 auri
961 2208 1220 2263 quantitatis
1259 2212 1306 2253 et
1342 2208 1538 2252 frumen-

197 2264 304 2309 tarii
338 2263 456 2308 tituli
492 2262 689 2307 fomitem
717 2261 986 2316 redundare,
1025 2265 1131 2319 legis
1162 2278 1220 2308 ue
1247 2264 1382 2310 huius
1411 2268 1538 2309 teno-

196 2334 291 2367 rem
320 2319 470 2366 aeneis
507 2318 674 2362 tabulis
702 2318 851 2362 incidi.
919 2318 975 2363 1).
1016 2331 1046 2363 ν
1069 2320 1111 2364 lc.
1188 2334 1249 2365 ec.
1284 2319 1539 2365 Constanti-

197 2376 356 2436 nopoli
383 2374 640 2420 Areobindo
671 2379 716 2418 et
742 2375 921 2433 Aspare
950 2389 1093 2419 conss.
1349 2380 1406 2429 [a.
1438 2379 1537 2430 434]

654 2545 792 2595 xxv
828 2545 1071 2609 (xxnn).

500 2628 578 2668 DE
610 2627 856 2668 ANNONIS
887 2627 1234 2669 CIVILIBUSss.

256 2711 278 2759 1
320 2709 535 2768 ¹²Imppp.
557 2708 834 2754 Theodosius
847 2709 1071 2754 Arcadius
1093 2714 1138 2753 et
1152 2708 1386 2754 Honorius
1404 2712 1537 2756 ΑΑΑ.

197 2766 397 2812 Proculo
427 2781 509 2824 pu.
587 2768 799 2810 Annonas
839 2766 1042 2821 publicas
1060 2767 1094 2792 ¹³
1133 2779 1223 2810 non
1265 2771 1356 2810 tam
1396 2768 1539 2811 titulis

197 2823 461 2879 dignitatum
485 2836 617 2878 quam
633 2822 905 2877 singulorum
927 2822 1086 2865 viritim
1109 2822 1277 2866 meritis
1300 2824 1539 2867 attributas

204 2886 216 2924 1
281 2878 368 2922 divi
399 2878 681 2923 Constantini
716 2877 982 2922 liberalitate
1012 2881 1084 2922 sat
1113 2878 1284 2921 claruit.
1344 2880 1539 2934 Ideoque

196 2935 307 2980 nihil
345 2947 400 2978 ex
439 2935 509 2979 his
550 2935 806 2978 scholarum
834 2935 1011 2978 nomine
1048 2934 1308 2989 vindicetur,
1351 2936 1428 2979 sed
1457 2950 1537 2991 pro

196 2991 547 3046 uniuscuiusque
576 2990 734 3035 merito
765 3003 879 3046 quae
906 2995 1012 3034 sunt
1051 3001 1264 3033 concessa
1292 2998 1537 3046 serventur,

196 3052 259 3098 ut,
291 3046 555 3102 quicumque
589 3050 900 3102 perceptarum
938 3059 1214 3090 annonarum
1243 3048 1539 3091 emolumenta

196 3103 268 3146 vel
294 3102 341 3144 in
369 3101 556 3145 heredes
585 3103 791 3157 proprios
819 3101 917 3145 iure
942 3102 1170 3157 sanguinis
1200 3103 1540 3147 transfuderunt

198 3157 266 3202 vel
293 3157 342 3200 in
369 3159 604 3200 extraneos
633 3157 933 3201 distractionis
962 3158 1091 3201 titulo
1121 3159 1538 3214 transscripserunt,

199 3217 398 3263 maneat,
440 3214 560 3267 quod
596 3217 768 3267 gestum
796 3218 865 3257 est
891 3214 960 3258 vel
997 3213 1256 3258 hereditatis
1285 3215 1441 3258 merito
1470 3216 1539 3258 vel

199 3268 478 3313 alienationis
507 3268 708 3312 arbitrio.
765 3267 820 3313 D.
860 3281 932 3313 VII
958 3269 1001 3314 lc.
1034 3269 1119 3313 Iul.
1146 3269 1540 3328 Constantinopoli

199 3324 397 3370 Arcadio
425 3324 477 3368 A.
511 3335 558 3367 ΙΙ
581 3329 627 3368 et
655 3323 821 3380 Rufino
852 3338 995 3369 conss.
1349 3330 1405 3377 [a.
1440 3330 1535 3378 392]

255 3378 286 3426 2
318 3378 496 3438 Imppp.
517 3379 792 3423 Theodosius
806 3381 1030 3425 Arcadius
1052 3387 1098 3424 et
1113 3380 1349 3426 Honorius
1362 3381 1540 3425 AAA.¹⁴

201 3436 393 3481 Tatiano
423 3449 507 3493 pp.
575 3435 763 3479 Centum
800 3437 950 3492 viginti
998 3437 1190 3493 quinque
1235 3437 1405 3481 modios
1443 3437 1538 3481 fru-

202 3491 339 3536 menti
368 3494 547 3548 praeter
576 3491 753 3549 solitum
784 3504 996 3536 canonem
1023 3505 1105 3548 per
1132 3492 1200 3536 sin
1229 3493 1326 3537 ulos
1362 3493 1455 3536 dies
1485 3494 1540 3537 de

203 3546 429 3604 praesenti
458 3551 584 3591 sexta
612 3547 852 3592 indictione
875 3561 930 3593 ex
960 3549 1031 3592 die
1058 3548 1190 3591 kalen
1223 3561 1349 3592 arum
1377 3548 1539 3593 Ianua-

203 3604 368 3647 riarum
395 3603 572 3647 nomine
599 3603 976 3658 parapeteumatis
990 3605 1026 3632 ²⁶
1063 3603 1116 3647 de
1146 3604 1317 3649 horreis
1347 3605 1537 3659 publicis

204 3660 335 3703 huius
365 3659 509 3702 almae
538 3659 661 3703 urbis
690 3658 823 3702 insita
852 3664 1031 3704 nostrae
1069 3660 1245 3715 pietatis
1274 3661 1539 3705 liberalitate

205 3715 464 3767 tribuimus,
501 3713 616 3759 datis
666 3714 805 3759 sacris
844 3727 872 3758 a
904 3715 1047 3759 icibus
1086 3715 1145 3759 ad
1181 3715 1538 3760 sublimissimam

206 3783 378 3826 quoque
406 3782 486 3825 per
515 3770 737 3814 Orientem
764 3729 1102 3826 praefecturam,
1134 3772 1294 3827 quibus
1324 3771 1466 3827 possit
1492 3776 1540 3815 et

204 3826 380 3870 modum
410 3831 587 3869 nostrae
616 3826 865 3870 donationis
894 3839 1133 3883 agnoscere
1161 3831 1206 3871 et
1233 3828 1542 3871 incunctanter

201 3971 234 4019 1)
269 3974 288 4017 5
326 3969 342 4009 1
377 3987 432 4002 =
467 3965 546 4007 Th.
581 3969 644 4019 14,
675 3977 728 4018 15,
761 3978 780 4008 6
878 3968 933 4018 (2)
963 3967 1008 4009 B
1039 3970 1105 4018 54,
1138 3976 1181 4009 25
1282 3969 1336 4019 (3)
1367 3988 1418 4002 =
1452 3967 1528 4008 Th.

204 4028 265 4074 14,
296 4033 351 4072 16,
383 4032 402 4064 2
461 4023 516 4073 (4)
544 4022 772 4063 Theodosio
803 4039 874 4063 om.
892 4024 966 4064 Th.
1036 4024 1091 4074 (5)
1124 4023 1301 4075 11,25‚2
1358 4024 1414 4074 (6)
1443 4023 1530 4063 fru-

197 4084 349 4130 mento,
379 4077 490 4129 quod
517 4091 593 4130 pro
629 4090 723 4118 ann.
755 4077 969 4129 tribuitur,
1006 4079 1059 4118 ad
1087 4091 1128 4117 u.
1159 4090 1195 4119 a.
1226 4079 1421 4130 deputato
1455 4079 1529 4118 Th..

199 4139 254 4188 (7)
282 4156 339 4172 =
371 4135 443 4175 Th.
480 4136 541 4181 14,
575 4143 628 4184 16,
659 4143 677 4174 3
803 4136 859 4185 (8)
896 4138 1170 4174 sescentarum
1210 4134 1401 4174 undecim
1439 4134 1531 4174 auri

198 4191 398 4232 librarum
429 4189 637 4241 quantitas
670 4190 740 4231 Th.
838 4191 892 4239 (9)
924 4193 1147 4230 memorata
1177 4189 1250 4231 Th.

199 4251 378 4287 moratae
421 4246 491 4286 ΤΙι.
605 4247 675 4295 (11)
712 4245 853 4284 civicis
894 4245 969 4286 Th.
1004 4248 1074 4294 14,
1105 4254 1143 4286 17

205 4305 266 4353 14,
296 4311 350 4352 17,
379 4310 420 4344 10
506 4301 578 4353 (13)
608 4301 757 4341 civicas
790 4301 863 4342 Th.
950 4302 1023 4351 (14)
1051 4302 1109 4341 sic
1132 4301 1304 4351 Contius,
1333 4301 1431 4353 imp.
1448 4312 1530 4340 arc.

200 4370 236 4397 a.
263 4358 357 4399 libri
379 4358 478 4398 mei:
510 4365 687 4411 expectes
715 4356 823 4396 idem
845 4368 931 4395 aaa.
955 4379 1010 4384 -—-
1045 4356 1259 4397 Theodosii
1281 4358 1384 4397 lzane
1410 4357 1530 4408 leyem

201 4429 283 4455 esse
313 4421 467 4455 constat
496 4429 543 4455 ex
576 4416 713 4463 11,24,
737 4421 754 4453 1
785 4419 820 4452 et
853 4412 925 4452 Th.
960 4413 1170 4463 14,17‚14:
1203 4413 1259 4452 ad
1287 4427 1432 4452 annum
1448 4412 1528 4452 392

201 4470 347 4510 ducunt
373 4470 537 4511 indictio
566 4477 678 4509 sexta
707 4469 761 4519 (u.
793 4467 886 4518 26),
927 4482 1030 4519 quae
1060 4467 1132 4507 lzoc
1161 4481 1264 4508 anno
1296 4468 1464 4519 incepit,
1494 4474 1533 4507 et

202 4525 402 4567 Tucianus
440 4539 535 4579 pp.,
580 4526 649 4566 cui
690 4525 802 4564 initio
847 4523 1076 4563 indictionis
1127 4524 1315 4563 successit
1356 4523 1531 4572 Rufinus

200 4581 275 4633 (15)
303 4580 646 4633 parapeteumatis
662 4581 769 4630 dett„
785 4577 1151 4631 parapeteaumatis
1165 4577 1223 4629 K,
1236 4575 1530 4630 parapu(ri?)-

1346 4192 1420 4240 (10)
1449 4201 1530 4230 me-

1258 4248 1332 4297 (12)
1370 4265 1425 4280 =
1458 4245 1529 4285 Th.

1529 98 1635 158 435

1583 380 1587 387 ’
1626 368 1815 412 valitura
1842 382 1888 412 m
1917 381 2071 413 aevum
2100 369 2185 412 hac
2214 369 2308 424 lege
2337 371 2570 415 sancimus.

2642 107 2720 161 XI
2755 78 2960 160 23—29

1632 258 1651 300 1
1712 255 1927 312 praebere
1956 267 2069 312 quae
2093 255 2316 302 iussimus.
2362 258 2501 313 Quam
2523 259 2832 304 modiationem
2851 258 2961 315 iugi-

1626 315 1695 356 ter
1725 314 1770 356 et
1797 312 1855 378 in,
1871 314 2137 369 perpetuum
2178 313 2345 358 civibus
2376 315 2534 359 nostris
2576 315 2738 360 debere
2771 315 2963 423 fflnfgffi

2097 540 2257 588 XXVI
2296 541 2484 602 (xxv).

1850 620 1925 660 DE
1956 621 2423 662 MENDICANTIBUS
2453 619 2682 661 VALIDIS
2698 618 2744 659 ¹⁸.

1685 697 1707 743 1
1749 698 1855 742 ¹⁷Im
1880 714 1919 758 p
1956 735 1965 744 .
1984 700 2230 745 Gratianus
2255 700 2597 745 Valentinianus
2621 706 2667 745 et
2692 699 2967 746 Theodosius

1624 753 1757 817 ΑΑᾼ.
1800 714 1885 798 af
1935 770 2111 800 everum
2137 770 2221 820 pu.
2301 755 2483 799 Cunctis
2522 756 2726 821 adfatim,
2770 770 2879 812 quos
2918 758 2965 801 in

1624 809 1851 874 pubhcum
1889 814 2117 864 quaestum
2162 813 2382 854 mcerta¹⁸
2424 811 2685 855 mendicltas
2724 813 2902 857 vocabit
2918 813 2964 864 ¹⁹,

1623 868 1835 920 inspect1s
1877 866 2131 920 exploretur
2165 867 2211 908 in
2250 866 2434 920 singulis
2474 873 2519 909 et
2550 867 2778 921 integritas
2809 881 2963 923 corpo·

1623 933 1722 963 rum
1751 924 1796 964 et
1824 921 1963 965 robur
1992 934 2230 972 annorum,
2271 922 2453 977 atque2⁰
2479 921 2697 965 inertibus
2728 929 2771 965 et
2799 923 2967 979 absque

1624 976 1716 1020 ulla
1770 976 1997 1020 debilitate
2042 976 2303 1021 miserandis
2352 977 2593 1022 necessitas
2630 977 2866 1033 inferatur,
2916 982 2967 1022 ut

1625 1045 1776 1076 eorum
1806 1032 1995 1088 quidem,
2028 1046 2139 1087 quos
2172 1035 2294 1076 tenet
2326 1033 2523 1077 condicio
2553 1034 2738 1086 servilis,
2767 1034 2968 1089 proditor

1626 1087 1850 1133 studiosus
1887 1094 1932 1133 et
1970 1089 2155 1145 diligens
2194 1089 2434 1133 dominium
2465 1094 2775 1145 consequatur,
2817 1102 2967 1134 eorum

1625 1157 1744 1197 vero,
1776 1157 1887 1199 quos
1916 1145 2132 1189 natalium
2163 1146 2259 1189 sola
2286 1145 2469 1189 libertas
2507 1151 2816 1202 prosequatur,
2848 1146 2966 1190 colo-

1625 1203 1734 1244 natu
1763 1205 1979 1257 perpetuo
2019 1201 2242 1255 fulciatur,
2275 1201 2474 1257 quisquis
2513 1202 2767 1246 huiusmodi
2805 1202 2966 1245 lenitu-

1626 1256 1771 1300 dinem
1795 1257 2040 1312 prodiderit
2055 1270 2108 1301 ac
2132 1257 2409 1314 probaverit:
2442 1259 2565 1302 salva
2585 1258 2774 1302 dominis
2791 1258 2968 1302 actione

1624 1313 1671 1355 in
1700 1324 1790 1367 eos,
1829 1314 1904 1369 qui
1932 1314 2003 1357 vel
2030 1314 2244 1358 latebram
2273 1313 2390 1357 forte
2427 1314 2619 1369 fugitivis
2650 1316 2717 1358 vel
2755 1314 2966 1358 mendici-

1625 1368 1732 1413 tatis
1770 1369 2027 1414 subeundae
2065 1370 2295 1414 consilium
2324 1371 2657 1425 praestiterunt.
2725 1370 2780 1415 D.
2814 1382 2896 1414 xz]
2921 1370 2964 1413 lc.

1628 1423 1716 1469 Iul.
1748 1423 1913 1470 Patavi
1940 1426 2140 1470 Antonio
2171 1432 2215 1470 et
2244 1425 2443 1484 Syaqrio
2474 1439 2618 1470 conss.
2779 1431 2834 1479 [a.
2868 1429 2964 1479 382]

2080 1597 2266 1645 xxvn
2305 1597 2516 1659 (XXVI).

1972 1678 2047 1718 DE
2076 1677 2283 1718 NAUTIS
2313 1679 2615 1720 TIBERINIS.

1684 1755 1708 1802 1
1747 1756 1934 1816 ²¹Impp.
1977 1759 2322 1803 Valentinianus
2350 1767 2394 1805 et
2431 1761 2598 1805 Valens
2627 1762 2717 1805 ΛΑ.
2749 1763 2810 1806 ad
2838 1762 2965 1821 Sym-

1624 1810 1831 1856 machum
1859 1828 1942 1872 pu.
2013 1815 2098 1870 Qui
2137 1826 2291 1859 navem
2330 1817 2583 1861 Tiberinam
2630 1817 2794 1862 habere
2832 1818 2967 1862 fuerit

1627 1870 1857 1922 ostensus,
1898 1884 2011 1915 onus
2052 1870 2116 1914 rei
2154 1871 2360 1925 publicae
2403 1873 2700 1916 necessarium
2739 1880 2964 1929 agnoscat.

1626 1937 1929 1981 quaecumque
1955 1926 2089 1981 igitur
2118 1927 2292 1981 navigia
2312 1927 2367 1984 ⁴in
2394 1929 2518 1972 alveo
2535 1928 2707 1972 Tiberis
2738 1931 2966 1973 inveniun-

1625 1983 1713 2033 tur,
1746 1982 2100 2037 competentibus
2137 1985 2184 2026 et
2218 1983 2361 2027 solitis
2393 1983 2615 2039 obsequiis
2645 1986 2965 2042 mancipentur,

1623 2036 1690 2081 ita
1718 2041 1768 2080 ut
1795 2038 1959 2082 nullius
1989 2038 2178 2094 dignitas
2208 2043 2287 2082 aut
2314 2040 2586 2096 privilegium
2616 2041 2673 2085 ab
2702 2041 2788 2086 1100
2818 2042 2966 2087 officio

1624 2093 1883 2138 vindicetur.
1943 2093 1998 2138 D.
2039 2107 2133 2137 νη]
2166 2093 2223 2138 id.
2259 2093 2352 2140 Oct.
2385 2097 2537 2140 Altino
2550 2097 2589 2123 ²²
2629 2096 2732 2142 divo
2774 2096 2965 2143 Ioviano

1625 2154 1671 2194 et
1709 2148 1998 2195 Varroniano
2029 2164 2171 2194 conss.
2778 2157 2834 2206 [a.
2868 2157 2964 2207 364]

2050 2321 2259 2370 xxvm
2297 2323 2536 2386 (xxvn).

1856 2403 1934 2444 DE
1963 2403 2272 2445 FRUMENTO
2304 2404 2730 2447 ALEXANDRINO.

1684 2483 1706 2530 1
1745 2482 1930 2583 2‘ilinpp
1957 2484 2271 2584 ‘Honoriusfet
2303 2485 2576 2552 Theodosius
2603 2489 2695 2531 ΛΑ.
2727 2488 2961 2553 Anthemio

1615 2544 2604 2663 ffiexanrdrissffigzzttlaefiiturrffuqeillilllquigugg
2627 2544 2963 2655 cssilhgllggfflegl’,

1621 2657 1860 2710 zygostasu
1898 2666 2078 2697 munere
2108 2658 2153 2697 et
2190 2667 2271 2709 pro
2302 2654 2624 2699 naucleriorum
2661 2656 2826 2700 tuenda
2855 2658 2960 2701 sub-

1630 2714 1645 2752 1
1707 2709 1873 2752 stantia
1889 2710 2124 2753 eminentia
2139 2714 2218 2753 tua
2234 2710 2464 2766 disposuit,
2495 2711 2766 2756 roboramus.
2812 2713 2960 2768 Atque

1622 2767 1674 2808 ut
1703 2765 1943 2809 curialibus
1973 2766 2163 2821 praedae
2187 2767 2417 2810 auferatur
2442 2768 2629 2821 occasio,
2660 2768 2861 2812 iubemus
2884 2783 2960 2814 eos

1623 2820 1681 2865 ad
1709 2821 1961 2865 huiusmodi
1997 2821 2336 2866 sollicitudinem
2375 2823 2685 2867 adfectandam
2722 2838 2960 2880 numquam
3040 2835 3048 2846 ·

1623 2877 1854 2931 accedere,
1901 2877 1977 2920 sed
2023 2877 2251 2932 designata
2296 2879 2444 2922 officia
2494 2881 2582 2922 tuis
2634 2881 2958 2934 provisionibus

1623 2933 1876 2977 examinata
1911 2932 2248 2989 sollicitudinem
2318 2935 2559 2978 raedictam
2588 2934 2783 2991 implere.
2842 2937 2894 2980 D.
2936 2950 2962 2980 ν

1622 2989 1666 3033 lc.
1697 2988 1826 3033 Febr.
1862 2989 2253 3048 Constantinopoli
2331 2991 2490 3034 onorio
2529 3002 2646 3034 VJJJJ
2678 2996 2721 3034 et
2759 2991 2959 3037 Theodo-

1621 3046 1689 3089 sio
1728 3056 1756 3086 V
1781 3045 1874 3088 AA.
1906 3058 2047 3088 conss.
2771 3051 2826 3098 [a.
2858 3051 2957 3101 412]

1679 3099 1711 3145 2
1743 3099 1937 3158 2⁴Impp.
1971 3099 2247 3145 Theodosius
2282 3107 2326 3145 et
2365 3100 2706 3145 Valentinianus
2741 3103 2833 3146 ΑΑ.
2871 3102 2958 3147 Isi-

1622 3155 1736 3200 doro
1790 3171 1841 3214 p.
1900 3155 2097 3200 Diurnos
2135 3161 2312 3200 centum
2343 3161 2386 3200 et
2415 3157 2564 3201 decem
2602 3158 2771 3202 modios
2803 3159 2956 3203 alimo-

1621 3212 1706 3255 niis
1723 3213 1763 3254 A
1783 3211 2050 3256 exandrinae
2080 3212 2269 3256 civitatis
2299 3212 2402 3256 addi
2431 3213 2719 3266 decernimus,
2749 3219 2800 3258 ut
2827 3227 2955 3260 nemo

1621 3267 2953 3380 {iffsslgffoefflfiofflssidpssffiisuiiffiffissess?‘tilaeiiffiss‘

1622 3380 1850 3435 signentur
1879 3383 1923 3422 et
1950 3383 2130 3423 nostrae
2157 3379 2335 3435 pietatis
2365 3381 2540 3424 nomine
2570 3386 2846 3426 censeantur.
2898 3383 2951 3426 D.

1614 3435 1737 3495 prid.
1768 3448 1873 3479 non.
1906 3433 2006 3479 Iun.
2027 3434 2420 3495 Constantinopoli
2448 3434 2630 3481 Isidoro
2661 3443 2706 3482 et
2734 3437 2954 3483 Senatore

1624 3504 1767 3536 conss.
2767 3498 2823 3546 [a.
2856 3497 2952 3545 436]

2018 3605 2253 3655 XXVIIII
2290 3605 2553 3672 (XXVIII).

1817 3687 1894 3728 DE
1923 3687 2379 3729 ALEXANDRIAE2⁵
2407 3688 2757 3730 PRIMATIBUS.

1681 3769 1704 3816 1
1742 3768 1934 3828 ²⁰Impp.
1970 3767 2244 3813 Theodosius
2282 3775 2327 3814 et
2366 3769 2706 3813 Valentinianus
2735 3771 2824 3813 ΑΛ.
2868 3769 2950 3813 lsi-

1623 3826 1736 3870 doro
1758 3839 1843 3884 pp.
1903 3825 2170 3880 Corporatos
2211 3825 2398 3870 civitatis
2435 3825 2756 3868 Alexandrinae
2793 3837 2950 3881 repur-

1614 3967 1801 4007 tamatici
1822 3967 1892 4017 0⁰,
1923 3966 2287 4018 parapetaumatici
2309 3963 2385 4007 00:
2415 3965 2714 4016 peritteumatis
2739 3968 2950 4018 proposuit

1619 4023 1890 4075 Gothofredus
1962 4023 2038 4071 (16)
2070 4033 2154 4062 11011
2183 4020 2377 4061 invalidis
2411 4021 2622 4069 Th.14,1e
2695 4021 2770 4069 (17)
2799 4041 2854 4056 ===
2876 4021 2946 4062 Th.

1622 4081 1683 4128 14,
1714 4086 1767 4128 18,
1799 4087 1815 4119 1
1848 4078 1891 4117 B
1921 4079 1988 4126 54,
2020 4085 2077 4127 27,
2108 4087 2120 4118 1
2223 4078 2297 4129 (18)
2326 4077 2490 4127 incepta
2524 4076 2595 4116 Th.
2684 4078 2758 4126 (19)
2789 4077 2949 4116 vocavit

1617 4134 1713 4175 libri
1738 4148 1822 4174 cum
1859 4133 1930 4172 Th.
2015 4135 2096 4184 (20)
2126 4146 2172 4173 ea
2199 4134 2274 4173 ins.
2307 4132 2380 4172 Th.
2466 4132 2540 4182 (21)
2569 4151 2625 4167 =
2655 4132 2814 4182 le.14,
2832 4139 2942 4182 21,1:

1615 4191 1735 4242 iunye
1766 4188 1840 4229 Th.
1876 4189 1939 4238 11,
1970 4197 2028 4241 36,
2057 4196 2109 4230 16.
2147 4191 2210 4238 14,
2240 4196 2274 4239 3,
2305 4196 2322 4227 7
2438 4187 2516 4237 (22)
2545 4198 2628 4226 acc.
2657 4199 2734 4225 xv1
2764 4187 2803 4225 k.
2833 4187 2938 4227 Nov.

1615 4247 1689 4285 ins.
1725 4244 1797 4285 Th.
1832 4246 1896 4294 11,
1925 4251 1986 4295 36,
2015 4252 2055 4286 16
2143 4246 2221 4293 (23)
2250 4263 2303 4277 ---
2339 4242 2408 4282 Th.
2444 4244 2508 4293 14,
2530 4250 2642 4292 26,1:
2677 4241 2946 4294 Gothofredus

1615 4301 1744 4351 iunyit
1776 4301 1839 4349 11,
1870 4307 1903 4351 2,
1932 4307 1964 4340 4.
2004 4303 2064 4349 11,
2091 4309 2125 4349 6,
2156 4308 2177 4341 6
2208 4298 2263 4348 (d.
2292 4309 2395 4337 x1111
2425 4297 2464 4337 k.
2495 4296 2614 4337 Febr.
2643 4297 2834 4338 Honorio
2861 4309 2946 4338 vm

1615 4358 1655 4396 et
1683 4354 1912 4394 Theodosio
1950 4367 2003 4395 111
2042 4357 2127 4395 AA.
2160 4354 2302 4403 conss.)
2417 4354 2496 4403 (24)
2526 4373 2578 4387 =
2609 4353 2683 4393 Th.
2719 4355 2781 4402 14,
2814 4361 2872 4403 2⁶,
2900 4362 2943 4395 2:

1614 4412 1732 4463 iunye
1767 4412 1828 4459 10,
1858 4417 1917 4460 32,
1946 4419 2081 4452 56...59
2113 4420 2150 4451 et
2179 4423 2281 4462 quae
2311 4409 2368 4448 ibi
2399 4409 2613 4449 laudantur
2699 4410 2773 4460 (25)
2803 4412 2861 4449 sic
2895 4410 2943 4459 O,

1613 4465 1878 4505 alexandrine
1893 4466 1950 4516 K,
1966 4465 2256 4506 alexandrinae
2275 4462 2406 4515 plebis
2423 4464 2498 4504 Th.
2518 4466 2583 4515 14,
2601 4472 2642 4504 27
2702 4467 2780 4515 (26)
2795 4484 2850 4500 ==
2868 4464 2942 4505 Th.

1619 4523 1688 4571 14,
1719 4529 1783 4572 27,
1813 4528 1856 4562 2:
1901 4522 2019 4576 iunqe
2053 4523 2123 4572 10,
2152 4528 2217 4571 32,
2256 4527 2397 4561 56..59
2443 4527 2483 4560 et
2526 4534 2628 4572 quae
2672 4522 2730 4561 ibi
2771 4520 2942 4560 laudan-

1615 4585 1679 4618 tur

2523 4647 2612 4686 55*
