3152 4784
189 214 297 264 V9

182 354 302 399 missi
331 351 459 394 titulo
487 349 586 404 plus
615 347 874 400 relinquere,
904 359 986 390 nec
1012 342 1125 388 dotis
1155 343 1232 383 aut
1260 341 1362 379 ante
1390 349 1501 400 nup-

181 410 264 452 tias
318 404 562 450 donationis
611 401 786 444 nomine
837 412 917 444 seu
966 398 1119 442 mortis
1169 404 1304 437 causa
1332 391 1503 456 'habit-a

180 462 414 507 donatione
467 456 665 500 conferre
717 467 800 498 nec
851 455 967 498 inter
1006 454 1123 496 vivos
1172 445 1502 510 conscribendis

181 513 486 562 donationibus
524 514 653 565 (quae
692 509 776 552 etsi
817 513 1047 553 constante
1082 503 1356 566 matrimonio
1388 500 1502 563 civili

178 575 272 616 iure
295 567 551 613 interdictae
577 564 678 615 sint,
709 569 848 607 morte
871 566 1018 606 tamen
1043 561 1267 603 donatoris
1289 569 1345 621 ex
1368 557 1502 620 certis

179 626 322 671 causis
366 619 612 667 confirmari
655 618 830 670 solent),
875 630 1005 672 quam
1046 614 1137 658 filio
1175 612 1245 657 vel
1269 611 1419 677 filiae,
1465 623 1503 654 si

184 688 196 724 l
245 692 356 725 unus
380 677 446 721 vel
476 686 563 718 una
599 672 805 717 extiterit.
860 672 987 726 Quod
1011 670 1050 714 si
1073 670 1221 725 plures
1250 669 1377 712 liberi
1405 666 1500 710 fue-

175 737 277 788 rint,
307 731 485 787 singulis
514 732 856 784 aequas‘partes
885 725 1151 770 habentibus
1183 724 1358 768 minime
1386 723 1500 778 plus,

177 803 303 847 quam
333 787 389 831 ad
415 795 765 839 unumquemque
793 795 946 826 eorum
973 781 1233 837 pervenerit,
1264 780 1321 823 ad
1350 791 1503 823 eorum

176 852 199 890 2
255 845 387 887 liceat
420 841 619 884 vitricum
657 850 940 883 novercamve
978 836 1226 881 transferri.
1293 835 1370 879 Sin
1397 847 1501 878 vero

173 913 260 944 non
297 897 448 952 aequis
486 895 761 951 portionibus
798 893 855 937 ad
894 893 1067 938 eosdem
1095 893 1257 936 liberos
1287 903 1500 935 memora-

172 960 243 999 tae
286 952 540 996 transierint
577 950 838 1002 facultates,
881 954 989 992 tunc
1033 961 1206 1005 quoque
1245 961 1335 992 non
1369 947 1503 990 liceat

172 1010 270 1066 plus
299 1020 450 1051 eorum
478 1019 693 1050 novercae
717 1007 786 1050 vel
809 1005 963 1049 vitrico
989 1007 1229 1049 testantem
1256 1003 1501 1067 relinquere

171 1066 238 1109 vel
281 1064 443 1107 donare
487 1075 566 1106 seu
610 1061 725 1106 dotis
767 1061 836 1105 vel
879 1065 983 1104 ante
1029 1061 1208 1116 nuptias
1253 1059 1501 1102 donationis

170 1120 296 1164 titulo
328 1117 542 1171 conferre,
573 1131 704 1173 quam
725 1117 844 1161 filius
868 1117 938 1160 vel
966 1116 1058 1160 filia
1082 1117 1230 1168 habet,
1262 1114 1332 1158 cui
1361 1114 1503 1157 minor

170 1175 311 1232 portio
342 1173 497 1217 ultima
524 1174 751 1217 voluntate
788 1173 999 1216 derelicta
1025 1172 1094 1215 vel
1130 1171 1236 1214 data
1263 1170 1397 1213 fuerit
1426 1173 1504 1212 aut

172 1233 345 1283 donata,
374 1230 438 1272 ita
466 1234 627 1281 tamen,
665 1234 715 1271 ut
743 1233 901 1284 quarta
929 1241 1047 1283 pars,
1088 1239 1200 1282 quae
1228 1226 1365 1269 isdem
1394 1225 1501 1268 libe-

170 1287 230 1331 ris
259 1286 442 1329 debetur
471 1297 525 1328 ex
554 1284 736 1338 legibus,
774 1284 893 1327 nullo
923 1283 1051 1327 modo
1081 1283 1306 1326 minuatur
1334 1281 1420 1324 nisi
1450 1293 1504 1324 ex

170 1342 237 1386 his
268 1341 437 1392 causis,
477 1353 589 1396 quae
631 1339 685 1383 de
719 1339 966 1383 inofficioso
997 1338 1240 1382 excludunt
1269 1337 1502 1393 querellas.

170 1402 194 1441 3
264 1396 404 1451 Quam
448 1395 796 1439 observationem
838 1395 886 1438 in
928 1394 1128 1450 personis
1171 1395 1303 1438 etiam
1347 1392 1418 1436 avi
1460 1396 1505 1436 et

169 1452 303 1504 aviae,
334 1451 488 1507 proavi
516 1456 560 1494 et
588 1451 807 1508 proaviae,
843 1455 1050 1506 nepotum
1079 1450 1146 1493 vel
1174 1455 1369 1505 neptum,
1400 1449 1504 1492 item

168 1513 460 1564 pronepotum
499 1507 568 1551 vel
604 1511 889 1562 proneptum,
939 1506 1029 1550 sive
1071 1506 1118 1549 in
1155 1509 1375 1561 potestate
1414 1505 1504 1548 sive

169 1564 337 1608 emanci
369 1564 432 1606 ati
462 1563 814 1618 emancipataeve
853 1562 963 1614 sint,
1004 1575 1059 1605 ex
1095 1566 1282 1618 paterna
1315 1560 1384 1604 vel
1412 1573 1503 1603 ma-

171 1623 296 1663 terna
357 1620 457 1662 inea
492 1618 766 1662 venientibus
784 1620 812 1670 ¹,
863 1617 1076 1662 custodiri
1123 1630 1365 1661 censemus.
1435 1616 1504 1659 sin

169 1688 271 1720 vero
310 1676 412 1731 plus
452 1687 582 1730 quam
618 1676 835 1718 statutum
865 1678 931 1717 est
960 1673 1156 1730 aliquid²
1194 1685 1409 1717 novercae
1436 1671 1505 1715 vel

140 1749 142 1751 ·
169 1731 323 1774 vitrico
360 1731 564 1774 relictum
598 1730 669 1774 vel
706 1729 917 1773 donatum
955 1735 1034 1772 aut
1071 1730 1221 1773 datum
1250 1728 1407 1780 fuerit,
1445 1727 1503 1780 id,

172 1786 290 1842 quod
327 1787 427 1842 plus
464 1786 667 1829 relictum
694 1786 765 1828 vel
804 1786 1014 1829 donatum
1053 1788 1131 1828 aut
1170 1785 1322 1828 datum
1357 1784 1504 1835 fuerit,

170 1847 394 1897 tamquam
431 1855 520 1885 non
560 1841 774 1896 scriptum
812 1854 955 1896 neque
990 1841 1243 1884 derelictum
1272 1841 1339 1883 vel
1369 1839 1504 1884 dona-

171 1902 265 1941 tum
308 1902 387 1940 aut
429 1897 581 1940 datum
622 1896 680 1940 ad
721 1897 958 1940 liberorum
1001 1909 1213 1952 personas
1259 1896 1419 1939 deferri
1463 1899 1507 1938 et

171 1954 286 1996 inter
315 1965 390 1996 eas
419 1952 552 1996 dividi
579 1952 803 1996 iubemus:
844 1951 963 1996 omni
1002 1951 1429 2008 circumscriptione,
1469 1950 1507 1994 si

173 2021 262 2065 qua
298 2021 378 2064 per
416 2008 722 2063 interpositam
755 2020 988 2064 personam
1017 2008 1085 2051 vel
1115 2008 1200 2052 alio
1232 2018 1506 2063 quocumque

172 2067 288 2118 4(1)
345 2063 472 2107 modo
512 2063 647 2106 fuerit
688 2064 958 2119 excogitata,
1000 2068 1213 2107 cessante.
1279 2063 1358 2106 His
1397 2062 1506 2105 illud

172 2119 460 2174 adiungimus,
491 2125 541 2162 ut
568 2119 724 2162 mulier
751 2120 798 2162 in
827 2120 895 2162 his
926 2120 1118 2171 casibus,
1148 2119 1194 2161 iii
1220 2119 1378 2174 quibus
1404 2120 1506 2160 ante

171 2175 349 2231 nuptias
389 2175 670 2226 donationes,
711 2180 879 2218 ceteras
921 2176 1051 2218 etiam
1085 2187 1156 2218 res
1197 2187 1225 2217 a
1262 2174 1419 2217 marito
1450 2173 1506 2216 ad

172 2243 220 2274 se
250 2230 474 2275 devolutas
505 2230 746 2274 secundum
774 2231 970 2285 priorum
994 2231 1138 2285 legum
1163 2234 1331 2273 statuta
1354 2229 1504 2272 liberis

173 2286 476 2329 communibus
520 2288 572 2329 ut
613 2288 822 2340 paternas
866 2298 1042 2329 servare
1085 2285 1362 2340 compellitur
1403 2285 1504 2337 (1106

171 2345 239 2384 661
277 2341 355 2383 11111
391 2345 534 2384 1110116
571 2341 715 2384 mariti
753 2341 1030 2384 matrimonio
1062 2341 1274 2384 d1ssoluto
1306 2339 1363 2382 ad
1392 2340 1502 2382 alias

171 2396 349 2451 nuptias
379 2396 581 2448 venerit),
619 2396 903 2440 immobilium
939 2408 1085 2439 rerum
1116 2401 1159 2438 et
1186 2395 1503 2450 mancipiorum

170 2453 558 2506 annonarumque³
598 2451 786 2495 civilium
823 2465 908 2495 usu
946 2451 1095 2495 fructu
1131 2451 1362 2494 dumtaxat
1390 2451 1504 2494 vitae

170 2519 278 2551 suae
305 2508 575 2562 temporibus
605 2507 813 2561 potiatur,
853 2507 1116 2551 alienatione
1146 2519 1296 2550 earum
1326 2506 1502 2561 penitus

171 2568 194 2607 5
252 2563 507 2606 interdicta:
551 2563 779 2606 Mobilium
817 2565 951 2606 vero⁴
988 2575 1154 2617 rerum,
1194 2563 1321 2606 iustis
1350 2562 1503 2617 pretiis

171 2619 473 2662 aestimatione
502 2618 655 2661 habita
682 2631 762 2673 per
791 2631 888 2671 eos,
925 2632 1035 2674 quos
1066 2624 1254 2674 utraque
1283 2631 1386 2673 pars
1415 2619 1502 2661 ele-

170 2674 301 2730 gerit,
357 2674 548 2718 arbitros
591 2674 864 2718 iudicaturos
907 2675 1166 2730 interposito
1211 2679 1501 2724 sacramento,

172 2730 300 2773 simili
328 2729 456 2773 modo
487 2743 616 2772 usum
644 2730 838 2773 fructum
866 2730 1048 2782 habeat,
1089 2730 1127 2773 si
1164 2730 1367 2774 idoneam
1394 2729 1501 2772 fide-

171 2785 409 2829 iussionem
439 2785 713 2840 praebuerit,
753 2785 871 2841 quod
911 2786 1086 2829 easdem
1126 2798 1195 2829 res
1224 2785 1406 2829 mobiles
1435 2784 1503 2827 vel

173 2853 323 2885 earum
350 2841 538 2896 pretium
567 2840 667 2884 filiis
697 2845 741 2884 et
768 2841 942 2884 filiabus
972 2854 1026 2884 ex
1051 2841 1201 2884 eodem
1226 2840 1501 2884 matrimonio

173 2897 417 2952 procreatis
446 2896 514 2939 vel
541 2902 645 2952 post
673 2902 856 2940 mortem
886 2909 1037 2940 eorum
1066 2897 1300 2952 nepotibus
1328 2901 1372 2939 et
1394 2909 1503 2950 nep-

173 2952 291 2996 tibus
323 2964 377 2994 ex
405 2951 542 2995 isdem
570 2952 717 2996 liberis
746 2953 1010 3007 procreatis,
1049 2953 1165 2996 61165
1203 2952 1406 2995 omnibus
1435 2951 1504 2994 vel

172 3020 261 3051 uno
315 3019 455 3050 unave
507 3007 744 3063 superstite
793 3008 904 3052 mori
959 3007 1212 3064 contigerit,
1262 3007 1503 3051 secundum

173 3067 197 3106 6
253 3063 396 3116 legum
422 3063 598 3106 modum
634 3063 861 3107 restituat:
900 3064 984 3108 Vel
1023 3069 1142 3108 certe
1180 3065 1217 3107 si
1253 3063 1501 3106 fideiussio-

171 3131 248 3163 nes
276 3118 458 3162 idoneas
487 3122 713 3174 praestare
742 3118 962 3163 distulerit
985 3125 1062 3163 aut
1090 3119 1344 3175 nequiverit,
1374 3131 1502 3174 prae-

173 3174 317 3218 dictae
356 3187 426 3218 res
464 3175 647 3218 mobiles
690 3174 876 3218 necdum
914 3176 1044 3218 matri
1082 3188 1109 3218 a
1136 3176 1285 3218 liberis
1314 3174 1503 3217 traditae

172 3230 291 3285 apud
330 3229 504 3273 eosdem
538 3230 800 3274 manebunt:
839 3231 1011 3274 solutae
1048 3244 1151 3275 vero
1192 3230 1331 3274 eidem
1373 3230 1504 3273 matri

173 3286 240 3328 vel
268 3285 323 3328 ab
355 3285 504 3329 eadem
534 3286 737 3330 detentae
765 3287 1053 3330 restituentur
1081 3287 1250 3339 liberis,
1291 3286 1330 3330 si
1356 3289 1503 3329 tamen

175 3341 230 3383 ab
273 3341 341 3383 his
383 3339 605 3385 fideiussio
648 3342 807 3386 idonea
849 3342 981 3386 matri
1024 3342 1158 3386 fuerit
1201 3342 1372 3395 oblata,
1417 3354 1503 3396 qua

177 3396 320 3439 caveri
349 3395 501 3448 debet,
542 3397 658 3452 quod
698 3398 837 3441 eidem
877 3399 1102 3454 superstiti
1130 3411 1209 3454 pro
1240 3411 1325 3442 usu
1353 3398 1503 3440 fructu

175 3451 409 3494 earundem
449 3464 593 3495 rerum
628 3454 853 3497 mobilium
887 3455 954 3502 vel
993 3455 1133 3509 pretio
1147 3488 1158 3506 ,
1197 3467 1283 3510 quo
1320 3456 1502 3497 taxatae

177 3511 298 3558 sunt,
336 3519 567 3549 usurarum
605 3509 778 3552 nomine
818 3510 1079 3554 centesimae
1117 3515 1286 3566 partem
1329 3509 1502 3552 tertiam

176 3562 333 3604 annuis
363 3562 607 3617 quibusque
630 3565 899 3618 temporibus
925 3571 1152 3620 praestare
1176 3579 1266 3609 non
1287 3565 1500 3618 differant,

175 3617 238 3659 ita
276 3620 327 3659 ut
363 3617 409 3659 in
449 3617 598 3661 eadem
634 3619 912 3663 fideiussione
946 3622 1030 3665 hoc
1070 3634 1244 3677 quoque
1281 3626 1501 3673 caveatur,

176 3672 293 3728 quod
332 3684 360 3715 a
396 3671 496 3715 filiis
532 3673 792 3729 filiabusque
821 3679 866 3718 et
894 3689 948 3719 ex
975 3678 1043 3721 his
1071 3677 1230 3732 genitis
1267 3678 1427 3730 liberis,
1465 3676 1503 3720 si

177 3730 280 3771 ante
323 3728 503 3771 eandem
546 3732 727 3772 matrem
769 3744 916 3775 01111166
961 3746 1034 3776 606
1084 3733 1206 3776 011116
1260 3732 1501 3787 contigerit,

179 3795 326 3826 omnes
366 3795 436 3826 res
475 3784 725 3838 praedictae
762 3787 941 3830 mobiles
971 3790 1209 3832 secundum
1238 3789 1278 3832 le
1339 3802 1381 3831 m
1409 3801 1501 3831 mo-

179 3838 445 3882 derationem
474 3840 613 3893 matri,
654 3845 705 3883 ut
733 3841 789 3883 ad
819 3843 999 3886 eandem
1027 3844 1197 3888 lucrum
1226 3858 1249 3887 r
1306 3849 1378 3887 eat
1405 3844 1500 3886 luc-

181 3899 202 3935 7
260 3897 448 3957 tuosum,
478 3896 777 3940 restituentur.
821 3897 920 3940 Erit
941 3900 1087 3954 itaque
1111 3901 1279 3944 licitum
1309 3899 1504 3943 utrilibet

179 3953 307 4003 parti,
339 3962 448 4003 quae
476 3950 800 3995 fideiussionem
829 3955 1093 4007 praebuerit,
1135 3956 1172 3999 si
1195 3955 1285 3999 »sibi
1312 3968 1501 3999 commo-

180 4004 281 4046 dum
318 4015 411 4047 esse
447 4007 716 4061 perspexerit
727 4008 759 4061 ⁶,
794 4008 861 4052 his
896 4010 1027 4053 rebus
1057 4012 1291 4055 mobilibus
1319 4011 1387 4054 uti
1416 4011 1503 4054 frui

180 4058 438 4124 easdemque
468 4061 571 4105 dare
599 4068 751 4106 mutuo
781 4064 878 4107 vel⁷
907 4065 1099 4120 obligare
1128 4068 1195 4110 vel
1224 4066 1423 4118 vendere,
1454 4071 1504 4110 ut

181 4126 236 4157 ex
272 4114 340 4157 his
379 4116 563 4159 maxime
600 4118 726 4161 liberi
771 4118 1049 4174 adquirentes
1095 4123 1267 4177 possint
1303 4126 1501 4166 materno

182 4173 206 4212 8
264 4169 456 4212 adfectui
485 4171 578 4214 sine
608 4186 686 4216 suo
718 4175 989 4219 incommodo
1021 4178 1193 4221 servire.
1250 4178 1327 4222 Sin
1357 4182 1503 4221 autem

180 4226 367 4280 utraque
395 4237 496 4280 pars
526 4229 792 4280 praedictam
821 4229 1144 4275 fideiussionem
1169 4233 1505 4277 dissimulaverit

181 4285 260 4323 aut
287 4281 402 4324 forte
430 4282 585 4325 offerre
614 4286 865 4338 nequiverit,
904 4287 1078 4329 eaedem
1106 4302 1176 4332 res
1206 4289 1325 4345 apud
1351 4289 1504 4332 mulie·

181 4340 206 4379 9
232 4339 292 4390 (2)
320 4349 411 4379 16111
435 4350 573 4391 11611116
596 4338 642 4381 111
667 4340 778 4383 diem
801 4341 912 4384 vitae
933 4355 1038 4385 suae
1062 4345 1311 4387 manebunt.
1358 4345 1504 4389 Omni-

182 4480 230 4527 (1)
247 4489 293 4515 ex
308 4480 393 4529 pat.
410 4476 474 4515 vel
490 4481 585 4538 mat.
599 4477 626 4515 1.
642 4481 899 4520 venientibus
915 4482 1104 4522 collocari
1119 4485 1256 4526 debent
1278 4501 1402 4538 supra
1412 4494 1505 4538 post

181 4531 372 4583 proaviae
429 4532 484 4582 (2)
499 4530 656 4581 ahquid
675 4533 716 4581 C,
732 4551 803 4575 om.
817 4535 857 4575 P
909 4538 963 4587 (3)
978 4538 1036 4576 sic
1054 4536 1096 4587 C,
1121 4550 1374 4580 annonarum
1392 4543 1502 4587 (ann.

186 4601 257 4626 om.
275 4586 362 4637 Ma)
386 4597 548 4636 quoque
563 4588 618 4627 M
682 4591 735 4640 (4)
758 4603 854 4631 vero
878 4593 983 4642 dett„
1009 4606 1080 4631 om.
1111 4592 1198 4634 CM
1261 4596 1315 4645 (5)
1331 4596 1414 4635 sive
1439 4595 1501 4645 M,

185 4642 217 4681 si
248 4654 332 4680 eam
366 4639 398 4680 C
493 4643 548 4693 (6)
579 4647 829 4695 prospexerit
859 4648 953 4687 libri
1050 4647 1104 4698 (7)
1134 4651 1276 4689 mutuo
1307 4650 1369 4690 vel
1400 4652 1504 4701 edd„

1483 181 1586 239 202

2285 199 2359 236 DE
2396 196 2659 241 sacunms
2694 199 2910 240 NUPTIIS

1585 333 1668 375 bus
1683 331 1883 376 videlicet
1905 333 2041 379 isdem
2065 336 2340 380 maritalibus
2357 335 2658 395 facultatibus,
2682 340 2752 386 his
2767 341 2911 394 etiam,

1586 400 1695 442 quas
1724 387 1859 432 habet
1884 389 2143 436 habiturave
2171 396 2251 446 est,
2290 396 2514 447 tamquam
2538 393 2576 436 si
2598 395 2694 440 iure
2718 397 2912 452 pignoris

1584 442 1653 486 vel
1693 442 1969 510 hypothecae
2006 448 2262 504 suppositae
2300 447 2408 511 sint,
2449 460 2582 502 super
2620 451 2771 495 eadem
2810 458 2914 496 ante

1584 500 1763 553 nuptias
1794 498 2036 564 ‚donatione
2073 504 2142 547 vel
2179 504 2309 546 rebus
2349 503 2446 546 ahis
2477 502 2535 545 ad
2563 516 2660 548 eam
2688 519 2743 550 ex
2769 508 2914 552 mariti

1585 554 1835 597 substantia
1863 554 2075 602 devolutis
2106 572 2159 602 ex
2188 571 2239 602 eo
2278 559 2369 612 die,
2410 571 2497 613 quo
2535 560 2710 605 eaedem
2747 575 2819 607 res
2858 564 2915 607 ad

1584 621 1697 674 eam·
1718 611 2016 668 pervenerint,
2056 613 2205 658 liberis
2249 614 2473 669 obligatis,
2515 620 2578 667 ut,
2614 617 2652 659 si
2689 618 2786 672 quis
2814 625 2916 674 post

1584 664 1771 729 traditas
1809 667 1940 711 matri
1974 669 2042 712 vel
2076 669 2277 714 detentas
2313 671 2369 713 ab
2410 682 2463 713 ea
2501 682 2571 713 res
2600 671 2655 723 (si
2682 672 2746 716 ita
2775 675 2915 718 conti-

1583 723 1712 775 gerit)
1744 725 2017 767 contractum
2045 725 2233 781 aliquem
2259 739 2357 769 cum
2382 725 2535 769 eadem
2555 726 2737 771 muliere
2756 728 2915 781 inierit,

1585 788 1698 832 quae
1727 787 1775 819 se
1802 778 1998 832 repetitis
2028 793 2089 823 nu
2121 781 2195 825 tiis
2235 781 2529 837 copulaverit,
2571 781 2619 824 in
2647 782 2917 828 vindicandis

1583 831 1722 897 isdem
1759 833 1998 888 suppositis
2035 848 2083 879 re
2115 850 2168 881 us
2206 837 2426 893 posterior
2465 837 2706 891 habeatur,
2754 838 2917 892 liberis,

1585 901 1661 943 qui
1689 900 1743 931 ex
1773 888 1925 953 eodem
1955 891 2231 937 matrimonio
2259 893 2483 949 procreati
2517 896 2634 945 sunt,
2674 896 2719 937 et
2747 895 2917 950 nepoti-

1585 945 1668 987 bus
1706 944 1986 1008 neptibusve‚
2027 947 2102 1002 qui
2139 960 2193 991 ex
2220 949 2289 992 his
2317 949 2467 994 liberis
2495 949 2632 1003 geniti
2664 951 2788 1002 sunt,
2823 949 2920 994 sine

1592 1004 1638 1042 10
1697 999 1831 1043 dubio
1861 1003 2206 1065 praeponendis.
2275 1004 2351 1047 Sin
2388 1018 2489 1048 vero
2541 1005 2778 1048 liberorum
2813 1018 2918 1049 suo-

1584 1068 1680 1120 rum
1709 1055 1965 1119 adfectione
1994 1063 2166 1102 servata
2193 1064 2322 1114 pater
2355 1064 2548 1104 materve
2582 1060 2638 1103 ad
2669 1061 2777 1105 alias
2805 1073 2918 1116 nup-

1586 1115 1670 1154 tias
1708 1123 1898 1166 migrare
1940 1114 2150 1167 noluerit,
2190 1128 2331 1170 neque
2359 1116 2424 1159 vir
2450 1116 2532 1170 his,
2567 1128 2680 1171 quae
2710 1117 2764 1160 de
2792 1116 2920 1161 bonis

1585 1166 1737 1210 uxoris
1767 1166 1824 1210 ad
1853 1179 1901 1211 se
1929 1173 2173 1222 transeunt,
2203 1183 2346 1226 neque
2369 1172 2524 1214 mulier
2547 1173 2694 1225 rebus,
2724 1183 2837 1228 quae
2864 1185 2920 1216 ex

1587 1223 1835 1267 substantia
1862 1224 2009 1267 mariti
2037 1224 2096 1267 ad
2124 1238 2171 1269 se
2199 1227 2489 1282 pervenerint,
2520 1241 2600 1283 pro
2628 1241 2708 1272 suo
2734 1228 2919 1274 arbitrio

1586 1279 1651 1322 uti
1685 1278 1752 1322 vel
1790 1291 1867 1322 eas
1902 1279 2092 1324 vendere
2130 1286 2209 1324 aut
2244 1294 2520 1338 quocumque
2557 1283 2654 1327 iure
2682 1284 2751 1328 vel
2789 1284 2919 1328 modo

1588 1348 1661 1379 eas
1701 1335 1894 1378 alienare
1929 1335 1998 1379 vel
2038 1336 2232 1391 pignoris
2278 1337 2372 1382 iure
2411 1338 2502 1382 sive
2542 1339 2820 1394 hypothecae
2865 1341 2920 1392 (si

1587 1390 1820 1443 voluerint)
1859 1391 2075 1445 obligare,
2114 1395 2269 1447 utpote
2308 1393 2471 1437 domini
2501 1405 2674 1448 earum,
2711 1395 2919 1451 prohibe·

1589 1452 1637 1490 11
1697 1447 1874 1490 buntur.
1932 1446 2148 1491 Extantes
2179 1452 2326 1491 autem
2354 1449 2604 1503 praedictas
2633 1463 2727 1504 res,
2767 1452 2804 1494 si
2832 1463 2921 1495 non

1586 1502 1750 1546 fuerint
1775 1503 1993 1546 alienatae
2017 1503 2107 1547 sive
2130 1509 2415 1559 consumptae
2429 1505 2498 1548 vel
2520 1506 2789 1561 suppositae,
2813 1506 2919 1551 lice-

1588 1559 1653 1602 bit
1689 1559 1838 1602 liberis
1867 1559 2089 1603 vindicare
2128 1559 2259 1603 etiam
2289 1572 2379 1603 non
2408 1559 2674 1606 adeuntibus
2702 1561 2920 1607 heredita-

1586 1620 1675 1659 tem
1688 1617 1936 1670 parentum.
1967 1614 2021 1658 D.
2040 1614 2168 1659 11⁸lc.
2186 1613 2322 1659 Mart.
2339 1614 2578 1660 Marciano
2595 1630 2715 1661 cons.
2749 1623 2804 1671 [a.
2822 1622 2920 1671 472³,

1646 1668 1673 1716 7
1707 1670 1821 1728 Imp.
1854 1670 1975 1714 Zeno
2005 1671 2056 1714 A.
2089 1669 2356 1715 Sebastiano
2376 1686 2460 1731 pp.
2528 1672 2581 1716 In
2620 1674 2780 1728 quibus
2809 1675 2920 1718 casi-

1586 1727 1669 1770 bus
1714 1733 1841 1782 pater
1884 1726 2030 1770 dotem
2044 1760 2054 1779 ‚
2099 1730 2240 1770 mater
2282 1732 2385 1771 ante
2422 1728 2600 1783 nuptias
2644 1729 2921 1774 donationem

1587 1783 1655 1826 vel
1693 1783 1802 1826 alias
1842 1795 1913 1826 res
1953 1783 2010 1826 ad
2046 1795 2094 1826 se
2132 1795 2187 1826 ex
2226 1783 2364 1827 altera
2401 1788 2528 1840 parte
2564 1784 2792 1830 devolutas
2820 1785 2922 1830 filiis

1587 1839 1816 1893 utriusque
1846 1851 1976 1882 sexus
2007 1851 2181 1882 servare
2209 1841 2436 1895 praecepti
2466 1844 2591 1894 sunt,
2633 1841 2671 1885 si
2709 1854 2839 1898 quem
2867 1854 2922 1886 ex

1586 1894 1687 1937 filiis
1717 1894 1785 1937 vel
1813 1894 1988 1938 filiabus
2025 1899 2129 1938 ante
2164 1895 2304 1950 patris
2334 1896 2404 1939 vel
2431 1897 2585 1940 matris
2616 1897 2784 1941 obitum
2811 1897 2923 1942 mori

1587 1950 1818 2005 contigerit
1861 1951 1951 1994 sive
1993 1953 2095 1993 ante
2139 1951 2352 1994 secundas
2395 1951 2575 2007 nuptias
2619 1953 2711 1996 sive
2749 1957 2915 2010 postea,-

1586 2005 1679 2050 filio
1709 2006 1777 2048 vel
1806 2004 1897 2048 filia
1924 2006 1993 2050 vel
2023 2009 2155 2061 nepte
2184 2011 2262 2049 6111
2290 2013 2449 2062 nepote
2473 2008 2541 2050 vel
2565 2008 2768 2062 pluribus
2792 2014 2922 2065 patre

1587 2074 1666 2105 suo
1696 2061 1842 2104 adhuc
1870 2061 1967 2105 vivo
1996 2062 2065 2105 vel
2093 2066 2233 2105 matre
2262 2063 2500 2118 superstite
2539 2063 2780 2118 derelictis,
2819 2078 2921 2121 por-

1585 2117 1773 2169 tionem,
1813 2130 1927 2172 quae
1965 2117 2173 2162 defuncto
2211 2118 2301 2162 filio
2330 2119 2398 2162 vel
2436 2118 2553 2162 filiae
2583 2119 2828 2164 debebatur
2854 2121 2923 2165 vel

1587 2173 1759 2215 lucrum
1787 2185 1839 2216 ex
1871 2186 1924 2216 ea
1952 2186 2042 2216 non
2070 2174 2129 2216 ad
2156 2174 2317 2217 fratres
2340 2175 2407 2217 vel
2436 2187 2609 2218 sorores
2639 2175 2814 2227 mortui,
2845 2177 2924 2220 sed

1587 2228 1643 2271 ad
1681 2228 1795 2271 filios
1835 2229 1928 2272 eius
1964 2229 2034 2272 vel
2070 2228 2183 2272 filias
2213 2230 2282 2272 vel
2320 2234 2504 2285 nepotes
2533 2230 2761 2285 utriusque
2790 2243 2922 2276 sexus

1586 2288 1664 2326 aut
1691 2290 1957 2339 pronepotes
1997 2284 2088 2328 avis
2116 2286 2185 2327 vel
2214 2285 2389 2340 proavis
2429 2285 2740 2339 superstitibus
2769 2299 2920 2341 perve-

1585 2340 1680 2382 nire
1724 2339 2023 2383 decernimus:
2078 2340 2265 2394 eligendi
2288 2340 2509 2383 *videlicet
2552 2353 2663 2395 quos
2706 2342 2923 2386 voluerint

1587 2407 1642 2438 ex
1669 2394 1818 2438 liberis
1850 2394 2161 2450 superstitibus
2191 2409 2281 2439 non
2310 2395 2514 2451 adempta
2543 2396 2733 2441 licentia.
2791 2397 2847 2442 D.
2876 2398 2919 2442 lc.

1585 2449 1721 2494 Mart.
1753 2448 1842 2494 Illo
1872 2464 1935 2495 vc.
1968 2464 2088 2494 cons.
2733 2457 2789 2506 [a.
2822 2457 2920 2508 478]

1643 2503 1673 2553 8
1707 2504 1840 2572 ⁹Imp.
1871 2504 2153 2550 lastinianus
2180 2507 2232 2551 A.
2262 2505 2425 2552 Menae
2451 2521 2530 2566 pp.
2599 2508 2647 2552 Si
2676 2509 2773 2564 quis
2801 2511 2922 2566 prio-

1584 2561 1645 2605 ris
1676 2561 1942 2606 matrimonii
1969 2561 2161 2606 filiorum
2197 2567 2299 2606 ante
2328 2565 2545 2608 secundas
2574 2577 2636 2607 nu
2667 2566 2752 2609 tias
2779 2567 2920 2622 patris

1586 2618 1653 2661 vel
1690 2618 1842 2661 matris
1880 2621 2080 2662 mortuus
2121 2619 2253 2662 fuerit
2291 2619 2392 2664 filiis
2431 2633 2461 2663 a
2498 2632 2546 2662 se
2577 2632 2628 2663 ve
2683 2621 2920 2677 nepotibus

1584 2674 1653 2716 vel
1680 2674 1997 2729 pronepotibus
2027 2674 2206 2727 relictis,
2237 2679 2408 2729 partem
2438 2676 2531 2720 eius
2560 2689 2650 2720 non
2679 2677 2736 2720 ad
2763 2676 2922 2722 fratres

1585 2729 1674 2783 vel,
1714 2730 1753 2772 si
1791 2729 1937 2773 nullus
1974 2730 2085 2773 alius
2122 2730 2260 2774 frater
2298 2731 2366 2774 vel
2405 2744 2532 2776 soror
2560 2732 2629 2786 sit,
2666 2732 2724 2776 ad
2751 2739 2922 2788 patrem

1584 2784 1653 2828 vel
1690 2790 1874 2828 matrem
1904 2785 1996 2828 eius
2026 2786 2267 2840 pervenire,
2308 2786 2385 2830 sed
2414 2787 2471 2831 ad
2499 2787 2613 2830 filios
2642 2789 2712 2831 vel
2739 2794 2922 2844 nepotes

1584 2840 1653 2883 vel
1681 2844 1944 2895 pronepotes
1976 2841 2167 2884 eiusdem
2196 2845 2395 2885 mortuae
2430 2855 2649 2898 personae
2684 2845 2919 2898 sancimus,

1585 2899 1646 2949 ut,
1678 2895 1767 2939 sive
1796 2908 1911 2938 unus
1942 2896 2031 2939 sive
2059 2897 2208 2952 plures
2240 2897 2340 2950 sint,
2372 2910 2467 2941 eam
2492 2900 2795 2944 tantummodo
2817 2913 2920 2956 par-

1592 2956 1606 2994 1
1654 2955 1742 2994 tem
1758 2951 1979 2995 vindicare
1997 2952 2182 3007 possint,
2215 2966 2326 3007 quae
2349 2959 2521 2998 mortuo
2545 2956 2765 3011 competit.
2805 2956 2920 3000 Illud

1587 3006 1717 3050 etiam
1748 3011 1867 3050 certa
1896 3007 2123 3051 sanctione
2151 3008 2331 3053 definire
2362 3022 2615 3062 censemus,
2654 3016 2717 3065 ut,
2755 3012 2794 3055 si
2823 3013 2919 3068 quis

1585 3063 1654 3105 vel
1704 3062 1742 3105 si
1791 3075 1878 3118 qua
1925 3075 1979 3106 ex
2022 3063 2168 3119 aliquo
2210 3065 2486 3109 matrimonio
2529 3065 2633 3110 filiis
2675 3070 2920 3122 procreatis

1586 3118 1761 3161 minime
1805 3118 1861 3160 ad
1905 3119 2122 3162 secundas
2161 3121 2329 3164 venerit
2365 3121 2563 3176 nuptias,
2609 3125 2661 3165 ut
2697 3135 2750 3167 eo
2788 3123 2920 3168 modo

1585 3174 1715 3217 liceat
1759 3173 1930 3228 quidem
1971 3174 2158 3228 genitori
2201 3188 2271 3218 res
2312 3189 2364 3218 ex
2404 3177 2550 3231 priore
2594 3178 2796 3234 coniugio
2836 3179 2921 3223 sibi

1586 3229 1829 3284 adquisitas
1856 3242 1941 3283 quo
1963 3230 2093 3272 modo
2110 3230 2296 3274 voluerit
2308 3232 2503 3275 alienare
2517 3232 2584 3275 vel
2600 3232 2919 3288 administrare,

1586 3285 1625 3329 si
1660 3298 1773 3340 quae
1809 3297 1910 3329 vero
1947 3298 2097 3328 earum
2135 3285 2311 3329 minime
2349 3288 2439 3330 sint
2467 3287 2708 3342 alienatae,
2750 3289 2923 3344 possint

1586 3341 1714 3384 liberi
1757 3340 1888 3384 etiam
1930 3354 2021 3384 non
2065 3341 2279 3386 adeuntes
2318 3352 2548 3396 paternam
2584 3344 2652 3385 vel
2679 3348 2921 3388 maternam

1586 3396 1873 3440 hereditatem
1912 3409 1986 3440 eas
2025 3397 2267 3451 vindicare,
2309 3403 2478 3441 certum
2509 3410 2606 3442 esse
2635 3399 2856 3444 sancimus
2871 3400 2919 3454 ¹⁰,

1586 3456 1644 3504 (2)
1702 3453 1820 3507 quod
1858 3453 1988 3496 etiam
2030 3453 2108 3496 illa
2151 3453 2205 3497 de
2250 3459 2397 3497 cetero
2425 3453 2644 3498 videbitur
2680 3455 2921 3499 earundem

1584 3508 1724 3552 fuisse
1760 3521 1906 3552 rerum
1935 3509 2161 3562 alienatio,
2201 3522 2315 3564 quae
2342 3510 2390 3551 in
2417 3512 2680 3554 testamento
2709 3511 2920 3565 genitoris

1585 3565 1653 3608 vel
1689 3564 1939 3620 specialiter
1977 3565 2262 3619 relinquendo
2301 3565 2369 3608 vel
2411 3565 2674 3619 generaliter
2715 3566 2922 3611 heredem

1587 3625 1610 3663 2
1651 3622 1710 3674 (3)
1775 3620 2044 3663 instituendo
2084 3620 2206 3663 facta
2243 3619 2312 3664 sit.
2373 3620 2527 3663 Talem
2562 3633 2665 3664 vero
2698 3621 2919 3666 licentiam

1585 3676 1700 3728 filiis,
1730 3679 1781 3719 ut
1810 3676 1939 3718 etiam
1968 3689 2056 3719 non
2085 3675 2296 3719 adeuntes
2325 3681 2553 3732 paternam
2583 3677 2650 3720 vel
2677 3682 2918 3722 maternam

1585 3731 1871 3776 hereditatem
1908 3731 2034 3774 lucra
2075 3731 2371 3784 vindicarent,
2416 3745 2531 3787 quae
2567 3745 2730 3788 parens
2769 3746 2920 3778 eorum

1585 3801 1640 3831 ex
1669 3787 1958 3841 matrimonio,
1993 3787 2111 3842 quod
2140 3788 2334 3831 secundo
2373 3792 2472 3832 toro
2509 3788 2686 3832 minime
2720 3789 2921 3842 mutavit,

1586 3843 1671 3888 sibi
1699 3842 1919 3897 adquisita
1946 3856 2036 3885 non
2065 3843 2282 3894 alienavit,
2313 3843 2434 3897 nullo
2464 3843 2593 3886 modo
2624 3844 2687 3887 eis
2715 3845 2916 3888 concedi-

1585 3911 1703 3950 mus,
1743 3899 1782 3942 si
1819 3900 2048 3952 paternam
2078 3899 2147 3942 vel
2177 3903 2420 3942 maternam
2449 3899 2735 3943 hereditatem
2764 3900 2821 3943 ab
2850 3899 2917 3942 in-

1584 3957 1745 3998 testato
1791 3965 1846 3997 ex
1887 3959 2013 4009 parte
2057 3954 2111 4004 (si
2153 3954 2269 3997 forte
2311 3955 2387 3998 alii
2432 3956 2562 3998 etiam
2605 3968 2660 3998 ex
2701 3954 2919 3998 anteriore

1584 4009 1861 4053 matrimonio
1897 4009 2100 4052 morienti
2135 4010 2311 4065 parenti
2347 4010 2428 4053 filii
2455 4011 2558 4063 sint)
2587 4010 2670 4054 sibi
2698 4009 2917 4064 adquisie-

1587 4070 1610 4109 3
1643 4068 1702 4118 (4)
1758 4064 1861 4108 rint.
1914 4065 1966 4107 In
1994 4065 2067 4108 illo
2099 4066 2231 4109 etiam
2259 4069 2450 4110 veterem
2479 4066 2749 4109 sanctionem
2778 4063 2917 4108 adim-

1585 4120 1756 4176 plentes
1791 4121 2086 4175 praecipimus
2117 4122 2314 4177 exemplo
2344 4121 2518 4174 matris,
2560 4120 2685 4164 cuius
2714 4131 2786 4164 res
2815 4123 2919 4175 post

1586 4175 1803 4219 secundas
1847 4177 2025 4231 nuptias
2068 4177 2169 4220 filiis
2208 4190 2263 4220 ex
2298 4178 2445 4232 priore
2486 4174 2760 4219 matrimonio
2799 4175 2915 4219 natis

1587 4231 1839 4296 suppositae
1878 4235 1983 4275 sunt
2020 4233 2077 4276 ad
2116 4233 2416 4277 conservanda
2445 4232 2507 4275 eis
2536 4232 2684 4282 lucra,
2721 4243 2835 4286 quae
2864 4243 2918 4275 ex

1588 4299 1732 4341 priore
1773 4287 1930 4331 marito
1973 4288 2031 4330 ad
2073 4300 2169 4331 eam
2206 4290 2518 4343 pervenerunt,
2564 4286 2703 4341 patris
2743 4299 2917 4341 quoque

1589 4345 1725 4396 bona,
1762 4355 1873 4398 quae
1902 4344 2035 4388 habet
2063 4344 2382 4398 habiturusque
2411 4347 2500 4396 est,
2539 4341 2641 4386 filiis
2680 4354 2734 4385 ex
2771 4342 2918 4399 priore

1586 4483 1651 4523 vel
1680 4486 1824 4524 mutuo
1849 4485 1945 4526 libri
1998 4485 2054 4536 (8)
2072 4498 2191 4526 vscr.
2209 4499 2293 4526 cum
2309 4487 2348 4535 6,
2365 4491 2424 4535 20,
2442 4493 2493 4525 17.
2518 4486 2556 4535 6,
2575 4493 2629 4535 61,
2646 4493 2667 4526 4
2724 4486 2782 4538 (9)
2798 4487 2916 4540 iunqe

1586 4541 1626 4586 5,
1654 4548 1710 4590 12,
1734 4548 1779 4581 29
1865 4541 1940 4591 (ιο)
1968 4540 2172 4581 sancimus
2201 4540 2276 4581 del.
2303 4537 2522 4581 Mommsen
2555 4548 2671 4591 recte,
2701 4555 2792 4582 nam
2814 4554 2912 4595 quae

1589 4597 1822 4636 antecedunt
1858 4611 1934 4636 non
1970 4604 2063 4637 sunt
2099 4597 2181 4638 nisi
2215 4596 2398 4649 repetitio
2438 4610 2469 4636 c.
2503 4605 2523 4637 6
2556 4600 2575 4644 5
2607 4604 2662 4647 10,
2700 4605 2920 4650 sequuntur

1588 4666 1650 4700 ea,
1681 4665 1783 4704 quae
1813 4659 1919 4691 certa
1951 4653 2180 4703 definitione
2208 4652 2366 4692 sancire
2396 4650 2645 4692 lastinianus
2674 4655 2824 4706 censuit
