3086 4732
187 165 275 216 [3

186 312 361 355 οἰκείων
389 306 533 364 εὐχῶν
561 309 644 365 τὴν
671 306 900 365 εὐμένειαν
927 309 1005 352 τοῦ
1035 306 1364 369 φιλανθρώπου
1404 307 1516 350 θεοῦ

186 371 275 410 τοῖς
303 370 462 410 κοινοῖς
490 369 738 425 περιποιεῖν
767 361 1026 419 ἐτάχθησαν
1053 363 1300 426 πράγμασι,
1338 360 1411 406 διὰ
1439 364 1518 406 τοῦ

185 438 249 465 πα
278 418 406 465 όντος
441 417 579 478 νόμου
607 422 904 475 θεσπίζομεν,
942 415 1090 465 ὁσάκις
1117 418 1174 465 ἂν
1203 423 1252 463 ἐν
1279 415 1518 474 οἷᾳδῆποτε

184 437 311 520 πόλει
348 476 569 537 ἱερατικὸν
605 471 779 534 θρόνον
815 471 1026 529 σχολάσαι
1055 481 1270 533 συμβαίη,
1311 473 1519 531 ψήφισμα

183 533 394 592 γίνεσθαι
429 550 494 577 πα
523 532 551 575 ἁ
589 533 685 575 τῶν
723 527 966 575 οἰκούντων
1000 531 1084 587 τὴν
1115 529 1254 587 αὐτὴν
1282 529 1415 575 πόλιν
1443 531 1519 573 ἐπὶ

183 590 301 646 τρισὶ
318 591 330 614 ¹
368 593 459 632 τοῖς
516 591 568 632 πὶ
603 583 723 646 ὀρθῇ
764 591 914 631 πίστει
951 591 1023 631 καὶ
1051 593 1152 644 βίου
1181 583 1417 643 σεμνότητι
1445 587 1518 628 καὶ

183 646 272 685 τοῖς
300 641 443 686 ἄλλοις
468 640 666 702 ἀγαθοῖν
681 648 1094 702 μεμαρτυρημένοις,
1125 639 1240 687 ὥστε
1263 645 1315 684 ’ἐκ
1343 637 1519 684 τούτων

182 697 265 741 τὸν
294 696 647 755 ἐπιτηδειότερον
675 698 734 740 εἰς
761 696 845 752 τὴν
873 699 1119 754 ἐπισκοπὴν
1143 697 1518 757 προχειρίζεσθαι.

187 759 204 796 1
265 755 324 795 Εἰ
349 753 433 812 γὰρ
458 754 501 796 οἱ
527 749 643 812 ἅγιοι
670 757 744 795 καὶ
766 751 938 806 ἔνδοξοι
963 752 1201 799 ἀπόστολοι
1222 753 1267 795 οἱ
1287 752 1371 806 τὴν
1396 752 1518 812 ἱερω-

184 805 324 862 σύνην
361 807 482 864 παρὰ
519 809 597 851 τοῦ
635 805 854 853 δεσπότου
889 812 1086 869 Χριστοῦ
1125 810 1203 852 τοῦ
1241 809 1354 851 θεοῦ
1391 805 1519 864 ἡμῶν

182 861 410 921 δεξάμενοι
425 867 497 905 καὶ
514 862 700 907 πάντων
707 866 805 908 τῶν
814 862 1008 925 ἀγαθῶν
1017 865 1100 920 τὴν
1107 867 1191 923 γῆν
1204 860 1520 923 πληρώσαντες

181 923 253 962 καὶ
283 918 365 973 τὴν
394 916 527 962 αὐτοῦ
553 917 846 963 διδασκαλίαν
864 917 1006 966 ἅπασι
1029 917 1394 979 παραδεδωκότες
1419 917 1521 962 οὐδὲ

184 972 312 1028 αὐτῆς
341 977 416 1028 τῆς
444 977 495 1017 ἐν
522 977 588 1030 τῷ
618 972 771 1031 κόσμῳ
801 974 946 1031 τούτῳ
985 980 1096 1031 ζωῆς
1126 972 1278 1018 αὐτῶν
1304 972 1416 1033 ὑπὲρ
1445 977 1520 1028 τῆς

181 1026 390 1099 ἡμετέρας
425 1035 646 1091 σωτηρίας
683 1034 937 1089 ἐφείσαντο,
982 1034 1078 1075 πῶς
1121 1028 1170 1074 ού
1209 1027 1383 1075 δίκαιόν
1425 1033 1519 1074 ἐστι

182 1084 281 1128 τοὺς
309 1083 592 1130 υπεισιόντας
619 1087 679 1130 εἰς
703 1086 789 1142 τὴν
819 1085 971 1131 αὐτῶν
998 1088 1126 1138 τάξιν
1153 1090 1226 1130 καὶ
1251 1088 1517 1146 ἐγκαθιστα-

181 1144 334 1196 μένους
385 1143 483 1184 τῶν
533 1139 799 1202 ἁγιωτάτων
846 1143 1088 1198 ἐκκλησιῶν
1131 1142 1269 1202 ἱερέας
1309 1141 1520 1202 καθαρὰν

181 1197 426 1250 κεκτῆσθαι
464 1203 604 1255 προαί
630 1213 725 1242 εσιν
761 1203 834 1242 καὶ
873 1202 969 1242 τῶν
1003 1202 1086 1255 μὲν
1113 1195 1354 1258 χρημάτων
1389 1194 1519 1256 ὑπερ-

182 1257 382 1311 φρονεῖν,
420 1254 572 1297 πᾶσαν
600 1215 650 1296 δὲ
675 1253 758 1308 τὴν
789 1256 961 1298 ἑαυτῶν
998 1254 1117 1309 ζωὴν
1154 1255 1213 1297 εἰς
1251 1254 1333 1298 τὸν
1369 1251 1520 1311 φιλάν-

183 1313 206 1351 2
223 1312 282 1361 (1)
312 1308 508 1367 θρωπον
518 1305 770 1352 ἀνατείνειν
779 1308 912 1361 θεόν;
932 1307 1065 1353 “Rem
1083 1307 1291 1370 προσήκει
1301 1307 1522 1354 τοιούτους

182 1363 469 1423 ἐπιλέγεσθαι
507 1368 581 1407 καὶ
620 1367 977 1423 χειροτονεῖσθαι
1015 1366 1172 1423 ἱερέας,
1202 1366 1264 1409 οἷς
1292 1363 1370 1410 οὐκ
1399 1367 1520 1409 ἔστιν

181 1419 283 1463 οὔτε
310 1424 445 1462 τέκνα
474 1418 574 1464 οὔτε
603 1424 797 1480 ἔγγονοι,
829 1419 983 1476 ἐπειδὴ
1010 1419 1089 1475 οὐχ
1117 1421 1211 1465 οἷόν
1239 1427 1292 1465 τέ
1318 1421 1413 1465 ἐστι
1440 1420 1522 1465 τὸν

181 1479 282 1534 περὶ
311 1474 389 1518 τὰς
415 1475 625 1531 βιωτικάς
653 1474 952 1533 ἠσχολημένον
981 1475 1241 1537 φροντίδας,
1272 1474 1322 1522 ἃς
1350 1477 1394 1521 οἱ
1420 1481 1520 1522 παῖ-

182 1529 251 1574 δες
278 1528 472 1587 μάλιστα
498 1536 589 1575 τοῖς
616 1535 792 1591 γονεῦσι
820 1537 1072 1592 παρέχουσι,
1102 1532 1185 1587 τὴν
1213 1535 1364 1578 πᾶσαν
1389 1549 1520 1578 σπου-

183 1583 266 1641 δήν
302 1603 351 1630 τε
388 1590 462 1630 καὶ
501 1586 678 1631 εὔνοιαν
714 1592 814 1648 περὶ
850 1588 933 1643 τὴν
969 1590 1108 1632 θείαν
1146 1588 1420 1649 λειτουργίαν
1448 1592 1521 1631 καὶ

183 1646 207 1686 3
264 1641 320 1686 τὰ
349 1641 683 1696 ἐκκλησιαστικὰ
711 1645 827 1697 ἔχειν
855 1643 1107 1711 πράγματα.
1165 1647 1310 1688 Τινῶν
1337 1644 1420 1705 γὰρ
1449 1643 1523 1687 διὰ

183 1697 265 1752 τὴν
294 1699 353 1741 εἰς
388 1698 503 1741 θεὸν
539 1697 700 1742 ἐλπίδα
728 1703 801 1741 καὶ
831 1697 905 1742 διὰ
933 1717 984 1743 το
1014 1700 1092 1744 τὰς
1130 1701 1304 1744 ἑαυτῶν
1333 1702 1520 1760 περισῶ·

184 1768 258 1797 σαι
286 1753 425 1811 ψυχὰς
453 1751 824 1814 προστρεχόντων
852 1760 949 1798 ταῖς
984 1753 1252 1815 ἁγιωτάταις
1280 1755 1523 1811 ἐκκλησίαις

183 1813 256 1852 καὶ
291 1807 348 1852 τὰ
382 1806 472 1852 ὗπά
500 1827 639 1863 χοντα
678 1807 824 1853 αὐτοῖς
861 1809 1043 1854 ταύταις
1071 1810 1421 1872 προσφερόντων
1449 1815 1522 1854 καὶ

185 1864 620 1920 καταλιμπανοντων
636 1868 711 1909 ἐπὶ
727 1868 792 1921 τῷ
824 1867 883 1910 εἰς
911 1866 1112 1920 πτωχοὺς
1139 1872 1212 1910 καὶ
1229 1873 1423 1923 πένητας
1450 1870 1522 1909 καὶ

189 1921 338 1979 ἑτέρας
366 1917 555 1975 εὐσεβεῖς
591 1918 756 1964 ταύτας
798 1920 1096 1966 δαπανᾶσθαι
1138 1929 1306 1982 χρείας,
1351 1919 1523 1967 ἄτοπόν

185 1978 280 2018 ἐστι
317 1974 418 2018 τοὺς
453 1973 716 2020 ἐπισκόπους
754 1978 812 2021 εἰς
841 1979 1001 2021 οἰκεῖον
1029 1981 1173 2021 ταῦτα
1211 1976 1523 2036 ἀποφέρεσθαι

185 2029 334 2090 κέρδος
360 2028 387 2085 ἢ
414 2035 515 2091 περὶ
546 2030 637 2074 ἴδια
664 2037 799 2075 τέκνα
826 2037 900 2076 καὶ
929 2039 1145 2093 συγγενεῖς
1170 2034 1522 2078 καταναλίσκειν.

185 2092 210 2129 4
268 2085 367 2145 Χρὴ
408 2086 491 2147 γὰρ
535 2091 608 2130 καὶ
650 2087 733 2131 τὸν
775 2090 1020 2133 ἐπίσκοπον
1069 2089 1131 2146 μὴ
1174 2087 1523 2146 ἐμποδιζόμενον

186 2143 476 2201 προσπαθείᾳ
514 2145 740 2201 σαρκικῶν
776 2148 947 2188 τέκνων
983 2142 1171 2189 πάντων
1207 2148 1304 2189 τῶν
1346 2148 1523 2191 πιστῶν

185 2197 483 2253 πνευματικὸν
512 2199 627 2242 εἶναι
655 2203 839 2258 πατέρα.
900 2198 974 2243 διὰ
1002 2203 1145 2244 ταῦτα
1172 2207 1326 2245 τοίνυν
1357 2198 1451 2246 ἁπα
1481 2218 1522 2244 ο-

185 2250 369 2312 ρεύομεν
404 2252 486 2296 τὸν
523 2255 682 2308 ἔχοντα
710 2260 844 2298 τέκνα
879 2253 906 2310 ἢ
936 2254 1135 2315 ἐγγόνους
1168 2262 1436 2316 χειροτονεῖσ
1478 2274 1523 2299 αι

185 2313 208 2351 5
242 2312 299 2363 (2.)
357 2311 611 2353 ἐπίσκοπον.
685 2310 789 2354 Τοὺς
824 2309 873 2354 δὲ
913 2314 996 2356 νῦν
1030 2311 1162 2355 ὄντας
1200 2310 1465 2357 ἐπισκόπους
1496 2308 1523 2366 ἢ

185 2363 423 2420 μέλλοντας
457 2366 669 2425 γίνεσθαι
698 2367 976 2423 θεσπίζομεν
1004 2366 1220 2424 μηδαμῶς
1255 2370 1371 2422 ἔχειν
1407 2369 1523 2420 ἐξου-

185 2531 235 2584 (1)
277 2546 311 2575 π
340 2527 531 2627 οὖώποις
570 2534 643 2573 ins.
675 2533 839 2575 Nomoc.

188 2603 261 2628 om.
329 2603 349 2628 ο
386 2618 395 2627 .

1001 2534 1056 2587 (2)
1086 2536 1145 2576 sic
1176 2534 1363 2587 Nomoc.,
1399 2550 1443 2576 τι
1471 2537 1545 2578 ins.
1573 2535 1670 2577 Coll.

1531 154 1603 213 ‘26
2547 171 2622 209 Dm
2657 169 2938 212 EPISOOPIS

1602 312 1706 350 σιάν
1743 304 2043 350 διατίθεσθαι
2081 305 2108 362 ἢ
2144 306 2394 367 δωρεῖσθαι
2431 301 2459 360 ἢ
2486 303 2598 349 καθ’
2634 308 2790 367 ἑτέραν
2818 307 2935 353 οἷαν·

1601 360 1766 417 δήποτε
1805 366 2036 421 περίνοιαν
2064 365 2257 407 ἐκποιεῖν
2285 380 2330 407 τι
2368 363 2443 416 τῆς
2472 361 2646 406 ἑαυτῶν
2674 369 2938 434 περιουσίας,

1600 414 1655 472 ἣν
1681 416 1794 474 μετὰ
1822 416 1874 460 τὸ
1900 419 2115 476 γενέσθαι
2144 422 2377 464 ἐπίσκοποι
2407 413 2648 471 ἐκτήσαντο
2683 415 2704 430 ”
2731 418 2820 463 απὸ
2845 416 2939 462 δια·

1601 475 1763 528 θηκῶν
1791 469 1818 527 ἢ
1846 469 1935 518 ἀπὸ
1965 471 2149 534 δωρεῶν
2169 473 2197 530 ἢ
2226 472 2340 518 καθ’
2374 476 2526 531 ἕτερον
2553 471 2815 528 οἱονδηποτε
2841 473 2936 534 τρό·

1601 545 1712 582 πον,
1743 527 1859 584 πλὴν
1888 529 1927 572 εἰ
1952 527 2014 585 μὴ
2040 527 2169 589 μόνα,
2198 526 2228 574 ἃ
2254 528 2342 588 πρὸ
2371 531 2446 584 τῆς
2474 530 2714 584 ἐπισκοπῆς
2741 530 2790 581 ἐξ
2821 529 2939 573 οἱασ-

1602 582 1768 640 δὴποτε
1821 585 1964 628 αἰτίας
2014 588 2144 640 ἔσχον
2185 582 2212 640 ἢ
2252 584 2365 641 μετὰ
2420 583 2503 639 τὴν
2548 584 2795 640 ἐπισκοπὴν
2850 581 2940 629 ἀπὸ

1601 644 1772 700 γονέων
1809 643 1882 684 καὶ
1922 640 2069 684 θείων
2105 644 2182 685 καὶ
2218 637 2428 698 ἀδελφῶν
2457 640 2516 683 εἰς
2544 637 2729 684 αὐτοὺς2
2767 639 2941 700 περιῆλ-

1603 702 1627 741 6
1684 697 1774 739 θεν
1802 692 1830 750 ἢ
1858 699 1930 738 καὶ
1960 695 2298 754 περιελεύσεται.
2350 695 2509 740 Πάντα
2534 693 2594 747 δὲ,
2627 692 2714 739 ὅσα
2725 694 2839 753 μετὰ
2859 694 2942 750 τὴν

1601 757 1878 812 χειροτονίαν
1903 752 1951 803 ἐξ
1974 750 2240 807 οἱασδήποτε
2266 755 2420 805 αἰτίας,
2451 751 2575 795 καθὰ
2600 752 2782 810 εἴρηται,
2811 753 2943 810 χωρὶς

1602 810 1698 851 τῶν
1741 809 1986 867 εἰρημένων
2027 807 2286 868 προσώπων
2324 810 2382 852 εἰς
2421 805 2575 850 αὐτοὺς
2613 823 2670 850 πε
2700 805 2844 862 ιῆλθε,
2885 807 2942 866 τῇ

1603 862 1714 922 παρ’
1758 859 1912 906 αὐτῶν
1947 865 2299 923 ἐπισκοπουμένῃ
2338 861 2563 922 ἁγιωτάτη
2601 865 2674 905 ἐκκ
2701 866 2808 918 ησίᾳ
2849 859 2942 906 δια-

1604 924 1752 977 φέρειν
1781 916 2011 975 κελεύομεν
2039 923 2113 961 καὶ
2143 918 2418 962 ἐκδικεῖσθαι
2447 909 2556 978 παρ’δ
2590 915 2741 974 αὐτῆς,
2769 914 2945 962 οὐδενὸς

1603 977 1751 1046 ἑτέρου
1795 972 2041 1033 προσώπου
2086 973 2331 1031 δυναμένου
2375 977 2422 1017 ἐκ
2464 975 2650 1018 τούτου8
2686 975 2745 1016 εἰς
2783 974 2944 1017 οἰκεῖον

1604 1037 1625 1076 7
1671 1034 1930 1089 απενεγκεῖν
1953 1028 2115 1089 κέρδος.
2170 1036 2239 1074 Τίς
2253 1030 2336 1090 γὰρ
2352 1027 2408 1073 ἂν
2425 1025 2813 1088 ἀμφισβητήσειεν,
2831 1025 2890 1073 ὥς
2903 1027 2946 1072 οἱ

1603 1084 1773 1131 τούτοις
1797 1085 1876 1129 τὰς
1902 1083 2015 1129 ἰδίας
2041 1083 2190 1129 οὐσίας
2215 1085 2562 1142 καταλείψαντες
2591 1084 2619 1141 ἢ
2634 1090 2706 1129 καὶ
2731 1083 2945 1150 aaran&

1603 1139 1819 1186 πάνοντες
1847 1138 1874 1196 ἢ
1898 1145 1971 1185 καὶ
2000 1138 2115 1185 καθ’
2149 1145 2300 1202 ἕτερον
2324 1139 2494 1200 τρόπον
2517 1145 2900 1202 παραπέμψαντες
2918 1156 2946 1194 η

1604 1202 1978 1258 παραπέμποντες
2001 1195 2078 1240 οὐκ
2098 1193 2411 1255 ἀφεωράκασιν
2425 1198 2483 1240 εἰς
2505 1196 2588 1251 τὴν
2611 1195 2750 1251 αὐτὴν
2766 1191 2945 1255 ἱερωσύ-

1603 1272 1687 1309 νην
1702 1258 1773 1297 καὶ
1790 1251 2118 1304 πιστεύσαντες,
2137 1249 2196 1296 ὥς
2211 1250 2260 1296 οὐ
2270 1249 2416 1320 μόνον
2429 1251 2486 1296 τὰ
2501 1250 2611 1321 παρ’
2641 1250 2794 1296 αὐτῶν
2812 1267 2945 1295 κατα·

1605 1310 1851 1368 λειφθέντα
1881 1307 2073 1365 εὐσεβῶς
2103 1307 2452 1362 δαπανησουσιν,
2491 1305 2601 1351 ἄλλα
2628 1312 2702 1351 καὶ
2729 1307 2806 1352 τὰς
2835 1304 2947 1350 ἰδίας

1606 1363 1758 1409 αὐτῶν
1798 1363 1948 1408 οὐσίας
1985 1364 2185 1407 τούτοις1
2222 1360 2552 1430 προσθήσουσι,
2585 1366 2718 1407 τοῦτο
2747 1364 2944 1414 πσιοῖισις

1605 1426 1628 1466 8
1660 1426 1715 1475 (3)
1781 1423 1860 1475 Τῆς
1899 1419 1948 1464 δὲ
1976 1422 2146 1479 γενικῆς
2183 1417 2311 1475 ἡμων
2340 1417 2503 1472 ταύτης
2532 1419 2803 1475 νομοθεσίας
2825 1418 2945 1489 μόνα

1606 1479 1864 1537 ἐξαιροῦμεν
1894 1477 1950 1520 τὰ
1973 1472 2290 1536 περιγινόμενα
2311 1472 2551 1528 οἱαδήποτε
2575 1471 2815 1542 πράγματα
2833 1477 2943 1518 Eort-

1606 1539 1753 1591 φανίῳ
1795 1535 1862 1587 τῷ
1908 1529 2144 1592 ἁγιωτάτῳ
2190 1529 2521 1590 ἀρχιεπισκόπῳ
2575 1544 2651 1584 της
2694 1527 2948 1586 εὐδαίμονος

1605 1586 1765 1643 ταύτης
1807 1587 1978 1632 πόλεως
2019 1592 2093 1631 καὶ
2137 1584 2386 1646 πατριάρχῃ
2437 1590 2563 1645 μέχρι
2607 1587 2681 1639 τῆς
2723 1581 2948 1644 παρούσης

1605 1642 1783 1705 ἡμέρας·
1830 1646 1905 1688 ἐπὶ
1947 1643 2004 1703 γά
2074 1647 2165 1687 τοῖς
2207 1639 2295 1686 ἀπὸ
2339 1643 2418 1684 τοῦ
2459 1639 2679 1700 παρόντος
2715 1639 2948 1697 μέλλουσιν

1607 1698 1727 1756 αὐτῷ
1760 1705 1972 1760 προσγίνε
2004 1661 2091 1744 θαι
2129 1703 2309 1770 κρατεῖν
2336 1697 2393 1741 τὰ
2425 1695 2534 1756 παρ’
2566 1694 2693 1752 ἡμῶν
2724 1695 2947 1765 διατυπω·

1606 1758 1752 1799 θέντα
1796 1759 1869 1798 καὶ
1913 1757 1967 1816 τῇ
2005 1752 2231 1814 ἁγιωτατῃ
2268 1750 2435 1813 μεγάλῃ
2476 1752 2682 1807 ἐκκλησίᾳ
2710 1768 2949 1813 προσηκειν

1606 1818 1630 1856 9
1663 1816 1722 1866 (4)
1779 1813 1922 1855 ταῦτα
1960 1811 2253 1867 θεσπίζομεν.
2325 1808 2452 1853 Μετὰ
2481 1807 2530 1852 δὲ
2557 1808 2640 1863 τὴν
2667 1810 2764 1851 τῶν
2791 1809 2948 1866 θεοφι-

1606 1866 1834 1911 λεστάτων
1862 1864 2124 1911 ἐπισκόπων
2151 1864 2359 1919 τελευτὴν
2385 1864 2486 1908 τοὺς
2514 1864 2626 1907 κατὰ
2654 1862 2810 1922 καιρὸν
2837 1865 2948 1907 οἰκο·

1605 1921 1762 1979 νόμους
1798 1921 1949 1982 λόγους
1974 1920 2272 1967 ἀπαιτεῖσθαι
2308 1923 2405 1964 τῶν
2433 1918 2546 1978 παρ’
2582 1917 2734 1963 αὐτῶν
2767 1918 2949 1962 καταλε-

1606 1978 1853 2035 λειμμένων
1896 1979 2175 2038 πραγμάτων
2223 1981 2296 2020 καὶ
2350 1978 2405 2044 ζῆ
2457 1972 2683 2035 ἁγιωτάτῃ
2744 1973 2949 2029 ἐκκλησίᾳ

1605 2033 1844 2094 προσήκειν
1887 2037 1934 2077 ἐκ
1975 2033 2138 2088 ταύτης
2174 2030 2302 2088 ἡμῶν
2335 2045 2411 2086 της
2447 2032 2718 2087 νομοθεσίας
2752 2027 2947 2088 ὀφειλόν-

1611 2096 1659 2134 10
1691 2095 1751 2144 (5)
1809 2107 1918 2134 των.
1984 2094 2074 2132 Καὶ
2118 2086 2276 2133 αὐτοὺς
2319 2085 2369 2130 δὲ
2410 2085 2510 2130 τοὺς
2552 2086 2802 2142 οἰκονόμους
2837 2085 2949 2130 κατὰ

1606 2150 1752 2204 κρίσιν
1795 2150 1869 2188 καὶ
1912 2143 2178 2202 δοκιμασίαν
2219 2143 2434 2203 γίνεσθαι
2477 2141 2720 2199 κελεύομεν,
2764 2139 2948 2195 εἰδότας,

1608 2201 1667 2245 ως
1695 2206 1835 2247 παντὶ
1865 2201 2019 2261 τρόπῳ
2050 2199 2163 2245 καθ’
2206 2205 2395 2243 ἕκαστον
2433 2198 2640 2242 ἐνιαυτὸν
2667 2195 2716 2242 λό
2745 2211 2818 2241 ους
2849 2194 2947 2256 ὑφέ-

1606 2259 1730 2310 ξουσι
1757 2259 1823 2312 τῷ
1854 2253 2091 2325 ἁγιωτάτῳ
2122 2255 2355 2310 ἐπισκόπῳ
2393 2256 2469 2309 τῆς
2506 2255 2666 2298 οἰκείας
2724 2251 2948 2309 ιοικήσεως

1606 2316 1681 2357 καὶ
1724 2314 1839 2366 πᾶν,
1884 2310 1994 2373 όπερ
2033 2310 2090 2357 ἂν
2128 2317 2309 2371 φανεῖεν
2347 2309 2403 2354 τὰ
2439 2308 2774 2364 ἐκκλησιαστικὰ
2811 2309 2948 2370 πράγ-

1603 2386 1725 2426 ματα
1768 2366 2136 2426 καταβλάψαντες
2178 2365 2206 2422 ἢ
2248 2364 2396 2426 κέρδος
2439 2367 2598 2409 οἰκεῖον
2647 2362 2948 2420 ποιησάμενοι,

1847 2539 1901 2588 (3)
1941 2530 2119 2577 τούτων
2150 2535 2313 2577 Nomoc.
2484 2535 2539 2588 (4)
2569 2532 2742 2578 τούτοις
2769 2535 2947 2586 Νοηιοε.,

186 2785 277 2823 tum
306 2784 386 2832 est,
417 2783 466 2823 ut
489 2779 704 2837 precibus
721 2781 816 2824 suis
835 2780 1180 2826 benevolentiam
1205 2782 1276 2827 dei
1300 2782 1524 2828 clementis

184 2834 316 2878 rebus
353 2835 654 2879 communibus
692 2836 950 2889 concilient,
980 2838 1216 2894 praesenti
1254 2838 1351 2895 leqe
1377 2840 1522 2882 sanci-

186 2903 297 2942 mus,
325 2894 389 2942 ut,
459 2891 819 2948 uotienscumque
860 2892 908 2934 in
952 2891 1150 2948 qualibet
1175 2893 1352 2938 civitate
1377 2893 1523 2937 sedem

186 2944 422 2989 sacerdota
441 2959 506 2989 em
534 2952 698 2991 vacare
712 2947 834 2990 conti
866 2947 964 2999 erit,
994 2946 1049 2990 ab
1078 2947 1135 2991 iis
1162 2948 1240 3005 qui
1265 2948 1313 2991 in
1342 2963 1396 2993 ea
1420 2949 1522 2994 civi-

189 3006 279 3044 tate
315 2999 521 3045 habitant
554 3001 775 3046 decretum
846 3007 896 3046 at
922 3002 978 3047 de
1016 3002 1158 3046 tribus
1190 3005 1427 3068 personis,
1471 3004 1524 3048 de

217 3069 376 3099 uarum
415 3061 539 3101 recta
573 3057 665 3113 fide
702 3057 793 3102 vita
831 3057 1018 3102 honesta
1051 3059 1323 3116 reliquisque
1351 3060 1522 3105 virtuti-

186 3070 270 3155 {us
309 3116 498 3164 constet,
542 3117 593 3156 ut
633 3126 694 3156 ex
738 3111 808 3156 his
849 3114 929 3171 qui
968 3127 1041 3157 ma
1075 3114 1114 3157 is
1148 3114 1335 3159 idoneus
1372 3116 1434 3160 sit
1464 3115 1525 3160 ad

189 3172 207 3210 1
268 3167 574 3231 episcopatum
616 3174 953 3226 promoveatur.
1070 3170 1087 3213 i
1134 3170 1249 3214 enim
1290 3171 1439 3215 sancti
1480 3177 1526 3216 et

186 3222 375 3280 qloriosi
404 3223 612 3281 apostoli,
645 3223 725 3280 qui
751 3223 1048 3268 sacerdotium
1077 3239 1106 3268 a
1134 3224 1314 3270 domino
1348 3225 1521 3271 Christo

187 3278 268 3322 deo
298 3283 453 3322 nostro
483 3284 752 3337 acceperunt
786 3284 833 3324 et
859 3279 1062 3324 omnibus
1090 3280 1327 3325 virtutibus
1357 3286 1523 3326 terram

186 3333 478 3391 impleverunt
513 3335 695 3399 eiusque
732 3334 984 3380 doctrinam
1019 3337 1190 3381 cunctis
1227 3337 1520 3391 tradiderunt,

186 3403 242 3433 ne
270 3389 385 3434 vitae
413 3389 588 3447 quidem
616 3390 706 3448 ipsi
722 3391 771 3434 in
791 3389 878 3435 hoc
897 3392 1061 3436 mundo
1073 3405 1166 3450 pro
1194 3392 1341 3438 salute
1365 3399 1522 3438 nostra

184 3450 501 3503 pepercerunt,
531 3445 755 3503 quomodo
796 3447 961 3491 iustum
1002 3461 1094 3491 non
1122 3447 1210 3493 erit
1247 3462 1338 3503 eos,
1368 3449 1447 3506 qui
1474 3450 1522 3493 in

187 3514 339 3544 eorum
378 3500 522 3544 locum
560 3501 802 3546 succedunt
828 3507 872 3547 et
897 3509 1288 3548 sacrosanctarum
1317 3505 1521 3550 ecclesia-

189 3569 288 3599 rum
316 3555 572 3601 sacerdotes
599 3557 914 3611 instituuntur,
934 3572 1106 3617 purum
1125 3560 1414 3618 propositum
1442 3559 1521 3605 ha-

187 3611 288 3655 bere
315 3617 360 3655 et
418 3612 619 3656 ecuniam
648 3618 924 3658 contemnere
952 3627 1121 3658 omnem
1154 3629 1208 3659 ue
1231 3616 1367 3660 vitam
1395 3626 1522 3661 suam

188 3670 212 3710 2
270 3666 331 3710 ad
388 3681 486 3711 eum
514 3668 762 3713 clementem
792 3669 1056 3728 applicare?
1129 3678 1260 3728 taque
1282 3671 1393 3716 tales
1417 3685 1521 3717 con-

187 3722 308 3767 venit
331 3722 587 3768 sacerdotes
615 3724 721 3781 eliqi
748 3729 794 3769 et
820 3725 1043 3778 ordinari,
1082 3726 1161 3783 qui
1188 3740 1330 3784 neque
1359 3727 1522 3773 liberos

187 3790 329 3834 neque
357 3784 542 3836 nepotes
576 3778 788 3833 habeant,
863 3781 1045 3825 uoniam
1091 3782 1208 3826 vitae
1250 3783 1522 3828 cottidianae

188 3833 307 3876 curis
335 3839 602 3891 occupatus,
641 3849 755 3892 quas
786 3836 819 3879 li
847 3836 915 3880 eri
933 3837 1220 3895 potissimum
1253 3838 1522 3896 parentibus

188 3889 400 3945 afferunt,
427 3903 519 3933 non
530 3895 688 3948 potest
699 3891 891 3935 studium
914 3905 1042 3936 omne
1057 3893 1458 3952 coqitationemque
1473 3895 1521 3939 in

188 3947 211 3987 3
257 3943 404 3988 divino
422 3945 544 3989 cultu
557 3945 776 4003 rebusque
798 3946 1106 3992 ecclesiasticis
1130 3949 1363 3995 collocare.
1403 3950 1521 3994 Nam

187 4012 286 4042 cum
315 3999 496 4056 quidam
516 4007 710 4059 propter
723 4016 846 4061 spem
874 4016 1008 4060 quam
1036 4003 1083 4046 in
1105 4003 1186 4048 deo
1210 4004 1374 4050 habent
1400 4010 1445 4050 et
1471 4010 1523 4049 ut

187 4055 362 4099 animae
389 4069 542 4099 eorum
569 4057 720 4101 salvae
744 4059 863 4114 fiant
890 4058 951 4102 ad
971 4066 1288 4104 sacrosanctas
1310 4060 1522 4105 ecclesias

187 4110 404 4154 accedant
438 4111 581 4168 iisque
615 4112 726 4171 ipsis
733 4113 997 4211 hfacultates
1023 4127 1130 4158 suas
1159 4115 1356 4171 offerant
1381 4121 1426 4160 et
1451 4130 1520 4161 re-

188 4166 417 4222 linquant,
455 4172 507 4210 ut
541 4167 590 4210 in
619 4174 732 4225 ptoc
765 4182 816 4212 os
853 4174 898 4213 et
922 4182 1153 4228 pauperes
1189 4171 1391 4229 aliosque
1410 4171 1522 4230 pios

188 4234 295 4265 usus
322 4221 656 4279 expendantur,
695 4223 934 4268 absurdum
970 4230 1039 4269 est
1075 4225 1309 4284 episcopos
1336 4225 1446 4271 haec
1473 4227 1521 4270 in

185 4277 422 4334 proprium
460 4277 630 4322 lucrum
659 4284 826 4323 vertere
860 4279 929 4325 vel
955 4279 1003 4323 in
1031 4279 1193 4325 liberos
1219 4295 1327 4326 suos
1354 4294 1520 4340 coqna-

189 4335 214 4393 4
273 4338 428 4396 tesque
455 4333 717 4391 expendere.
776 4321 824 4377 E
850 4335 1050 4394 iscopum
1078 4336 1193 4380 enim
1221 4342 1402 4395 oportet
1428 4351 1521 4382 non

190 4388 443 4482 zrrdtpeclitum
485 4389 732 4433 carnalium
774 4389 807 4433 li
835 4404 1012 4435 erorum
1049 4391 1286 4448 affectione
1324 4392 1520 4438 omnium

187 4440 222 4494 fi
254 4441 382 4486 elium
416 4450 591 4502 patrem
629 4458 722 4490 esse
749 4445 1040 4503 spiritualem.
1107 4448 1392 4503 quamobrem
1421 4462 1520 4494 eum

192 4495 269 4550 qui
311 4497 472 4543 liberos
512 4499 582 4545 vel
620 4505 804 4559 nepotes
830 4500 983 4555 habet,
1018 4501 1276 4560 episcopum
1315 4503 1521 4549 ordinari

194 4553 218 4591 5
274 4557 479 4597 vetamus.
547 4554 788 4614 Episcopis
825 4561 969 4601 autem
1008 4557 1086 4615 qui
1113 4571 1231 4602 nunc
1257 4564 1363 4604 sunt
1420 4558 1520 4606 uive

191 4611 321 4650 erunt
345 4609 608 4665 facultatem
646 4612 822 4657 omnino
867 4612 1100 4658 adimimus
1126 4615 1316 4660 testandi
1344 4629 1395 4662 ve
1440 4613 1518 4661 do-

1607 2783 1746 2828 nandi
1774 2783 1843 2828 vel
1859 2797 1952 2842 per
1979 2783 2114 2827 aliam
2143 2796 2278 2839 quam
2316 2782 2688 2827 machinationem
2720 2783 2948 2832 alienandi

1607 2839 1717 2895 quid
1759 2838 1814 2883 de
1854 2837 1988 2882 rebus
2013 2839 2121 2891 suis,
2151 2851 2288 2895 quas,
2319 2843 2566 2896 postquam
2601 2839 2804 2903 episcopi
2827 2841 2948 2897 facti

1606 2899 1724 2947 sunt,
1753 2894 1845 2938 sive
1873 2907 1935 2939 ex
1965 2894 2236 2938 testamentis
2262 2894 2354 2938 sive
2378 2907 2440 2939 ex
2463 2893 2781 2939 donationibus
2801 2895 2946 2941 aliove

1607 2963 1697 3006 quo
1726 2949 1859 2993 modo
1890 2948 2199 3007 adquisierint,
2229 2950 2318 2993 nisi
2345 2963 2399 2994 ea
2426 2949 2539 3002 sola,
2571 2963 2687 3007 quae
2705 2955 2811 2998 ante
2831 2951 2946 3010 epis-

1608 3010 1817 3063 copatum
1846 3019 1908 3050 ex
1936 3004 2134 3062 qualibet
2161 3018 2300 3049 causa
2331 3010 2568 3049 tenuerunt
2593 3020 2761 3063 quaeve
2779 3013 2946 3065 postea

1608 3074 1635 3103 a
1655 3061 1928 3119 parentibus
1946 3061 2133 3119 patruis
2160 3061 2391 3106 avunculis
2409 3061 2637 3118 fratribus
2658 3061 2720 3105 ad
2739 3076 2816 3106 eos
2835 3077 2945 3120 per-

1607 3120 1632 3161 6
1689 3121 1904 3161 venerunt
1930 3116 2000 3161 vel
2018 3116 2319 3174 pervenerint.
2368 3115 2527 3161 Omnia
2551 3130 2672 3170 vero,
2703 3130 2818 3174 quae
2834 3123 2947 3176 post

1608 3171 1936 3216 ordinationem
1965 3185 2040 3226 *ecc
2075 3172 2233 3229 quavis
2275 3185 2434 3225 causa,
2468 3177 2618 3230 prout
2659 3172 2822 3216 dictum
2864 3179 2943 3226 est,

1607 3241 1698 3271 non
1741 3241 1771 3272 a
1810 3227 2067 3272 memoratis
2099 3227 2313 3286 personis
2351 3226 2413 3271 ad
2448 3241 2526 3271 eos
2554 3230 2847 3286 perveniunt,
2885 3229 2947 3273 ad

1605 3288 1942 3327 sacrosanctam
1983 3282 2213 3327 ecclesiam
2256 3283 2384 3326 cuius
2425 3283 2626 3341 episcopi
2663 3289 2772 3328 sunt
2799 3284 2943 3342 perti·-

1605 3352 1710 3383 nere
1752 3343 1797 3383 et
1838 3338 1893 3383 ab
1937 3352 1992 3383 ea
2029 3338 2249 3383 vindicari
2276 3338 2495 3391 iubemus,
2540 3352 2682 3396 neque
2718 3338 2813 3383 ulla
2851 3339 2944 3384 alia

1602 3407 1802 3452 persona
1838 3394 2075 3452 quicquam
2113 3408 2175 3440 ex
2209 3393 2280 3438 his
2316 3395 2364 3438 in
2383 3394 2626 3452 proprium
2664 3394 2836 3440 lucrum
2864 3410 2943 3440 au-

1605 3454 1627 3492 7
1685 3451 1814 3508 ferre
1840 3450 2028 3509 poterit.
2097 3448 2207 3503 Quis
2241 3449 2356 3495 enim
2391 3449 2582 3502 dubitet,
2620 3451 2730 3507 quin
2767 3451 2846 3508 qui
2873 3451 2944 3496 his

1602 3505 1850 3560 facultates
1890 3519 1998 3550 suas
2050 3505 2315 3562 reliquerint
2361 3505 2430 3550 vel
2484 3505 2743 3562 relinquant
2798 3506 2943 3551 aliove

1602 3572 1693 3616 quo
1731 3560 1864 3606 modo
1904 3561 1965 3605 ad
2001 3574 2079 3605 eos
2117 3560 2427 3605 transtulerint
2463 3560 2532 3604 vel
2559 3557 2853 3612 transferant,
2883 3561 2944 3604 ad

1602 3617 1749 3672 ipsum
1771 3611 2072 3658 sacerdotium
2096 3617 2383 3670 respexerint
2402 3612 2539 3668 idque
2559 3611 2758 3668 fecerint
2780 3612 2941 3669 confisi

1601 3683 1680 3715 eos
1693 3683 1785 3714 non
1804 3668 1951 3713 solum
1973 3681 2089 3726 quae
2113 3667 2169 3711 ab
2191 3667 2304 3725 ipsis
2325 3666 2483 3712 relicta
2503 3670 2611 3711 sunt
2628 3667 2703 3725 pie
2725 3672 2938 3726 eroqatu-

1601 3739 1693 3780 ros,
1715 3724 1796 3770 sed
1817 3724 1952 3769 etiam
1964 3723 2192 3782 proprias
2208 3722 2458 3781 facultates
2479 3722 2549 3767 his
2563 3722 2800 3768 addituros
2813 3725 2936 3768 esse?

1601 3785 1626 3826 8
1683 3780 1750 3826 Ab
1780 3779 1866 3824 hac
1897 3785 2046 3824 autem
2082 3777 2286 3838 qenerali
2323 3778 2420 3836 leqe
2457 3783 2615 3822 nostra
2653 3791 2730 3824 eas
2757 3792 2832 3824 res
2862 3793 2936 3824 so-

1599 3837 1670 3882 las
1697 3835 1968 3892 excipimus,
2039 3848 2124 3879 uae
2154 3833 2440 3892 Epiphanias
2467 3835 2775 3879 sanctissimus
2802 3833 2935 3879 huius

1600 3893 1891 3952 felicissimae
1933 3848 2059 3938 urg-s
2100 3891 2465 3958 archiepiscopus
2503 3896 2547 3937 et
2573 3891 2844 3950 patriarcha
2878 3890 2940 3935 ad

1604 3950 1722 3994 hunc
1748 3963 1889 4006 usque
1918 3949 2031 3994 diem
2060 3948 2300 4008 adquisiit:
2326 3949 2374 3992 in
2396 3948 2453 3992 iis
2475 3948 2604 4001 enim,
2633 3946 2831 4011 quaetab
2851 3945 2937 3990 hoc

1605 4010 1802 4063 tempore
1848 4005 1890 4049 ei
1928 4004 2244 4062 adquirentur,
2283 4004 2430 4049 valere
2458 4017 2574 4061 quae
2602 4017 2630 4047 a
2667 4001 2796 4047 nobis
2832 4014 2935 4046 con-

1601 4061 1761 4105 stituta
1786 4064 1895 4104 sunt
1928 4074 2070 4118 eaque
2106 4059 2168 4104 ad
2202 4059 2523 4104 sanctissimam
2558 4071 2765 4116 maqnam
2801 4057 2936 4102 eccle—

1602 4119 1628 4160 9
1683 4116 1797 4159 siam
1818 4116 2048 4173 pertinere
2075 4115 2311 4159 sancimus.
2378 4113 2492 4158 Post
2517 4119 2703 4158 mortem
2732 4125 2837 4158 vero
2865 4125 2936 4176 νεῖ

1603 4170 1989 4229 liqicsissimorum
2017 4171 2328 4230 episcoporum
2358 4182 2452 4228 pro
2484 4174 2679 4233 tempore
2708 4181 2933 4213 oeconomi

1602 4225 1760 4271 debent
1800 4227 2002 4271 rationes
2043 4226 2227 4284 eaiqere
2268 4238 2416 4270 rerum
2466 4223 2522 4268 ab
2565 4224 2623 4268 iis
2663 4224 2934 4276 relictarum,

1603 4295 1719 4339 quae
1757 4295 1818 4327 ex
1855 4281 1940 4326 hac
1967 4281 2065 4340 leqc
2091 4285 2250 4326 nostra
2278 4279 2339 4325 ad
2363 4284 2698 4324 sacrosanctam
2727 4291 2934 4336 maqnam

1608 4340 1656 4380 10
1699 4336 1927 4382 ecclesiam
1932 4336 2165 4395 pertinere
2179 4336 2345 4381 debent.
2377 4333 2511 4394 Ipsos
2525 4335 2658 4399 etiam
2672 4346 2935 4398 oeconomos

1602 4405 1699 4437 cum
1727 4392 1892 4437 iudicio
1922 4404 1978 4436 ac
2005 4391 2361 4437 consideratione
2398 4403 2543 4434 creari
2571 4389 2768 4454 iubemus
2794 4401 2934 4453 scien·

1602 4452 1668 4494 tes
1697 4447 1948 4493 omnimodo
1978 4447 2169 4505 sinqulis
2202 4446 2333 4492 annis
2359 4446 2559 4490 rationes
2586 4444 2934 4509 administratio·

1600 4503 1672 4547 nis
1712 4517 1822 4550 suae
1862 4502 2142 4548 sanctissimo
2186 4502 2335 4562 episco
2371 4514 2397 4545 ο
2414 4556 2425 4566 ι
2439 4501 2624 4547 reddere
2662 4504 2721 4564 et,
2764 4512 2803 4543 st
2841 4513 2931 4557 quo

1599 4558 1762 4604 damno
1806 4571 1880 4604 res
1921 4558 2243 4604 ecclesiasticas
2357 4569 2493 4602 eczsse
2548 4555 2618 4601 vel
2666 4568 2715 4599 in
2761 4554 2932 4599 lucrum

1596 4614 1833 4675 proprium
1863 4612 1973 4676 quid
2001 4613 2182 4662 vertisse
2210 4611 2294 4661 visi
2310 4612 2499 4671 fuerint,
2530 4611 2615 4657 hoc
2640 4610 2772 4657 rebus
2797 4610 2931 4656 eccle·
