3138 4776
246 214 297 267 Il
336 217 460 264 42—
475 216 537 263 46

248 365 391 419 palam
432 364 476 404 et
519 359 738 403 evidenter
789 369 841 399 ex
883 354 1271 401 instrumentorum
1313 351 1574 408 prolatione,

247 432 333 462 non
357 429 436 470 per
459 414 637 457 testium
659 411 950 466 depositiones
975 414 1020 454 te
1042 411 1179 456 fuisse
1202 412 1412 454 minorem
1429 408 1575 449 osten-

247 480 270 515 4
329 470 441 515 deris
514 466 775 510 Huiusmodi
804 467 949 507 autem
980 471 1252 511 sacramento
1287 461 1578 526 corporaliter

246 526 455 591 praestito
500 523 668 565 nullum
712 520 793 563 tibi
836 532 1067 574 superesse
1105 521 1316 564 auxilium
1353 518 1577 574 perspicm

244 583 351 626 1uris
381 583 459 623 est.
518 577 572 620 I).
590 587 693 619 XIII
718 574 761 618 lc.
787 573 880 619 Oct.
899 573 1038 619 Sirmi
1051 577 1166 620 ΑΛ.1
1196 588 1338 620 conss.
1403 578 1459 625 [a.
1478 576 1575 625 293]

301 636 331 682 4
363 635 485 678 Idem
512 631 604 676 AA.
635 634 680 674 et
710 628 786 673 00.
811 628 951 674 Livio.
1012 630 1123 675 Cum
1153 632 1271 674 circa
1300 628 1576 684 probandum

246 703 459 735 annorum
495 698 722 731 numerum
761 684 880 740 apud
919 688 1137 730 rectorem
1173 685 1426 741 provinciae
1455 697 1576 729 erra-

245 756 336 791 tum
361 758 455 790 esse
479 753 700 798 proponas
720 743 771 783 'et
793 740 839 782 in
864 740 1115 784 huiusmodi
1147 740 1292 784 causis
1318 740 1451 784 etiam
1475 740 1578 784 filiis

243 802 429 845 familias
458 797 697 840 minoribus
728 795 950 839 subveniri
979 795 1218 840 admissum
1247 796 1318 848 sit,
1359 809 1425 850 ea,
1464 809 1579 852 quae

242 860 288 901 in
322 868 450 912 prece
490 851 731 903 contulisti,
770 851 1020 907 praesidem
1048 851 1300 907 provinciae
1329 853 1578 896 examinare

244 911 463 956 convenit:
500 908 573 963 qui
603 907 639 950 si
669 908 900 950 aestimata
929 911 1076 951 aetate
1104 912 1183 951 tua
1211 908 1420 952 maiorem
1450 909 1578 952 annis

241 968 353 1010 falsa
383 965 586 1019 opinione
615 966 660 1006 te
688 963 1036 1018 praesumpsisse
1068 976 1121 1006 ex
1141 964 1457 1062 1probationum
1480 965 1577 1008 luce

242 1020 501 1076 cognoverit,
538 1031 642 1072 erga
669 1019 848 1063 minoris
878 1032 1113 1074 personam
1174 1019 1271 1064 dem
1301 1021 1392 1064 veri
1422 1033 1577 1076 seque-

240 1084 324 1120 tur.
383 1075 437 1119 D.
463 1086 527 1140 ⁸V1
551 1074 634 1118 ἑά)
664 1073 768 1118 Deo.
801 1075 915 1119 ΛΑ.3
944 1089 1087 1119 conss.
1390 1081 1446 1129 [a.
1479 1080 1575 1128 293]

579 1190 836 1238 XXXXIII
872 1191 1227 1250 (ΧΧΧΧΙΙΙΙ).’1

240 1275 290 1315 SI
334 1272 564 1314 SAEPIUS
602 1273 664 1311 IN
695 1272 994 1368 ΙΝΤἛἙῌΓΙῘἹῚἈΙΞ
1021 1272 1354 1314 RESTITUTIO
1384 1273 1577 1314 POSTU-

445 1424 499 1476 p.
541 1408 732 1454 Severus
770 1413 816 1473 et
842 1409 1099 1453 Antoninus
1139 1410 1231 1474 AA.
1275 1409 1484 1454 Romano
1535 1415 1580 1454 et

442 1480 456 1508 1
485 1470 589 1521 post
618 1468 882 1509 sententlam
911 1466 1190 1519 proconsuhs
1221 1471 1377 1509 contra
1405 1479 1483 1509 vos
1512 1466 1576 1509 la-

295 1411 318 1458 1
354 1410 422 1454 Im

238 1467 350 1511 aliis.

236 1530 326 1566 tam
354 1521 635 1566 desiderastis
665 1521 713 1564 in
740 1521 958 1575 integrum
993 1521 1168 1565 restitui
1197 1534 1279 1565 nec
1310 1522 1576 1576 obtinuistis,

235 1579 425 1631 frustra,
464 1582 516 1621 ut
553 1591 730 1621 rursum
767 1589 819 1620 ea
849 1577 1049 1631 quaestio
1079 1577 1125 1620 in
1151 1578 1372 1633 integrum
1399 1578 1576 1621 restitu-

235 1635 365 1678 tionis
380 1637 396 1661 ⁵
425 1634 628 1688 agitetur,
660 1633 939 1677 desideratis:
972 1633 1197 1689 appellare
1212 1634 1325 1676 enim
1351 1633 1577 1686 debuistis,

235 1691 272 1734 si
321 1690 443 1734 vobis
497 1689 716 1733 sententia
763 1689 1037 1744 displicebat.
1113 1689 1193 1733 sed
1246 1690 1284 1733 si
1337 1689 1482 1733 adhuc
1533 1691 1578 1733 in

235 1758 287 1790 ea
325 1750 470 1789 aetate
509 1746 637 1799 estis,
680 1745 752 1788 cui
789 1745 1011 1788 subveniri
1049 1745 1185 1798 solet,
1223 1746 1476 1803 appellandi
1511 1747 1577 1790 ius

234 1802 356 1845 vobis
390 1802 673 1845 restituimus.
733 1799 827 1844 ΡΡ.
867 1813 898 1844 V
927 1800 970 1844 lc.
1001 1801 1115 1858 Auq.
1149 1800 1302 1846 Cilone
1336 1807 1382 1846 et
1408 1801 1579 1846 Libone

235 1871 377 1902 conss.
1385 1861 1443 1910 [a.
1478 1861 1574 1910 204]

291 1910 322 1959 2
367 1911 481 1970 Imp.
527 1911 792 1957 Alexander
834 1913 885 1955 A.
932 1910 1059 1956 Iusto
1104 1912 1245 1956 militi.
1306 1912 1577 1969 Quamquam

235 1974 461 2013 curatores
491 1969 688 2025 pupillae
718 1967 820 2011 victi
850 1972 966 2020 sunt,
999 1982 1098 2012 cum
1127 1969 1173 2011 in
1201 1969 1419 2024 integrum
1449 1970 1576 2013 resti-

233 2026 298 2068 tui
333 2025 547 2081 pupillam
585 2025 919 2075 desiderabant,
962 2038 1060 2067 cum
1099 2031 1246 2068 tamen
1275 2026 1396 2069 novis
1428 2025 1577 2069 defen-

234 2082 431 2125 sionibus
469 2093 649 2124 causam
686 2080 848 2124 instrui
884 2093 1014 2135 posse
1053 2080 1198 2134 dicas,
1248 2080 1409 2124 adeant
1450 2095 1577 2125 cura-

232 2144 351 2181 tores
390 2137 542 2180 u'xoris
580 2141 685 2180 tuae
722 2142 767 2180 et
828 2140 971 2189 etant,
1011 2140 1061 2179 ut
1098 2149 1257 2181 causas
1287 2138 1333 2180 in
1361 2138 1579 2193 integrum

232 2193 522 2237 restitutionis
563 2197 708 2248 agant.
818 2190 870 2235 P.
910 2205 942 2236 V
977 2191 1022 2236 lc.
1062 2193 1175 2250 Auq.
1218 2194 1487 2238 Alexandro
1526 2195 1577 2237 A.

233 2262 280 2293 II
305 2255 351 2293 et
376 2248 598 2293 Marcello
629 2262 772 2292 conss.
1391 2253 1447 2303 [a.
1481 2253 1578 2301 226]

291 2302 321 2351 3
354 2303 423 2348 Im
459 2339 467 2348 .
499 2303 741 2362 Philippus
770 2305 820 2348 A.
852 2308 898 2347 et
924 2302 1168 2362 Philippus
1200 2303 1242 2349 0.
1273 2306 1472 2349 Anieiae.
1529 2306 1581 2348 In

234 2374 322 2405 una
350 2373 402 2404 ea
436 2372 591 2415 emque
622 2373 760 2404 causa
787 2360 994 2404 iteratum
1022 2360 1068 2402 in
1097 2361 1313 2416 integrum
1336 2361 1580 2405 restitutio-

234 2418 302 2461 nis
333 2417 543 2460 auxilium
583 2430 674 2460 non
702 2416 818 2469 iure,
859 2415 945 2459 nisi
974 2429 1113 2460 novae
1143 2416 1420 2461 defensiones
1450 2429 1579 2472 prae-

233 2473 494 2525 tendantur,
532 2474 657 2528 posci
698 2485 831 2528 saepe
870 2472 1134 2527 rescriptum
1170 2479 1250 2516 est.
1316 2472 1409 2516 ΡΡ.
1441 2485 1488 2517 11
1535 2472 1578 2517 lc.

236 2529 321 2574 Iul.
352 2528 602 2587 Pereqrino
633 2534 678 2572 et
705 2528 954 2572 Aemiliano
991 2541 1133 2572 conss.
1392 2533 1447 2581 [a.
1481 2532 1578 2583 244]

580 2644 861 2691 XXXXIIII
898 2643 1217 2705 (XXXXV).⁵·

235 2727 312 2767 DE
334 2725 430 2766 HIS
454 2726 552 2772 Qm
567 2725 794 2766 VENIAM
819 2724 1056 2764 AETATIS
1082 2724 1580 2766 IMPETRAVERUNT.

295 2806 320 2852 1
357 2806 470 2864 Imp.
511 2806 782 2849 Aurelianus
818 2806 870 2848 A.
901 2805 1199 2862 Aqatlioeleti.
1267 2806 1373 2859 Eos,
1407 2807 1480 2861 qui
1508 2820 1580 2850 ve-

238 2864 356 2906 niam
392 2862 581 2905 aetatis⁰
618 2861 986 2915 impetraverunt,
1033 2862 1206 2905 etiamsi
1242 2862 1386 2905 minus
1425 2863 1582 2905 idonee

239 2931 332 2962 rem
362 2930 487 2960 suam
517 2917 822 2959 administrare
852 2917 1103 2970 videantur,
1134 2918 1180 2959 in
1209 2917 1425 2972 integrum
1453 2919 1580 2961 resti-

239 2973 422 3017 tutionis
461 2972 671 3015 auxilium
709 2973 946 3027 impetrare
983 2986 1072 3016 non
1111 2985 1243 3027 posse
1275 2973 1582 3016 manifestissi-

239 3043 357 3072 mum
410 3034 499 3080 est,
543 3041 600 3072 ne
654 3028 729 3084 qui
777 3041 876 3071 cum
921 3028 983 3072 eis
1025 3029 1305 3072 contraheret
1350 3029 1584 3085 principali

239 3085 504 3129 auctoritate
543 3084 799 3128 circumseri
833 3089 904 3128 tus
945 3097 1042 3128 esse
1079 3085 1313 3128 videatur.⁷
1381 3084 1475 3128 ΡΡ.
1517 3084 1583 3129 lc.⁸

242 3140 325 3185 Iul.
356 3141 602 3184 Aureliano
631 3141 683 3183 A.
714 3144 759 3183 et
823 3140 1045 3197 apitolino
1077 3154 1219 3184 conss.
1394 3145 1450 3193 [a.
1483 3144 1580 3193 274]

297 3194 328 3242 2
359 3195 493 3254 ⁹Imp.
529 3194 848 3240 Constantinus
875 3197 928 3239 A.
960 3195 1022 3239 ad
1060 3195 1270 3240 Verinum
1291 3210 1374 3254 pu.
1421 3196 1581 3241 Omnes

240 3253 566 3304 adulescentes,
616 3251 691 3306 qui
731 3252 962 3295 honestate
998 3265 1168 3295 morum
1207 3252 1396 3307 praediti
1433 3257 1581 3308 pater·

240 3322 342 3352 nam
379 3308 548 3363 frugem
588 3308 656 3351 vel
695 3320 874 3350 avorum
911 3307 1178 3362 patrimonia
1219 3309 1466 3363 gubernare
1506 3322 1582 3352 cu-

239 3365 368 3421 piunt
404 3369 448 3407 et
488 3376 621 3420 super
654 3364 740 3407 hoc
756 3364 790 3390 ¹⁰
818 3363 1034 3419 imperiali
1062 3364 1227 3407 auxilio
1256 3364 1451 3420 indigere
1483 3378 1582 3410 coe-

239 3421 396 3476 perint,
426 3419 489 3462 ita
520 3419 691 3462 demum
722 3419 878 3462 aetatis
909 3420 1080 3463 veniam
1108 3421 1342 3475 impetrare
1377 3421 1583 3473 audeant,

243 3489 343 3519 cum
383 3475 579 3518 vicesimi
622 3475 724 3517 anni
767 3478 906 3519 metas
947 3476 1241 3530 impleverint,
1285 3477 1348 3519 ita
1391 3481 1440 3520 ut
1482 3482 1585 3533 post

239 3532 517 3587 impetratam
555 3532 711 3573 aetatis
752 3531 922 3574 veniam
960 3531 1076 3574 idem
1111 3532 1195 3587 ipsi
1235 3545 1315 3589 per
1344 3546 1390 3576 se
1419 3533 1583 3588 princi-

241 3589 342 3643 pale
380 3586 642 3631 beneficium
680 3586 932 3641 adlegantes
972 3601 1060 3630 non
1099 3589 1241 3631 solum
1284 3589 1582 3645 praescripto-

242 3657 342 3687 rum
371 3651 587 3686 annorum
616 3655 844 3686 numerum
873 3643 1086 3698 probent,
1125 3644 1203 3687 sed
1232 3645 1364 3687 etiam
1393 3645 1583 3690 testibus

241 3699 409 3742 idoneis
450 3699 674 3742 advocatis
714 3712 883 3742 morum
927 3712 1105 3742 suorum
1140 3700 1346 3744 instituta
1384 3702 1582 3756 probita-

241 3762 417 3810 temque
468 3754 602 3798 animi
653 3757 744 3797 et¹¹
792 3755 1094 3798 testimonium
1143 3756 1258 3800 vitae
1315 3757 1583 3801 honestioris

246 3816 264 3854 1
324 3811 554 3855 edoceant.
599 3810 804 3854 Feminas
830 3824 1017 3866 quoque,
1049 3824 1158 3867 quas
1182 3826 1351 3856 morum
1372 3813 1582 3858 honestas

242 3867 488 3923 mentisque
516 3866 711 3910 sollertia
741 3867 1028 3921 commendat,
1072 3881 1170 3911 cum
1202 3874 1404 3912 octavum
1434 3874 1479 3912 et
1507 3870 1583 3913 de-

244 3923 401 3966 cimum
440 3935 605 3966 annum
643 3935 844 3978 egressae
882 3922 1069 3976 fuerint,
1107 3925 1276 3968 veniam
1315 3925 1474 3969 aetatis
1504 3925 1583 3969 im-

243 3984 421 4033 petrare
450 3979 685 4022 sancimus.
754 3978 833 4022 sed
870 3991 944 4023 eas
974 3984 1154 4035 propter
1183 3981 1397 4036 pudorem
1426 3994 1480 4025 ac
1508 3994 1583 4025 ve-

243 4034 496 4080 recundiam
533 4033 842 4078 feminarum¹2
886 4035 933 4078 in
972 4041 1102 4079 coetu
1118 4037 1152 4063 ¹³
1186 4037 1364 4093 publico
1406 4037 1582 4083 demon·

246 4177 295 4227 (1)
324 4188 385 4215 aa.
416 4177 575 4229 scripsi,
613 4188 671 4217 eo.
694 4177 766 4227 (=
793 4192 830 4217 a.
847 4177 933 4226 294)
967 4177 1065 4218 Hal.

246 4234 299 4283 (3)
329 4243 391 4271 aa.
417 4232 468 4282 P,
497 4244 554 4272 cc.
585 4232 685 4273 Hal.
802 4234 855 4283 (4)
888 4233 930 4273 Β
963 4235 1027 4282 10,
1058 4241 1103 4274 26

248 4304 319 4327 om.
343 4285 475 4328 PCR⁶
505 4296 642 4328 contra
672 4288 716 4328 B
829 4289 899 4340 (5¹)
930 4289 974 4329 B
1009 4290 1071 4340 10,
1101 4298 1142 4331 27
1269 4292 1323 4343 (6)
1360 4290 1587 4344 principali

248 4343 464 4384 clementia
492 4345 565 4384 ins.
599 4343 640 4383 P
664 4352 804 4384 contra
834 4345 878 4385 B
907 4345 973 4395 (ex
1002 4359 1032 4384 c.
1065 4353 1085 4386 3
1117 4347 1153 4385 h.
1187 4355 1211 4386 t.
1223 4349 1258 4397 7)
1372 4349 1427 4400 (7)
1456 4349 1516 4389 εἰσ
1546 4348 1586 4388 R

252 4414 333 4439 cum
352 4399 407 4447 Β,
433 4399 723 4439 contraherent
746 4412 786 4451 p.
813 4413 848 4439 a.
866 4400 1167 4453 circumscripti
1183 4414 1263 4442 esse
1279 4402 1497 4443 videantur
1514 4403 1592 4445 Po

251 4458 304 4503 (8)
334 4455 371 4493 k.
388 4455 502 4506 Hal„
531 4468 615 4495 vm
639 4456 680 4495 k.
698 4455 739 4495 P
875 4455 931 4507 (9)
958 4471 1024 4508 pr.
1054 4488 1063 4497 .
1082 4486 1092 4496 .
1110 4487 1119 4497 .
1154 4463 1172 4504 §
1193 4467 1212 4497 2
1242 4478 1297 4494 =
1331 4459 1403 4500 Th.
1427 4461 1468 4510 2,
1491 4468 1545 4510 17,
1568 4468 1585 4500 1

253 4509 327 4558 (ιο)
355 4522 476 4561 super
503 4511 581 4551 hoc
612 4526 683 4552 om.
711 4511 783 4552 Th.
817 4520 955 4553 contra
986 4511 1030 4552 B
1151 4514 1219 4564 (11)
1250 4516 1292 4554 et
1321 4515 1385 4555 R⁰
1414 4530 1497 4556 cum
1528 4515 1585 4565 Β,

255 4578 327 4602 om.
361 4563 488 4605 PGRb
566 4569 639 4619 (12)
670 4566 914 4607 feminarum
943 4582 1016 4608 om.
1047 4568 1117 4609 172.
1148 4578 1286 4610 contra
1317 4570 1360 4611 Β
1439 4570 1511 4621 (13)
1541 4571 1587 4610 111

254 4620 372 4657 coetu
403 4620 619 4670 M⁰Th.B,
649 4623 785 4662 coetui
826 4623 938 4663 PCR
1057 4625 1128 4675 (14)
1162 4624 1334 4665 testibus
1374 4641 1445 4667 om.
1487 4626 1588 4667 PR⁰

258 4681 395 4713 contra
415 4673 530 4715 Thss
595 4679 670 4729 (15)
687 4678 870 4730 quinquo
887 4681 960 4719 ins.
980 4679 1080 4721 1³⁶0
1101 4689 1242 4720 contra
1260 4681 1382 4722 171.ss
1437 4685 1514 4734 (16)
1529 4683 1589 4724 n'c

1167 4178 1222 4229 (2)
1252 4178 1308 4219 id.
1336 4179 1453 4230 Hal„
1482 4179 1522 4218 k.
1548 4179 1590 4220 P

1218 4237 1272 4285 (5)
1307 4235 1353 4275 in
1382 4235 1458 4275 int.
1489 4237 1584 4276 rest.

1571 198 1665 255 114

2267 214 2316 253 s1
2351 199 2581 253 SAEPIUS‘
2611 211 2669 252 m
2705 203 2990 252 immania

1658 347 1792 392 strati
1829 347 2015 392 testibus
2028 351 2063 401 ¹,⁴
2102 364 2190 396 non
2228 352 2443 407 cogimus,
2483 349 2562 394 sed
2597 354 2808 408 percepta
2837 349 2995 395 aetatis
3081 371 3082 374 ¹
3124 384 3126 389 .

1658 405 1783 447 venia
1828 415 1969 447 annos
2007 407 2178 450 tantum
2215 409 2404 463 probare
2442 405 2630 449 testibus
2647 407 2681 433 ¹³
2726 407 2796 451 vel
2830 407 2995 451 instru-
3076 435 3078 437 ·

1658 459 1839 510 mentis,
1884 458 2017 503 misso
2059 468 2369 517 procuratore,
2416 460 2719 515 concedimus,
2770 466 2823 505 ut
2865 461 2997 506 etiam
3076 467 3079 470 ’

1658 517 1781 571 ipsae
1823 514 1870 558 in
1909 516 2109 561 omnibus
2147 519 2333 574 negotiis
2373 518 2460 560 tale
2499 517 2569 560 ius
2608 517 2823 572 habeant,
2865 517 2997 573 quale

1660 583 1801 614 mares
1838 570 2002 614 habere
2036 575 2399 631 praescripsimus
2417 575 2463 623 ¹⁶,
2502 572 2567 615 ita
2594 576 2755 627 tamen,
2791 575 2843 616 ut
2868 583 2998 628 prae-
3078 575 3085 604 ·''
3129 579 3131 584 ’

1660 632 1683 670 2
1757 625 1830 670 dia
1872 626 1967 671 sine
2007 626 2180 674 decreto
2223 643 2313 674 non
2356 629 2560 672 alienent.
2633 627 2721 672 Sed
2768 632 2997 672 senatores
3082 631 3087 678 j:

1660 682 1832 738 quidem
1877 682 2107 727 clarissimi
2146 686 2227 728 viri
2270 686 2316 728 in
2359 685 2443 728 hac
2481 683 2601 739 regia
2644 684 2755 728 urbe
2807 695 2998 728 commo·

1659 742 1807 782 rantes
1851 737 1970 793 apud
2012 739 2323 784 sublimitatem
2367 746 2509 791 tuam,
2556 739 2690 782 ceteri
2731 751 2835 783 vero
2877 738 3000 796 apud
3086 734 3087 738 ’

1659 797 1932 850 praetorem,
1970 793 2017 836 in
2055 796 2288 851 provinciis
2328 803 2476 840 autem
2515 808 2667 839 omnes
2701 794 2820 850 apud
2848 806 3000 841 earum

1659 854 1852 893 rectores
1890 849 1944 892 de
1983 850 2075 894 suis
2112 852 2310 896 moribus
2349 857 2394 896 et
2429 852 2661 895 honestate
2709 850 2995 906 perdoceant.

1661 910 1684 949 3
1742 905 1802 947 Hi
1848 917 1972 958 vero,
2018 906 2092 960 qui
2146 912 2301 951 contra
2342 912 2627 952 memoratam
2670 905 3002 962 dispositionem

1658 961 1829 1005 veniam
1858 961 2016 1005 aetatis
2045 961 2385 1017 impetraverint,
2417 964 2563 1007 sciant
2584 975 2681 1006 eam
2710 962 2855 1006 nullas
2889 961 3003 1005 vires

1661 1017 1872 1061 obtinere.
1951 1015 2080 1060 ¹⁷PP.
2119 1029 2189 1061 III
2227 1018 2270 1062 lc.
2316 1018 2416 1063 Iun.
2461 1018 2633 1062 Romae
2674 1017 2833 1076 Crispo
2872 1027 2920 1062 II
2959 1021 3008 1071 et

1663 1072 1956 1117 Constantino
1987 1083 2035 1115 11
2063 1070 2140 1117 00.
2171 1077 2359 1118 conss.¹⁸
2815 1076 2872 1127 [a.
2903 1074 3002 1126 321]

1717 1126 1746 1175 3
1784 1126 1934 1186 ¹⁹Imp.
1965 1125 2251 1173 Iustinianus
2278 1130 2329 1173 A.
2359 1128 2521 1174 Menae
2541 1144 2625 1188 pp.
2683 1130 2790 1182 EOS,
2827 1129 2901 1184 qui
2927 1140 3002 1173 ve-

1660 1186 1776 1228 niam
1816 1183 1975 1228 aetatis
2011 1184 2248 1240 principali
2287 1185 2516 1229 clementia
2553 1187 2902 1241 impetraverunt
2934 1185 3005 1229 vel

1660 1240 2006 1296 impetraverint,
2051 1253 2141 1282 non
2183 1240 2327 1284 solum
2369 1241 2701 1294 alienationem,
2750 1240 2830 1285 sed
2873 1241 3005 1284 etiam

1660 1297 1952 1353 hypothecam
1980 1295 2155 1339 minime
2184 1309 2316 1350 posse
2353 1297 2447 1340 sine
2477 1297 2642 1341 decreti
2668 1296 3005 1354 interpositione

1659 1367 1805 1396 rerum
1836 1365 2015 1396 suarum
2044 1351 2332 1394 immobilium
2363 1351 2511 1396 facere
2548 1353 2772 1406 iubemus,
2809 1353 2858 1396 in
2895 1365 3004 1409 qua-

1659 1423 1758 1452 rum
1787 1407 2050 1451 alienatione
2079 1406 2148 1449 vel
2184 1407 2436 1463 hypotheca
2474 1407 2700 1452 decretum
2735 1407 2824 1452 illis
2852 1420 3004 1453 neces-

1660 1465 1826 1509 sarium
1864 1466 1951 1516 est,
1993 1462 2068 1518 qui
2105 1462 2293 1506 necdum
2332 1463 2506 1506 veniam
2545 1463 2705 1507 aetatis
2738 1468 3006 1522 meruerunt,

1660 1527 1710 1564 ut
1738 1520 1890 1565 similis
1919 1520 1977 1563 sit
2005 1520 2052 1562 in
2079 1531 2134 1562 ea
2162 1523 2289 1573 parte
2317 1519 2518 1564 condicio
2547 1519 2765 1564 minorum
2799 1519 3006 1572 omnium,

1661 1578 1752 1621 sive
1821 1577 1930 1620 etita
1965 1575 2055 1619 sive
2093 1587 2183 1619 non
2218 1575 2276 1618 sit
2315 1576 2471 1619 aetatis
2511 1576 2651 1621 venia.
2715 1574 2771 1619 D.
2811 1586 2909 1620 VIII
2945 1574 3005 1620 id.

1661 1634 1802 1692 Apri.
1835 1632 1975 1676 Decio
2006 1644 2068 1676 ve.
2101 1644 2221 1674 cons.
2819 1635 2876 1684 [a.
2907 1634 3007 1684 529]

1717 1688 1749 1735 4
1780 1687 1961 1740 ,2⁰Idem
2003 1689 2055 1731 A.
2102 1686 2165 1730 ad
2205 1692 2422 1730 senatum.
2493 1686 2539 1730 Si
2579 1687 2676 1742 quis
2714 1685 2884 1743 aliquid
2911 1686 3009 1740 dari

1661 1746 1728 1789 vel
1767 1744 1862 1789 fieri
1891 1743 2079 1787 voluerit
2114 1747 2159 1786 et
2186 1742 2405 1797 legitimae
2440 1743 2600 1787 aetatis
2640 1742 2795 1787 fecerit
2821 1743 3007 1788 mentio-

1662 1815 1760 1846 nem
1798 1801 1867 1844 vel
1906 1801 1970 1843 sic
2007 1799 2210 1842 absolute
2249 1798 2409 1842 dixerit
2445 1798 2691 1854 ‘perfectae
2721 1799 2916 1854 aetatis'‚
2955 1799 3006 1843 il-

1660 1859 1750 1901 lam
1777 1855 2081 1900 tantummodo
2122 1857 2310 1898 aetatem
2339 1855 2606 1898 intellectam
2636 1868 2734 1900 esse
2762 1855 2904 1899 videri
2932 1869 3006 1900 vo-

1661 1916 1827 1966 lumus,
1869 1925 1982 1968 quae
2022 1924 2076 1955 ex
2104 1911 2257 1966 viginti
2294 1910 2485 1966 quinque
2525 1924 2742 1955 annorum
2777 1912 3008 1956 curriculis

1663 1970 1919 2025 completur,
1961 1981 2051 2011 non
2082 1967 2137 2010 ab
2167 1967 2382 2022 imperiali
2411 1966 2626 2011 beneficio
2659 1967 2906 2022 suppletur.
2964 1972 3010 2012 et

1662 2025 1899 2081 praecipue
1937 2023 2112 2079 quidem
2148 2023 2195 2065 in
2235 2023 2621 2066 substitutionibus
2656 2024 2726 2066 vel
2763 2022 3008 2068 restitutio-

1662 2083 1792 2125 nibus
1822 2081 1908 2124 hoc
1936 2079 2129 2134 intellegi
2161 2079 2400 2122 sancimus:
2442 2079 2578 2122 nihilo
2610 2079 2756 2123 minus
2787 2083 2935 2123 autem
2963 2083 3009 2124 et

1662 2139 1708 2180 in
1738 2137 1859 2190 aliis,
1899 2135 1985 2179 nisi
2014 2135 2263 2191 specialiter
2293 2136 2524 2190 quisquam
2552 2135 2770 2178 addiderit
2799 2148 2855 2179 ex
2881 2135 3008 2180 venia

1663 2193 1822 2237 aetatis
1851 2192 1962 2236 velle
1992 2191 2157 2247 aliquid
2186 2191 2438 2246 procedere.
2495 2189 2551 2234 D.
2583 2203 2643 2234 XI
2673 2189 2716 2235 lc.
2747 2192 2862 2250 Auq.
2896 2189 3010 2236 Con-

1662 2247 1962 2307 stantinopoli
1977 2246 2228 2305 Lampadio
2245 2251 2290 2290 et
2307 2245 2462 2292 Oreste
2476 2261 2541 2291 vv.
2559 2260 2620 2291 oe.
2637 2260 2782 2291 conss.
2835 2250 2891 2300 [a.
2910 2249 3017 2302 5301.

2031 2363 2259 2411 XXXXV
2297 2361 2639 2421 (XXXXVI).²¹

1804 2444 1855 2486 SI
1884 2443 2066 2485 MAIOR
2093 2443 2307 2484 FACTUS
2337 2444 2534 2484 RATUM
2561 2443 2867 2486 HABUERIT.

1722 2525 1747 2573 1
1784 2525 1931 2591 Impp.
1962 2525 2274 2590 Diocletianus
2312 2530 2356 2570 et
2382 2525 2696 2571 Maximianus
2723 2527 2815 2570 AA.
2855 2525 3010 2573 etcC.

1666 2582 1969 2649 Eutychiana
2045 2581 2091 2625 Si
2142 2585 2259 2626 mter
2300 2582 2492 2626 minores
2536 2582 2730 2648 quinque
2773 2585 2820 2627 et
2859 2582 3012 2649 yigInti

1666 2652 1792 2683 anms
1846 2639 1915 2683 vel
1968 2638 2188 2693 scriptura
2230 2639 2494 2694 interposita
2536 2639 2604 2682 vel
2652 2651 2747 2683 sme
2790 2643 3011 2705 scriptura

1664 2696 1786 2739 facta
1829 2695 1924 2739 sine
1969 2694 2069 2737 dolo
2116 2694 2268 2737 divisio
2313 2700 2382 2738 est
2426 2706 2607 2750 eamque
2645 2700 2747 2751 post
2774 2695 3012 2751 legitimam

1665 2756 1855 2795 aetatem
1906 2756 2050 2794 ratam
2095 2750 2319 2802 fecerunt,
2375 2763 2550 2794 manere
2591 2752 2809 2806 integram
2851 2751 3012 2796 debere

1667 2807 1883 2850 convenit.
1943 2806 1989 2850 S.
2030 2817 2127 2848 VIII
2152 2805 2195 2848 lc.
2225 2804 2335 2848 Mai.
2367 2807 2459 2849 AA.
2492 2820 2635 2849 conss.
2784 2811 2787 2814 “
2823 2811 2879 2859 [α.
2911 2809 3010 2860 293]

1722 2860 1754 2908 2
1785 2861 1951 2906 2²Idem
1979 2861 2071 2904 AA.
2103 2865 2148 2905 et
2179 2859 2256 2904 00.
2289 2859 2452 2905 Soteri.
2512 2861 2598 2916 Qui
2625 2867 2728 2917 post
2755 2863 3011 2906 vicesimum

1666 2919 1867 2974 quintum
1911 2930 2072 2960 annum
2118 2916 2276 2960 aetatis
2315 2929 2368 2960 ea
2412 2930 2526 2972 quae
2571 2918 2615 2960 in
2655 2918 2823 2962 minore
2865 2923 3011 2965 aetate

1663 2978 1789 3029 gesta
1818 2978 1924 3017 sunt
1953 2978 2049 3016 rata
2083 2972 2354 3024 habuerunt,
2393 2973 2560 3016 frustra
2600 2973 2908 3019 rescissionem
2937 2986 3011 3019 eo-

1666 3044 1764 3074 rum
1793 3029 2033 3086 postulant.
2095 3027 2193 3072 D.2³
2220 3028 2279 3071 id.
2311 3028 2438 3072 Febr.
2474 3027 2550 3073 00.
2583 3042 2727 3074 conss,
2821 3030 2880 3088 [a.
2911 3033 3009 3084 294]

2011 3118 2263 3192 XXxXVI
2299 3145 2666 3206 (XXXXVII).²⁴

1665 3226 1763 3267 UBI
1799 3226 1873 3267 ΕΤ
1904 3225 2052 3266 APUD
2083 3225 2244 3272 QUEM
2277 3225 2545 3268 COGNITIO
2583 3226 3023 3269 RESTITUTIONIS

2126 3282 2418 3323 AGITANDA
2447 3283 2547 3324 SIT.

1725 3363 1748 3409 1
1798 3361 1912 3421 Imp.
1944 3364 2200 3408 Antoninus
2228 3365 2280 3408 A.
2313 3363 2491 3410 Severo.
2561 3365 2609 3409 Si
2646 3364 2752 3421 quid
2789 3377 2818 3410 a
2849 3377 3011 3422 procu-

1666 3425 1815 3463 ratore
1843 3432 1941 3463 meo
1971 3420 2214 3464 iudicatum
2245 3425 2334 3475 est,
2375 3420 2420 3464 id
2458 3434 2537 3477 per
2565 3422 2612 3464 in
2639 3421 2860 3477 integrum
2886 3421 3013 3466 resti-

1666 3477 1880 3520 tutionem
1933 3476 2147 3532 praesidis
2202 3477 2422 3521 sententia
2473 3491 2564 3521 non
2616 3482 2766 3533 potest
2806 3476 3019 3522 rescindi.-

1666 3533 1873 3588 princeps
1913 3533 2027 3576 enim
2067 3533 2186 3577 solus
2237 3538 2393 3577 contra
2441 3534 2701 3577 sententiam
2749 3538 3011 3589 procurato-

1667 3602 1766 3632 rum
1809 3601 1990 3632 suorum
2031 3589 2078 3632 in
2119 3589 2335 3644 integrum
2378 3589 2611 3633 restituere
2645 3589 2772 3634 solet.
2830 3587 2926 3633 PP.
2967 3597 3015 3633 η

1668 3644 1710 3688 lc.
1741 3643 1890 3688 Dee.²⁵
1919 3643 2061 3689 Laeto
2092 3655 2140 3702 II
2164 3650 2210 3688 et
2240 3643 2418 3689 Cereale
2450 3658 2594 3688 conse.
2823 3648 2879 3698 [a.
2912 3647 3010 3698 215]

1725 3697 1756 3746 2
1798 3698 1943 3758 Impp.
1973 3699 2283 3744 Diocletianus
2321 3705 2366 3744 et
2392 3699 2706 3745 Maximianus
2740 3700 2832 3745 AA.
2873 3701 3012 3758 Aqui-

1668 3755 1799 3800 linae.
1866 3756 2082 3811 Quoniam
2111 3768 2184 3809 ea,
2224 3769 2337 3812 quae
2375 3756 2421 3799 in
2459 3756 2761 3800 transactione
2790 3755 2886 3815 dari
2914 3756 3011 3822 pla-

1669 3815 1834 3866 cuerat,
1862 3814 1908 3855 te
1935 3811 2170 3856 tradidisse
2197 3825 2436 3869 proponas,
2468 3826 2740 3869 consequens
2772 3817 2853 3865 est,
2890 3826 2928 3857 si
2957 3811 3013 3857 de

1667 3869 1736 3913 his
1790 3868 2037 3924 repetendis
2089 3881 2170 3924 per
2217 3867 2264 3911 in
2314 3868 2534 3924 integrum
2578 3868 2903 3913 restitutionem
2943 3868 3012 3912 vel

1668 3937 1986 3981 quamcumque
2015 3924 2146 3967 aliam
2175 3936 2353 3968 causam
2414 3925 2605 3970 utaveris
2640 3923 2876 3980 agendum,
2915 3923 3012 3968 eius

1668 3981 1791 4024 adire
1834 3984 1879 4023 te
1920 3981 2174 4035 provinciae
2216 3981 2363 4036 praesi
2395 3993 2486 4033 em,
2530 3981 2576 4024 in
2619 3992 2708 4037 qua
2744 3979 3013 4024 domicilium

1667 4036 1834 4081 habent
1862 4049 1974 4092 quos
2004 4037 2224 4081 convenis.

1669 4179 1762 4219 dett.
1794 4177 1927 4228 RB,
1965 4178 2246 4232 rescripsimus
2284 4177 2398 4219 PCR
2547 4177 2623 4229 (17)
2652 4177 2692 4219 d.
2721 4189 2752 4216 v
2784 4175 2842 4219 id.
2874 4175 3019 4231 April.-

1668 4233 1848 4275 Thessal.
1879 4235 1953 4275 ins.
1984 4235 2057 4276 Th.
2153 4236 2230 4287 (18)
2257 4235 2318 4276 sic
2350 4235 2437 4286 Th„
2482 4246 2516 4274 11
2545 4236 2587 4273 et
2615 4233 2877 4274 constantino
2906 4245 3009 4275 caen.

1668 4302 1705 4330 11
1732 4302 1832 4330 coss.
1868 4290 1985 4342 Hal„
2031 4293 2072 4332 et
2109 4293 2238 4332 const.
2270 4302 2307 4331 11
2339 4291 2382 4331 et
2409 4302 2499 4330 con.
2528 4301 2577 4329 ss.
2610 4289 2670 4330 P.-
2705 4290 2832 4330 scribi
2865 4290 3012 4343 debuit,

1669 4355 1712 4387 ut
1733 4348 1948 4399 proposuit
1974 4346 2061 4388 Iac.
2096 4347 2380 4400 Gothofredus,
2410 4344 2556 4397 Crispo
2584 4357 2637 4385 111
2666 4347 2707 4385 et
2736 4343 3011 4386 Constantino

1669 4414 1723 4442 111
1752 4401 1834 4443 GC.
1865 4414 1993 4443 conss.
2026 4405 2097 4454 (τε
2115 4415 2151 4442 a.
2170 4404 2266 4453 324),
2297 4417 2388 4443 nam
2414 4401 2505 4443 huic
2535 4415 2640 4442 anno
2669 4401 2749 4442 soli
2777 4401 3014 4443 conveniunt
3092 4411 3105 4446 1

1670 4466 1709 4499 et
1730 4459 1994 4512 praefectura
2020 4459 2162 4500 Ver-ini
2189 4467 2226 4500 et
2243 4455 2555 4499 Thessalonicae
2571 4458 2667 4509 (noe.
2684 4455 2742 4507 17)
2800 4458 2872 4503 (19)
2891 4457 3011 4511 iunye

1669 4516 1709 4565 5,
1740 4523 1798 4565 7⁴,
1827 4523 1849 4556 a
1962 4514 2041 4565 (2ο)
2073 4516 2191 4568 iunye
2213 4515 2253 4566 3,
2277 4522 2337 4564 aa,
2361 4521 2414 4555 12,
2445 4515 2485 4563 5,
2509 4522 2542 4564 4,
2571 4521 2626 4554 24.
2657 4514 2698 4564 5,
2712 4520 2772 4563 2ο,
2789 4519 2823 4553 2.
2855 4513 2894 4564 6,
2912 4519 3007 4563 25,⁶

1671 4572 1740 4618 (21)
1773 4571 1817 4611 Β
1850 4572 1915 4622 10,
1946 4579 1991 4612 28
2133 4570 2212 4622 (22)
2242 4571 2360 4623 iunqe
2389 4569 2427 4619 2,
2459 4577 2517 4621 32,
2547 4578 2562 4609 1

1669 4634 1773 4721 32,11
1804 4681 1845 4722 Ρ
1927 4628 2006 4678 (24)
2038 4627 2079 4667 Β
2113 4628 2177 4679 10,
2208 4634 2253 4668 29
2415 4626 2491 4676 (25)
2521 4625 2580 4666 sic
2610 4623 2723 4675 Hal„
2755 4634 2822 4675 pp.
2853 4634 2933 4663 κη
2964 4622 3007 4664 k.

1669 4693 1743 4735 apr
1762 4711 1772 4722 .

2715 4569 2793 4620 (23)
2822 4566 2862 4608 d.
2891 4579 2940 4607 vr
2969 4569 3018 4619 2,Υ
3100 4574 3102 4577 ’
