3152 4784
233 205 305 255 ῐΠ
341 204 417 251 43.
456 202 520 249 44

335 347 422 389 ret:
462 341 656 386 domibus
696 348 844 380 eorum
883 332 1139 388 publicatis,
1178 330 1253 374 ubi
1281 329 1391 394 haec
1420 339 1544 394 repe-

234 409 248 446 1
336 401 517 443 riuntur.
574 394 619 437 Si
646 396 791 435 autem
818 389 1009 432 noluerit
1031 387 1226 450 recipere
1248 385 1287 428 is
1313 397 1388 440 qul
1413 384 1545 449 dedit,

334 454 587 509 procurator
608 448 785 490 noster¹
817 445 901 487 hoc
924 443 1116 499 inquirat
1141 446 1183 484 et
1204 454 1250 483 m
1273 452 1383 504 opus
1400 439 1546 494 publi-

227 516 249 555 2
335 521 431 552 cum
461 505 696 549 convertat.
756 498 962 543 Similiter
989 497 1248 553 provideant
1275 495 1457 546 ludices,
1497 498 1549 537 ut

333 577 360 607 a
387 556 662 615 blasphemiis
692 557 736 598 et
764 553 983 609 periuriis,
1023 565 1135 608 quae
1164 552 1360 606 ipsorum
1387 549 1547 592 inhibi-

331 618 519 661 tionibus
555 612 714 655 debent
753 608 1001 664 comprimi,
1043 619 1191 651 omnes
1227 606 1403 662 penitus
1442 617 1547 648 con-

333 672 567 729 quiescant.

719 830 1038 880 ΧΧΧΧΙΠΙ.2

300 921 373 962 DE
402 912 714 957 RELIGIOSIS
744 913 818 954 ET
847 913 1157 954 SUMPTIBUS
1190 912 1478 953 FUNERUM.

276 1000 298 1047 1
344 997 454 1055 Imp.
484 995 739 1040 Antoninus
774 995 827 1039 A.
867 994 1126 1052 Dionysiae.
1195 993 1242 1038 Si
1278 993 1322 1037 vi
1358 993 1551 1037 fluminis

219 1056 422 1110 reliquiae
460 1052 538 1095 filii
575 1051 641 1094 tui
680 1051 997 1107 continguntur
1023 1051 1091 1093 vel
1126 1050 1214 1093 alia
1249 1050 1369 1093 iusta
1403 1054 1448 1092 et
1476 1062 1552 1092 ne-

222 1110 410 1156 cessaria
438 1120 573 1152 causa
601 1106 854 1159 intervenit,
897 1105 1198 1150 aestimatione
1232 1106 1418 1149 rectoris
1447 1118 1550 1160 pro-

218 1167 379 1210 vinciae
393 1163 632 1207 transferre
649 1174 723 1206 eas
739 1161 787 1205 in
806 1162 942 1206 alium
957 1163 1103 1205 locum
1118 1162 1300 1217 poteris.
1341 1160 1435 1204 ΡΡ.
1461 1172 1555 1203 ΠΗ

217 1223 258 1266 lc.
287 1222 397 1265 Nov.
427 1218 655 1262 Antonino
685 1219 737 1262 A.
769 1229 860 1261 ΙΙΙ]
885 1224 929 1262 et
949 1218 1144 1261 Balbino
1176 1230 1318 1260 conss,
1379 1221 1435 1268 [a.
1453 1219 1550 1266 213]

275 1275 306 1322 2
338 1275 459 1319 Idem
487 1275 538 1318 A.
571 1273 827 1317 Hilariano.
885 1273 1026 1317 Invito
1056 1273 1124 1316 vel
1156 1273 1387 1327 ignorante
1421 1276 1467 1315 te
1495 1274 1551 1317 ab

217 1333 302 1376 alio
332 1331 501 1374 illatum
531 1342 691 1384 corpus
721 1328 767 1372 in
794 1342 951 1384 puram
980 1329 1304 1384 possessionem
1333 1333 1456 1370 tuam
1484 1328 1553 1371 vel

216 1387 399 1443 lapidem
424 1387 568 1429 locum
594 1385 844 1440 religiosum
868 1385 1016 1428 facere
1037 1398 1127 1428 non
1144 1389 1303 1439 potest.
1350 1384 1388 1427 si
1405 1387 1552 1427 autem

217 1445 438 1487 voluntate
476 1444 554 1484 tua
593 1446 812 1484 mortuum
852 1440 1009 1495 aliquis
1047 1440 1094 1483 in
1137 1442 1283 1483 locum
1321 1444 1445 1482 tuum
1484 1440 1549 1482 in-

218 1499 376 1548 tulerit,
407 1497 636 1551 religiosus
665 1496 748 1539 iste
777 1496 987 1539 efficitur:
1029 1509 1115 1551 quo
1145 1495 1265 1539 facto
1295 1507 1550 1539 monumen-

215 1560 306 1598 tum
345 1565 485 1608 neque
514 1553 661 1596 venire
700 1564 842 1607 neque
882 1552 1067 1606 obligari
1097 1564 1123 1594 a
1154 1564 1374 1607 quoquam
1402 1551 1550 1607 prohi-

214 1611 344 1654 bente
386 1608 493 1652 iuris
537 1608 748 1662 religione
791 1620 922 1663 posse
974 1609 1020 1651 in
1063 1607 1243 1651 dubium
1287 1620 1376 1650 non
1419 1608 1549 1651 venit.

215 1665 305 1710 ΡΡ.
336 1664 379 1708 lc.
410 1663 519 1708 Mai.
553 1663 754 1707 Sabino³
783 1675 829 1706 II
855 1670 900 1707 et
925 1663 1140 1706 Anullino
1172 1677 1314 1706 conss.
1363 1668 1418 1715 [a.
1452 1666 1548 1715 216]

166 1738 168 1740 ¹
271 1717 300 1767 3
346 1719 458 1778 Imp.
502 1719 765 1764 Alexander
808 1719 860 1763 A.
901 1718 1070 1763 Primo.
1145 1719 1361 1774 Legatum
1405 1731 1433 1762 a
1477 1718 1550 1762 de-

216 1777 366 1820 functo
405 1775 485 1819 tibi
522 1775 726 1819 relictum
764 1779 809 1819 et
847 1774 965 1831 quod
1002 1775 1047 1817 in
1085 1775 1220 1819 funus
1250 1775 1318 1818 vel
1349 1774 1552 1819 morbum

217 1834 307 1876 eius
338 1844 542 1887 erogasse
570 1836 614 1875 te
644 1830 750 1874 boni
772 1831 851 1874 viri
881 1832 1099 1874 arbitratu
1124 1831 1394 1886 probaveris,
1424 1843 1551 1886 prae-

215 1901 283 1932 ses
322 1887 574 1943 provinciae
615 1887 725 1931 solvi
762 1887 841 1930 tibi
877 1887 1061 1930 iubebit.
1120 1886 1213 1930 ΡΡ.
1255 1899 1281 1928 V
1307 1901 1411 1930 non.
1444 1885 1552 1930 Ιιιῖ.ἃ

215 1943 419 1988 Maximo
450 1955 497 1986 ΙΙ
522 1949 567 1987 et
593 1943 782 1986 Aeliano
814 1956 957 1986 conss.
1366 1947 1422 1994 [a.
1455 1945 1550 1994 223]

270 1998 301 2044 4
342 1998 466 2043 Idem
508 2000 560 2043 A.
606 1998 794 2042 Licinio.
868 1998 915 2041 Si
958 1998 1239 2054 sepulchrum
1280 1998 1554 2042 monumenti

215 2054 510 2111 appellatione
551 2054 795 2109 significas,
837 2054 950 2098 scire
993 2055 1125 2098 debes
1163 2055 1259 2098 iure
1301 2055 1478 2098 dominii
1508 2055 1562 2097 id·

216 2111 381 2155 nullum
414 2110 639 2153 vindicare
678 2122 832 2166 posse,
873 2110 951 2153 sed
989 2115 1034 2154 et
1045 2113 1076 2162 ⁵,
1125 2110 1163 2154 si
1202 2110 1417 2154 familiare
1455 2110 1551 2160 fuit.

215 2168 281 2210 ius
322 2167 414 2210 eius
455 2166 513 2209 ad
549 2178 699 2210 omnes
737 2166 921 2210 heredes
957 2166 1178 2222 pertinere
1218 2179 1302 2210 nec
1344 2166 1554 2210 divisione

222 2229 235 2265 1
297 2223 353 2265 ad
389 2235 527 2265 unum
567 2221 772 2266 heredem
810 2221 947 2277 redigi
983 2221 1196 2278 potuisse.
1255 2222 1450 2265 Profana
1485 2227 1551 2264 ta-

179 2317 191 2330 ,
215 2290 314 2322 men
340 2278 452 2327 loca,
485 2291 597 2334 quae
628 2278 747 2321 circa
774 2277 818 2320 id
849 2282 964 2330 sunt,
995 2277 1033 2321 si
1062 2290 1235 2333 semper
1254 2278 1406 2322 vicinis
1433 2277 1551 2321 aedi-

216 2334 323 2378 ficiis
352 2334 454 2377 usui
483 2334 709 2377 hominum
744 2333 976 2377 destinatis
1015 2338 1264 2386 cesserunt,
1305 2334 1398 2378 eius
1435 2338 1551 2384 sunt,

218 2390 289 2433 cui
315 2390 403 2443 illa,
435 2403 622 2444 quorum
651 2392 801 2445 partes
832 2402 930 2434 esse
958 2389 1078 2432 visae
1107 2393 1222 2443 sunt,
1260 2402 1315 2432 ex
1344 2389 1553 2432 divisione

217 2445 479 2501 obtigerunt.
537 2444 631 2489 ΡΡ.
658 2457 708 2488 Π
726 2459 828 2489 non.
848 2445 961 2490 Nov.
986 2444 1194 2489 Maximo
1221 2456 1268 2488 ΙΙ
1294 2450 1338 2489 et
1361 2444 1551 2488 Aeliano

218 2515 359 2545 conss.
1365 2506 1422 2554 [a.
1454 2504 1551 2552 223]

271 2556 300 2603 5
334 2556 456 2600 Idem
473 2557 523 2600 A.
553 2555 703 2601 Cassio
735 2557 877 2601 militi.
920 2556 1074 2600 Militis
1104 2557 1389 2609 voluntatem,
1421 2570 1552 2612 quam

218 2613 336 2657 circa
376 2617 704 2656 monumentum
747 2613 831 2656 sibi
872 2612 1124 2657 faciendum
1168 2617 1434 2657 testamento
1477 2626 1552 2657 ex-

218 2667 390 2724 pressit,
421 2673 464 2712 et
492 2672 630 2711 mater
659 2674 703 2711 et
731 2673 859 2723 pater
886 2669 1070 2712 heredes
1097 2669 1189 2712 eius
1213 2670 1439 2724 neglegere
1464 2682 1555 2712 non

220 2725 391 2767 debent.
471 2736 572 2766 nam
622 2724 705 2767 etsi
754 2725 913 2768 delatio
957 2725 1042 2768 hoc
1086 2725 1260 2768 nomine
1305 2725 1554 2779 praeteritis

221 2778 606 2822 constitutionibus
637 2783 784 2822 amota
813 2783 902 2831 est,
939 2779 1146 2822 invidiam
1182 2785 1328 2823 tamen
1368 2785 1412 2822 et
1450 2793 1553 2823 con-

220 2834 448 2878 scientiam
489 2834 607 2877 circa
643 2833 852 2877 omissum
889 2847 1140 2888 supremum
1174 2835 1425 2878 huiusmodi
1456 2835 1553 2878 offi-

222 2889 337 2932 cium
376 2892 420 2932 et
455 2892 752 2943 contemptum
789 2889 999 2932 iudicium
1033 2889 1230 2933 defuncti
1268 2890 1432 2933 evitare
1467 2904 1554 2933 non

221 2949 419 3000 possunt.
492 2943 584 2987 PP.
640 2956 734 2987 νη]
783 2944 824 2988 lc.
868 2943 978 2988 Mai.
1024 2944 1205 2988 Iuliano
1259 2950 1303 2989 et
1348 2945 1553 3003 Crispino

222 3013 365 3044 conss.
1367 3005 1424 3054 [a.
1457 3005 1553 3053 224]

220 3144 309 3183 τοῖς
349 3137 565 3183 τοιούτοις
604 3139 801 3183 ἱππικοῖς
838 3144 1067 3194 παίζουσι,
1111 3138 1317 3195 δημόσιοι
1353 3147 1555 3200 γίνονται

221 3200 293 3237 καὶ
322 3195 377 3238 τὰ
408 3194 616 3251 διδόμενα
646 3193 952 3249 ἀποδίδονται,
992 3193 1020 3251 ἢ
1046 3196 1107 3253 μὴ
1136 3195 1554 3253 βουλομένωνμᾶνα-

223 3252 376 3306 λαβεῖν
405 3253 500 3294 τῶν
529 3249 796 3295 δεδωκότων
823 3250 1122 3296 ἀπαιτοῦνται
1154 3252 1227 3295 διὰ
1254 3256 1333 3296 τοῦ
1365 3251 1555 3313 ἐπάρχου

222 3312 294 3349 καὶ
325 3309 420 3348 τῶν
447 3304 677 3366 ἀρχόντων
704 3310 801 3351 τῶν
830 3311 1058 3366 ἐπαρχιῶν
1090 3313 1163 3351 καὶ
1203 3312 1556 3367 προσκυροῦνται

223 3365 313 3405 τοῖς
340 3364 480 3421 ἔργοις
507 3364 604 3405 τῶν
632 3362 810 3406 πόλεων
840 3368 902 3418 (id
931 3377 986 3408 est
1016 3380 1148 3418 neque
1178 3367 1328 3419 ligneis
1358 3369 1556 3420 equestri-

224 3421 299 3459 bus
337 3432 439 3470 quae
468 3422 666 3460 vocantur
704 3434 835 3472 neque
871 3421 954 3462 alia
981 3422 1071 3463 alea
1099 3423 1239 3464 ludere
1269 3423 1368 3464 licet
1394 3427 1557 3476 praeter

226 3488 291 3515 eas
320 3487 422 3526 quae
452 3475 655 3516 anteriore
684 3478 975 3518 constitutione
1003 3480 1219 3530 permissae
1245 3482 1353 3520 sunt.
1398 3483 1439 3520 et
1459 3480 1555 3531 loci,

225 3531 269 3570 in
296 3530 445 3581 quibus
467 3530 617 3571 talibus
643 3533 896 3582 equestribus
916 3533 1080 3585 ludunt,
1109 3535 1376 3586 publicantur
1397 3539 1436 3576 et
1453 3549 1556 3588 quae

227 3586 320 3626 data
348 3588 445 3626 sunt
471 3589 726 3639 repetuntur,
764 3587 828 3628 vel
866 3589 901 3628 si
939 3589 1012 3640 qui
1044 3589 1244 3630 dederunt
1272 3592 1450 3644 recipere
1478 3605 1556 3631 no—

224 3641 338 3690 lunt,
378 3654 425 3680 ea
459 3644 703 3693 repetuntur
739 3655 813 3695 per
849 3645 1099 3696 praefectum
1127 3646 1193 3687 vel
1230 3648 1435 3699 praesides
1461 3661 1556 3700 pro-

229 3697 453 3737 vinciarum
479 3701 519 3737 et
539 3697 753 3738 civitatum
779 3699 969 3752 operibus
987 3700 1264 3755 applicantur)
1351 3704 1401 3756 (1)
1418 3719 1555 3744 secun-

228 3754 318 3793 dum
332 3753 563 3794 Anatolium
578 3755 641 3806 (p.
659 3762 720 3796 147
737 3764 816 3795 not.
832 3756 890 3806 15)
916 3765 1096 3808 repetunt
1107 3763 1339 3812 praefectus
1353 3760 1416 3800 vel
1435 3776 1558 3813 prae-

1549 173 1646 233 148

2540 193 2617 231 DE
2651 193 2963 232 RELIGIOSIS

1687 324 1718 373 6
1747 325 1873 371 Idem
1890 327 1942 372 A.
1973 327 2207 377 Primitivo
2237 335 2283 377 et
2309 329 2424 374 aliis.
2482 327 2870 374 Monumentorum
2897 327 2965 372 in-

1629 381 1892 448 scriptiones
1921 395 2062 485 nquie
2085 387 2420 443 sepulchrorum
2442 383 2543 428 iura
2563 396 2706 449 neque
2727 383 2966 451 dominium

1628 439 1716 482 loci
1744 451 1846 493 puri
1874 438 1932 482 ad
1958 439 1992 484 11
2024 446 2140 486 ertos
2168 443 2458 487 transferunt.
2498 442 2797 504 praescmptio
2819 443 2970 484 autem·

1607 493 1747 548 ,longi
1776 495 1986 549 temporis
2032 497 2070 540 si
2094 497 2258 542 iustam
2288 510 2468 542 causam
2495 494 2610 539 mitii
2637 494 2806 547 habuit,
2842 494 2968 539 vobis

1629 548 1848 606 proficiat.
1921 529 2015 596 PI5.
2067 564 2162 597 ΠΙ]
2211 553 2253 598 lc.
2302 553 2388 597 Iul.
2433 551 2614 595 Iuliano
2665 556 2710 595 et
2758 547 2967 658 Cirisygizrilol

1632 618 1775 650 conss.
2796 618 2836 649 a.

1688 658 1716 705 7
1750 658 1863 717 Imp.
1898 657 2155 707 Gordianus
2177 665 2229 708 A.
2264 663 2464 709 Glandio.
2524 662 2704 706 Statuas
2734 660 2968 717 sepulchro

1631 715 1991 771 superimponere
2017 718 2086 762 vel
2112 725 2407 769 monumento,
2446 718 2563 774 quod
2591 722 2636 761 te
2664 719 2968 760 extructurum

1630 771 1870 828 profiteriS,
1916 780 2172 819 ornamenta
2218 789 2330 832 quae
2373 780 2503 831 putas
2543 772 2840 829 superaddere
2879 785 2970 816 non

1631 826 1892 883 prohiberiS,
1936 840 2035 872 cum
2063 829 2109 873 in
2135 830 2230 875 iure
2259 844 2340 876 suo
2371 845 2522 876 eorum
2552 841 2665 886 quae
2692 828 2836 871 minus
2865 840 2970 883 pro·

1634 883 1774 942 hibita
1804 884 1910 926 sunt
1937 883 2170 942 unicuique
2199 887 2389 931 facultas
2417 887 2560 931 libera
2588 898 2679 929 non
2717 883 2968 939 denegetur.

1633 938 1725 982 ΡΡ.
1772 949 1842 981 III
1890 937 1933 982 lc.
1977 940 2091 997 Auq.
2140 940 2371 987 Gordiano
2416 944 2467 987 A.
2515 955 2559 986 Il
2607 946 2652 986 et
2692 939 2970 1039 Pompeizago

1635 1007 1777 1038 conss,
2796 1009 2837 1038 a.
2869 1004 2879 1014 '

1690 1047 1719 1097 8
1753 1047 1886 1106 ⁶Imp.
1918 1048 2159 1109 Philippus
2188 1053 2239 1096 A.
2272 1051 2430 1098 Iuliae.
2488 1052 2565 1095 Ius
2595 998 2876 1094 familiarium
2903 997 2972 1095 sel

1635 1105 1918 1161 pulchrorum
1957 1105 2015 1148 ad
2053 1107 2220 1151 adfines
2260 1121 2338 1151 seu
2375 1108 2600 1164 proximos
2641 1108 2852 1162 cognatos
2880 1118 2972 1150 non

1635 1161 1816 1205 heredes
1847 1161 2112 1206 constitutos
2143 1163 2318 1207 minMe
2346 1165 2549 1219 pertinet.
2596 1162 2689 1207 ΡΡ.
2708 1173 2801 1206 XVI
2821 1161 2864 1205 lc.
2884 1159 2971 1206 Iul.

1635 1217 1883 1274 Pereqrino
1914 1222 1959 1261 et
1986 1218 2234 1262 Aemiliano
2266 1232 2410 1262 conss.
2785 1221 2842 1271 [a.
2874 1220 2972 1270 244]

1690 1271 1721 1320 9
1766 1271 1892 1316 Idem
1934 1274 1986 1316 A.
2031 1278 2076 1317 et
2116 1272 2359 1331 Philippus
2396 1273 2439 1318 C.
2478 1273 2734 1318 Faustinae.
2802 1273 2975 1318 Locum

1636 1328 1809 1384 quidem
1854 1328 2106 1383 religiosum
2149 1329 2335 1372 distrahi
2384 1343 2475 1373 non
2515 1342 2647 1385 posse
2695 1329 2974 1373 manifestum

1634 1388 1712 1428 est.
1772 1397 1922 1428 verum
1958 1397 2109 1440 agrum
2151 1398 2308 1439 purum
2348 1390 2629 1429 monumento
2666 1384 2976 1429 cohaerentem

1635 1439 1811 1495 profani
1847 1440 1956 1484 iuris
1995 1453 2092 1484 esse
2120 1441 2306 1496 ideoque
2334 1440 2576 1484 efficaciter
2603 1438 2859 1484 venumdari
2885 1451 2975 1485 non

1636 1500 1703 1540 est
1732 1496 1949 1551 opinionis
1983 1497 2191 1541 incertae.
2250 1495 2344 1540 ΡΡ.
2385 1509 2434 1539 VJ
2469 1495 2510 1539 lc.
2542 1495 2646 1540 Dec.
2678 1495 2894 1554 Philippo
2922 1496 2974 1540 Α.

1636 1558 1679 1596 et
1709 1552 1887 1596 Titiano
1918 1565 2062 1597 conss.
2430 1555 2437 1561 “
2788 1555 2846 1605 [a.
2877 1554 2975 1604 245]

1693 1606 1759 1656 10
1791 1607 1938 1672 Impp.
1969 1608 2282 1652 Diocletianus
2309 1613 2354 1652 et
2380 1607 2691 1652 Maximianus
2718 1608 2811 1652 AA.
2838 1607 2976 1665 Aqui-

1639 1664 1767 1708 linae.
1828 1664 1875 1707 Sl
1912 1664 2100 1708 necdum
2135 1667 2377 1720 perpetuae
2410 1664 2664 1720 sepulturae
2693 1676 2856 1720 corpus
2885 1668 2984 1707 tra-'

1637 1720 1776 1763 ditum
1805 1724 1893 1773 est,
1933 1720 2268 1764 translationem
2297 1721 2390 1764 eius
2421 1719 2567 1764 facere
2596 1733 2685 1764 non
2713 1718 2977 1776 prohiberis.

1637 1774 1729 1820 ΡΡ.
1768 1787 1865 1819 VII!
1898 1776 1956 1819 id.
1999 1776 2123 1820 Dec.⁷
2161 1775 2448 1820 Diocletiano
2479 1788 2549 1819 II!
2583 1781 2626 1820 et
2665 1775 2980 1820 Maximiano⁸

1635 1832 1727 1875 AA.
1761 1845 1903 1875 conss.
2789 1835 2845 1884 [a.
2877 1833 2977 1884 287]

1694 1886 1753 1933 11
1786 1886 1930 1931 ⁹Idem
1947 1888 2038 1931 AA.
2056 1885 2321 1932 Gaudentio.
2363 1887 2587 1932 Obnoxios
2605 1886 2890 1931 criminumdi
2951 1899 2978 1930 ο

1636 1943 1853 1999 supplicio
1881 1944 2103 1987 subiectos
2127 1945 2383 1999 sepulturae
2399 1944 2513 1986 tradi
2528 1957 2619 1988 non
2634 1948 2844 1987 vetamus.
2925 1941 2977 1987 P.

1645 2011 1739 2042 VIII
1765 1999 1823 2043 iol.
1854 2000 1999 2058 April.
2029 1999 2142 2058 ipsis
2171 2011 2263 2043 ΙΙΙ]
2288 2005 2332 2043 et
2360 2011 2429 2042 ΙΙΙ
2454 2001 2547 2043 AA.
2579 2013 2723 2043 conss.
2790 2002 2848 2052 [a.
2879 2001 2977 2051 290]

1694 2053 1758 2100 12
1804 2054 1929 2098 Idem
1974 2056 2065 2099 AA.
2123 2054 2368 2099 Victorino.
2437 2054 2717 2099 Mortuorum
2755 2053 2976 2120 reliquias,

1636 2123 1691 2153 ne
1721 2114 1923 2154 sanctum
1952 2111 2114 2155 munici
2146 2111 2289 2155 iorum
2317 2111 2388 2154 ius
2417 2111 2653 2166 polluatur,
2683 2111 2801 2154 intra
2826 2110 2976 2154 civita-

1635 2169 1724 2230 tem
1755 2166 1885 2211 condi
1913 2167 2001 2210 iam
2029 2167 2097 2222 pri
2131 2181 2197 2210 em
2227 2167 2409 2211 vetitum
2439 2171 2518 2210 est.
2579 2165 2672 2209 ΡΡ.
2704 2177 2772 2209 111
2807 2164 2850 2210 k.
2885 2164 2978 2211 Oct.

1634 2235 1757 2323 ipss}
1776 2228 2034 2342 IIdergtAzfli
2060 2224 2468 2335 ditACCqOZ‘ig'nysio.
2527 2277 2602 2321 Ius
2634 2225 2861 2342 sepulclgi
2880 2223 2979 2320 ἓξὲξ

1634 2333 1892 2377 hereditarii
1931 2346 2061 2387 quam
2099 2333 2329 2377 familiaris
2369 2333 2427 2376 ad
2464 2337 2697 2377 extraneos
2732 2337 2866 2377 etlam
2904 2331 2981 2376 he-

1635 2389 1776 2442 redes,
1806 2388 2034 2433 familiaris
2066 2392 2213 2433 autem
2230 2390 2263 2415 ¹⁰
2291 2388 2349 2432 ad
2376 2389 2601 2440 familiam,
2643 2388 2776 2432 etiam
2814 2388 2854 2432 si
2882 2387 2980 2432 nul-

1635 2446 1703 2488 lus
1736 2458 1789 2488 ex
1818 2457 1871 2489 ea
1898 2445 2026 2489 heres
2056 2445 2137 2498 sit,
2175 2459 2264 2490 non
2303 2445 2437 2489 etiam
2470 2444 2529 2488 ad
2557 2444 2694 2488 alium
2722 2457 2850 2501 quem
2880 2456 2981 2488 uam

1637 2500 1712 2600 gui
1740 2514 1844 2601 119ῑὲ
1844 2501 1986 2602 (heres
2017 2502 2333 2583 est¹pertinere
2361 2505 2521 2556 potest.
2591 2499 2638 2545 S.
2671 2512 2741 2545 ιη
2774 2499 2835 2544 id.
2881 2499 2981 2608 52*ng

1674 2570 1774 2600 zrmz
1877 2592 1886 2600 .
1919 2570 2061 2601 conss.
2809 2570 2849 2600 a.

1695 2610 1760 2658 14
1797 2611 1956 2656 ¹²Idem
1975 2613 2151 2657 AAA.²³
2183 2612 2380 2671 Cyneqio
2402 2624 2486 2678 pp.
2531 2612 2670 2657 Nemo
2693 2561 2983 2656 hum[8.num¹⁴

1636 2681 1796 2724 corpus
1851 2668 1908 2712 ad
1958 2669 2145 2712 alterum
2198 2669 2344 2713 locum
2388 2681 2481 2711 sine
2523 2669 2714 2722 Augusti
2757 2667 2981 2712 adfatibus

1636 2724 1893 2768 transferat.
1960 2723 2018 2780 D.
2048 2736 2141 2768 [ΙΙΙ
2182 2724 2225 2768 lc.
2266 2723 2402 2768 Mart.
2451 2723 2846 2783 Constantinopoli
2885 2723 2982 2768 Ηο-

1636 2780 1770 2823 norio
1801 2779 1900 2823 nob.
1923 2793 2075 2836 puero
2107 2785 2151 2824 et
2180 2779 2361 2823 Euodio
2392 2792 2535 2822 conss.
2791 2784 2847 2832 [a.
2881 2782 2980 2832 386]

1697 2833 1759 2880 15
1811 2831 1927 2876 ¹⁵'Ev
1956 2832 2104 2877 οὐδενὶ
2143 2832 2273 2887 τόπῳ
2317 2831 2446 2876 οὐδὲν
2488 2832 2610 2876 τέλος
2651 2830 2762 2892 παρ’
2803 2831 2982 2878 οὐδενὸς
3035 2883 3038 2886 ,

1750 2887 1997 2947 προσώπου
2035 2890 2148 2949 ὑπὲρ
2186 2892 2283 2932 τῶν
2333 2887 2713 2946 διακομιζομένων
2755 2887 2984 2947 σωμάτων

1750 2948 2047 3003 σιῖοιρέχετοιι.16

1637 3143 1747 3183 sides
1870 3143 1924 3195 (2)
1955 3143 1999 3183 B
2030 3144 2096 3194 59,
2126 3152 2158 3184 3.
2191 3166 2245 3172 -
2279 3141 2343 3196 Cf.
2375 3142 2476 3198 Diq.
2513 3145 2578 3194 11,
2609 3152 2626 3182 7
2754 3141 2810 3196 (3)
2839 3141 2984 3184 sabino

1637 3199 1797 3296 {filipff’
1813 3197 2123 3308 aqffiiffiJE’rssis‘i
2153 3200 2232 3295 ῑὲῗ)
2247 3200 2499 3296 Ξῗαῗαέὲὶῗ
2515 3211 2611 3296 ¹²3²·
2626 3197 2686 3296 2¹³·
2707 3198 2914 3305 ‘idai‘
2927 3199 2983 3296 ξ’

1638 3310 1739 3351 febr.
1774 3310 1873 3351 Hal.
1944 3311 2001 3362 (8)
2029 3311 2090 3351 sic
2111 3311 2159 3362 P,
2189 3271 2310 3350 diqocl.
2334 3323 2404 3350 1111
2429 3312 2469 3351 et
2487 3285 2660 3350 maim
2678 3308 2777 3351 Hal.
2847 3309 2904 3362 (9)
2929 3284 2982 3364 qs!
3026 3333 3027 3336 ¹

1639 3369 1679 3417 9,
1710 3375 1770 3415 49,
1801 3375 1821 3407 6
1936 3367 2011 3418 (ιο)
2042 3367 2143 3407 idem
2178 3365 2351 3408 Graeci:
2392 3365 2559 3407 heredes
2587 3364 2816 3418 familiaris,
2848 3366 2982 3416 [here-

1640 3421 1796 3472 ditarii]
1819 3423 1956 3462 autem
1974 3422 2191 3463 Mommsen
2250 3423 2320 3475 (11)
2335 3423 2423 3464 AA.
2440 3435 2568 3462 conss.
2587 3423 2642 3475 (α.
2661 3427 2746 3468 293)
2762 3420 2982 3464 Mommsen

1639 3480 1712 3529 (12)
1751 3497 1808 3513 ==
1852 3479 1924 3518 Th.
1957 3479 1995 3529 9,
2028 3486 2080 3527 17,
2113 3487 2155 3518 7:
2190 3479 2309 3532 iunqe
2349 3479 2385 3530 1,
2415 3486 2449 3527 2,
2480 3487 2500 3519 3
2657 3478 2728 3529 (13)
2764 3478 2983 3530 requiritur

1639 3534 1798 3586 Imppp.
1831 3534 2055 3574 Gratianus
2074 3532 2393 3574 Valentinianus
2423 3536 2464 3573 et
2479 3532 2733 3573 Theodosius
2756 3534 2896 3582 AAA.,
2926 3534 2985 3574 ad

2657 3590 2730 3640 (14)
2764 3588 2981 3630 humatum

2549 3645 2623 3695 (15)
2646 3664 2704 3680 ε,-
2726 3644 2770 3684 Β
2792 3645 2860 3695 59,
2881 3653 2916 3696 3,
2939 3654 2979 3687 15

1640 3702 1715 3751 (16)
1749 3702 1794 3742 id
1821 3709 1880 3742 est
1906 3698 2060 3740 nullibi
2089 3699 2222 3740 unum
2250 3699 2426 3752 vectigal
2455 3712 2480 3739 a
2509 3712 2716 3751 quoquam
2740 3711 2817 3752 pro
2845 3702 2979 3740 trans-

1639 3755 1818 3797 ferendis
1846 3755 2086 3808 corporibus
2113 3757 2345 3808 praestatur

1639 3606 1737 3643 quos
1773 3589 1881 3629 idem
1917 3591 2090 3643 refertur
2127 3591 2167 3630 in
2201 3591 2235 3641 1,
2266 3597 2299 3640 2,
2322 3598 2342 3630 3
2373 3598 2410 3630 et
2443 3589 2515 3629 Th.

1639 3654 1742 3686 recte
1772 3646 1864 3686 deu.
1895 3660 1979 3686 cum
2013 3645 2099 3691 Th„
2128 3645 2202 3685 sed
2229 3653 2368 3685 contra
2399 3645 2443 3685 Β
