3086 4732
174 121 473 199 sunnam

59 342 62 346 Δ
172 298 202 340 4
230 295 290 348 (1)
346 309 423 335 ναι
460 292 518 352 τῇ
556 290 697 337 πόλει.
763 289 925 333 Πᾶσαν
964 285 1014 330 δὲ
1051 287 1207 333 ἄδειαν
1245 286 1514 350 ἀναιροῧμεν

103 400 106 402 v
172 351 265 394 τοῖς
300 343 526 409 ἡμετέροις
563 346 592 391 οἷ
619 359 744 402 χουσι
781 348 976 401 πέμπειν
1016 346 1066 388 ἐν
1100 351 1197 390 ταῖς
1230 345 1395 407 χώραις
1423 347 1512 391 dis-

175 417 380 451 cussuras
417 403 446 459 ἢ
475 365 719 464 λογοὸέτας
754 397 783 456 ἢ
821 397 1033 451 ἐξισωτὰς
1069 403 1145 444 ἐπὶ
1183 407 1281 447 ταῖς
1314 404 1412 447 τῶν
1441 399 1513 456 δη-

172 465 349 520 μοσίων
389 458 617 519 λογισμῶν
663 456 940 510 ἐξετάσεσιν·
994 451 1092 500 ἀλλ’
1149 460 1194 501 εἴ
1238 475 1284 503 τι
1336 459 1514 503 τοιοῦτο

174 515 393 577 πράξαιεν
420 515 544 584 παρὰ
569 514 754 579 γνώμην
781 508 1012 571 ἡμετέραν,
1049 516 1317 567 τηνικαῦτα,
1356 515 1396 558 εἰ
1429 514 1516 570 μὲν

175 572 301 617 θεῖός
327 585 422 616 τισι
449 585 588 616 τυπος
614 585 729 614 κατα
752 568 1046 628 συναρπαγὴν
1071 571 1327 629 πορισθείη,
1357 568 1515 613 ἄδειαν

174 629 291 674 εἶναι
318 629 387 683 τῷ
415 623 752 686 θεοφιλεστάτῳ
781 625 858 679 τῆς
894 623 1067 667 πόλεως
1105 626 1340 681 ἐπισκόπῳ
1379 637 1513 684 προσ-

175 683 390 739 δέχεσθαι
417 686 501 741 μὲν
528 681 609 726 τὸν
636 681 769 724 θεῖον
795 676 955 732 τύπον,
989 680 1178 736 μηνύειν
1207 679 1257 725 δὲ
1293 683 1353 725 εἰς
1390 677 1512 737 ἡμᾶς,

175 739 300 786 ὅπως
327 736 385 783 ἂν
412 735 530 796 ἡμεῖς
555 741 777 797 γνοίημεν,
808 736 897 779 εἴτε
925 736 1040 779 κατὰ
1062 738 1199 781 θείαν
1227 734 1356 794 ἡμῶν
1377 735 1512 795 πρόσ-

175 796 306 847 ταξιν
343 794 453 854 πρὸς
489 789 628 847 αὐτὴν
654 791 738 846 τὴν
766 787 904 859 ᾀρχὴν
938 797 1248 862 γεγραμμένην
1283 794 1384 861 εἴτε,
1399 789 1514 835 κατὰ

177 849 468 912 συναρπαγὴν
506 853 708 908 γέγονεν,
755 862 873 891 ωστε
912 866 949 890 ει
986 866 1100 892 κατα
1135 866 1240 892 τινα
1282 860 1514 909 γενομενος

177 912 336 966 φανείη
365 903 668 973 συναρπαγὴν,
705 905 950 958 τηνικαῦτα
986 904 1038 947 τὸ
1072 904 1315 963 γενόμενον
1352 903 1514 963 ἄκυρον

174 964 291 1008 εἶναι
317 959 526 1005 κίνδυνον
554 976 604 1003 τε
632 955 882 1014 ὑποστῆναι
917 959 1000 1004 τὸν
1029 964 1162 1004 τοῦτο
1200 959 1513 1022 πορισάμενον.

175 1026 200 1065 5
265 1018 324 1061 ffi
361 1014 415 1061 δέ
447 1030 569 1060 τινος
604 1017 702 1060 τῶν
739 1012 969 1076 ἡμετέρων
1005 1014 1240 1076 ἀρχόντων
1283 1015 1512 1074 πεμφθείη

215 1075 236 1086 ‘⁵
273 1087 319 1117 ος
358 1069 388 1127 ἢ
430 1076 505 1115 καὶ
547 1071 921 1131 κομμωνιτώριον
964 1069 992 1126 ἢ
1034 1071 1303 1133 πρόσταγμά
1351 1089 1397 1115 τι
1439 1073 1513 1112 καὶ

173 1089 436 1189 λοηγζθέσιον
479 1132 581 1188 περὶ
623 1127 827 1172 τούτωνι
871 1130 970 1171 τῶν
1009 1133 1345 1189 προειρημένων
1382 1141 1512 1184 κεφα-

172 1185 315 1230 λαίων
342 1186 624 1244 ἐπιτραπείη,
654 1188 795 1229 παντὶ
823 1181 1086 1241 βουλόμεθα
1115 1185 1272 1244 τρόπῳ
1301 1182 1382 1227 τὸν
1409 1183 1513 1247 θεο;

171 1239 443 1300 φιλέστατον
484 1242 560 1294 τῆς
601 1239 775 1284 πόλεως
819 1243 1068 1284 ἐπίσκοπον
1112 1246 1186 1283 καὶ
1229 1239 1330 1284 τοὺς
1371 1241 1421 1282 ἐν
1457 1254 1512 1296 τῃ

170 1295 300 1342 πόλει
329 1295 644 1356 πρωτεύοντας
670 1295 733 1353 μὴ
748 1297 1024 1357 προσίεσθαι
1045 1299 1202 1349 ταῦτα,
1231 1293 1341 1339 ἀλλὰ
1359 1292 1514 1340 ἄδειαν

170 1353 286 1396 εἶναι
329 1356 405 1394 καὶ
447 1354 515 1407 τῷ
558 1354 633 1408 τῆς
671 1355 884 1410 ἐπαρχίας
920 1349 1148 1411 ἡγουμένῳ
1189 1356 1263 1394 καὶ
1292 1347 1439 1394 αὐτοῖς
1464 1365 1514 1408 γε

172 1407 228 1464 δὴ
264 1412 354 1452 τοῖς
392 1407 602 1468 κτητορσι
640 1413 715 1451 καὶ
753 1407 957 1452 πολίταις
994 1406 1277 1451 διωθεῖσθαι
1314 1407 1392 1450 τὰς
1423 1422 1512 1450 τοι-

173 1465 309 1509 αύτας
336 1463 601 1524 προστάξεις
629 1469 704 1507 καὶ
731 1462 846 1520 μηδὲ
872 1462 1040 1520 ὀβολὸν
1067 1466 1149 1505 ἕνα
1185 1461 1349 1517 ταύτης
1386 1465 1515 1506 ἕνεκα

170 1523 247 1576 τῆς
276 1521 420 1564 αἰτίας
449 1524 671 1580 παρεχειν.
729 1521 769 1562 εἰ
798 1517 849 1562 δὲ
875 1521 1008 1563 τοῦτο
1035 1517 1342 1576 ῥᾳθυμήσειεν
1370 1514 1394 1563 ὁ
1409 1518 1514 1561 θεο-

172 1575 435 1635 φιλέστατος
464 1577 715 1628 ἐπίσκοπος,
745 1575 834 1626 ἕξει
861 1577 946 1630 μὲν
971 1572 1166 1630 δυσμενῆ
1193 1572 1274 1617 τὸν
1289 1572 1516 1629 δεσπότην

171 1631 287 1677 θεὸν
336 1635 413 1675 καὶ
453 1630 692 1687 βασιλικὴν
739 1626 1043 1689 ἀγανάκτησιν
1096 1626 1381 1684 ἀναμενέτω,
1441 1626 1514 1673 ὅτι

171 1686 301 1747 σιγὴν
329 1689 534 1745 ἐσίγησεν
561 1684 865 1760 ἀνελευθέραν
899 1702 950 1728 τε
986 1688 1061 1727 καὶ
1102 1685 1319 1744 ἱερατικῆς
1346 1701 1439 1746 παρ
1469 1703 1514 1738 η-

171 1750 195 1787 6
228 1747 284 1795 (2)
354 1747 451 1785 σίας
493 1741 726 1793 ἀναξίανῖ.
781 1740 913 1785 Αλλά
955 1745 1030 1784 καὶ
1073 1741 1119 1783 εἴ
1163 1755 1231 1783 τις
1280 1743 1450 1798 ἐμφανί
1476 1758 1515 1784 ει

168 1796 283 1843 κατὰ
307 1796 463 1857 χώραν
491 1794 518 1852 ἢ
546 1795 779 1858 ἀρχόντων
808 1794 1088 1852 οἱωνδήποτε
1117 1793 1145 1850 ἢ
1179 1792 1371 1840 ὑπάτων
1406 1814 1513 1868 προ-

170 1853 344 1914 αγωγὰς
385 1850 414 1908 ἢ
455 1853 653 1913 γενικοὺς
689 1851 854 1898 τύπους
890 1854 988 1896 τῶν
1028 1850 1339 1904 ἐνδοξοτάτων
1374 1849 1514 1914 ὑπαρ-

166 1927 263 1964 χων
298 1906 326 1965 ἢ
363 1913 438 1952 καὶ
473 1910 623 1979 ἑτέρου
662 1909 783 1954 τινὸς
818 1910 915 1953 τῶν
944 1905 1173 1969 ἡμετέρων
1200 1905 1448 1970 ἀρχόντων,
1488 1907 1516 1966 ἢ

167 1970 242 2010 καὶ
272 1963 521 2017 διατάξεων
550 1983 577 2020 η
591 1967 739 2010 θείων
767 1971 1154 2026 κομμωνιτωρίων
1178 1964 1205 2021 ἢ
1232 1966 1515 2026 γραμμάτων

166 2023 359 2082 γενικῶν
385 2026 540 2078 μέντοι
569 2024 592 2064 ἐ
626 2027 826 2080 φανίσεις
854 2025 1028 2066 ποιοῖτο
1057 2018 1085 2077 ἢ
1116 2026 1192 2064 καὶ
1228 2019 1515 2083 ἀνδριάντων

166 2077 416 2136 βασιλικῶν
453 2079 567 2122 καθι
599 2078 745 2138 ρύσεις
755 2080 784 2132 3,
824 2079 886 2135 μὴ
922 2078 1039 2121 εἶναι
1067 2078 1215 2134 τούτῳ
1255 2085 1515 2149 παρρησίαν

168 2137 418 2206 περαιτέρω
448 2134 497 2186 ἐξ
523 2134 815 2204 νομισμάτων
846 2131 919 2192 ἐφ’
953 2134 1119 2194 ἑκάστῃ
1189 2134 1344 2190 ηνύσει
1381 2153 1409 2190 η
1437 2132 1511 2195 ἐφ’

169 2192 341 2246 ἑκαστω
383 2189 516 2244 τύπῳ
559 2209 587 2247 η
631 2189 792 2251 ἑκάστῃ
833 2189 1032 2242 διατάξει
1070 2189 1098 2261 ἢ
1174 2196 1253 2247 είῳ
1293 2209 1377 2249 κομ
1412 2210 1514 2236 ωνι·

168 2251 320 2307 τωρίῳ
358 2241 386 2302 ἢ
421 2245 648 2307 γράμματι
675 2249 840 2318 γενικῷ
877 2244 904 2303 ἢ
932 2243 1218 2306 ἀνδριαντων
1246 2211 1516 2310 καθιδρύσει

169 2303 440 2360 κομίζεσθαι
491 2300 607 2347 καθ’
665 2300 857 2360 εκάστην
901 2305 1123 2364 ἐπαρχίαν
1165 2305 1226 2347 εἰς
1268 2302 1326 2361 ἣν
1368 2307 1516 2349 ταῦτα

172 2475 222 2527 (1)
251 2469 305 2516 δι’
329 2475 405 2516 ins.
438 2473 535 2516 libri
657 2473 711 2526 (ε)
745 2479 764 2522 5
799 2482 832 2515 6.
865 2483 883 2514 7
913 2493 970 2509 =
1002 2474 1067 2526 12,
1099 2482 1157 2525 63,
1187 2483 1208 2515 2

171 2531 224 2584 (5)
257 2535 277 2580 θ
311 2539 432 2573 8-10
461 2549 518 2566 r:
549 2531 614 2582 10,
643 2538 706 2583 3ο,
729 2538 749 2571 4

173 2724 316 2769 tiones
358 2722 595 2768 submittat
639 2727 685 2768 et
730 2737 847 2781 quae
897 2737 927 2768 a
969 2738 1017 2769 se
1055 2724 1206 2770 deberi
1248 2725 1520 2784 apparuerit

170 2783 199 2825 4
251 2778 303 2823 id
343 2779 514 2825 civitati
556 2779 778 2824 restituat.
851 2779 1101 2825 Licentiam
1148 2785 1298 2826 autem
1343 2795 1517 2827 omnem

169 2835 338 2881 nostris
365 2834 659 2895 praesidibus
694 2834 931 2880 adimimus
965 2836 1244 2883 discussores
1276 2837 1348 2884 vel
1373 2838 1516 2883 ratio-

169 2891 297 2937 nales
339 2891 410 2937 vel
450 2895 784 2950 exaequatores
837 2891 888 2936 in
943 2892 1147 2939 civitates
1201 2893 1264 2939 ad
1301 2894 1518 2960 publicas

169 2947 372 2993 rationes
397 2947 691 3006 inquirendas
718 2948 918 2994 mittere:
948 2949 1031 2994 sed
1057 2950 1098 2994 si
1127 2949 1217 2995 tale
1244 2950 1358 3009 quid
1374 2965 1516 3010 prae-

148 3056 150 3059 ·
173 3009 240 3050 ter
266 3003 542 3050 voluntatem
570 3008 774 3049 nostram
799 3005 997 3063 faciunt,
1027 3010 1120 3051 tum
1147 3007 1189 3051 si
1218 3007 1298 3065 qui
1336 3021 1517 3052 sacram

168 3061 370 3119 formam
387 3073 489 3125 per
525 3059 858 3119 subreptionem
894 3061 980 3106 sibi
1023 3068 1423 3122 comparaverunt,
1465 3064 1517 3108 li-

171 3120 272 3162 ceat
311 3115 652 3175 reliqiosissimo
696 3117 891 3162 civitatis
933 3117 1148 3177 episcopo
1196 3133 1376 3164 sacram
1420 3120 1518 3178 qui-

172 3171 271 3217 dem
305 3172 508 3229 formam
543 3172 785 3230 suscipere,
822 3172 904 3217 sed
939 3173 1002 3217 ad
1035 3187 1122 3218 nos
1153 3176 1429 3229 renuntiare,
1467 3180 1521 3221 ut

173 3240 518 3286 cognoscamus,
562 3231 713 3271 utrum
756 3241 818 3273 ex
858 3242 995 3273 sacra
1028 3233 1189 3274 nostra
1221 3231 1421 3276 iussione
1459 3231 1522 3276 ad

165 3280 424 3343 praesidem
462 3281 572 3327 data
610 3296 671 3326 an
706 3296 792 3341 per
819 3283 1152 3342 subreptionem
1178 3286 1311 3343 facta
1347 3286 1428 3340 sit,
1467 3291 1522 3332 ut

172 3339 213 3384 si
248 3351 384 3396 quam
420 3337 753 3404 subreptionem
787 3338 1091 3384 intercessisse
1119 3347 1357 3400 appareat,
1396 3343 1522 3400 quod

171 3395 349 3453 factum
383 3394 447 3438 sit
480 3393 661 3439 irritum
697 3394 759 3438 sit
785 3394 914 3452 isque
941 3396 1020 3453 qui
1048 3410 1146 3440 eam
1188 3399 1520 3455 comparaverit

173 3455 199 3495 5
248 3449 506 3510 periculum
533 3449 702 3495 subeat.
762 3449 846 3494 Sin
874 3456 1022 3496 autem
1045 3451 1271 3497 decretum
1293 3452 1364 3498 vel
1383 3454 1518 3499 etiam

174 3505 563 3552 commonitorium
605 3506 677 3552 vel
707 3511 1010 3566 praeceptum
1053 3507 1247 3553 alicuius
1282 3523 1345 3554 ecc
1378 3523 1518 3567 prae-

171 3562 308 3622 fectis
344 3562 516 3607 nostris
549 3562 730 3607 missum
767 3567 837 3608 est
870 3567 916 3608 et
950 3563 1180 3608 rationum
1207 3564 1440 3630 inquisitio
1470 3566 1518 3610 in

172 3632 318 3678 supra
355 3617 488 3663 dictis
526 3618 740 3684 capitulis
767 3619 1004 3664 commissa
1036 3625 1123 3674 est,
1164 3620 1419 3666 omnimodo
1449 3635 1518 3667 re-

175 3674 509 3732 liqiosissimum
548 3675 741 3720 avitatis
778 3675 1040 3734 episcopum
1077 3680 1124 3721 et
1148 3677 1374 3736 primates
1402 3677 1519 3722 cives

175 3744 236 3788 ea>
258 3729 493 3774 admittere
520 3735 732 3783 vetamus,
760 3731 842 3775 sed
862 3731 999 3776 liceat
1025 3737 1071 3777 et
1087 3733 1358 3792 provinciae
1378 3747 1518 3792 prae-

173 3785 263 3831 sidi
305 3790 352 3830 et
389 3785 504 3844 ipsis
546 3785 713 3831 civibus
750 3787 1094 3845 possessoribus
1145 3788 1258 3834 tales
1297 3789 1520 3835 iussiones

175 3842 344 3887 reicere
372 3854 428 3885 ac
454 3854 512 3886 ne
537 3855 676 3886 unum
704 3842 882 3899 quidem
909 3857 1133 3888 nummum
1161 3845 1257 3889 eius
1283 3845 1352 3890 rei
1380 3859 1518 3890 causa

169 3901 423 3958 praestare.
491 3896 617 3954 quod
651 3897 692 3941 si
725 3898 1091 3956 reliqiosissimus
1118 3900 1360 3960 episcopus
1378 3915 1518 3967 prae-

177 3953 393 4006 termittit,
424 3951 651 3997 dominum
679 3952 807 3998 deum
834 3954 1064 4012 infensum
1093 3954 1273 4002 babebit
1309 3964 1354 4002 et
1381 3971 1518 4016 impe-

174 4009 395 4054 ratoriam
429 4007 784 4067 indiqnationem
822 4015 1032 4069 expectet
1066 4012 1189 4069 quod
1229 4013 1433 4058 servilem
1470 4014 1518 4057 in

175 4065 355 4110 modum
398 4068 444 4109 et
483 4063 718 4122 indiqnum
761 4064 902 4110 libera
950 4066 1132 4124 linqua,
1176 4068 1329 4126 qualis
1369 4083 1518 4115 sacer·

178 4125 203 4167 6
260 4120 407 4166 dotem
436 4118 574 4173 decet,
606 4120 807 4166 tacuerit.
865 4120 958 4167 Sed
991 4125 1038 4167 et
1062 4123 1104 4167 si
1131 4123 1233 4183 quis
1259 4124 1308 4168 in
1327 4126 1518 4184 provin-

177 4177 249 4222 cia
299 4176 370 4222 vel
417 4176 764 4235 maqistratuum
816 4177 1117 4235 quorumlibet
1164 4178 1235 4224 vel
1284 4182 1518 4226 consulum

169 4232 486 4292 promotiones
518 4232 589 4278 vel
647 4231 850 4278 enerales
882 4234 1064 4291 formas
1090 4235 1518 4293 gloriosissimorum

170 4290 515 4348 praefectorum
567 4302 619 4334 ve
688 4288 806 4332 alius
857 4302 919 4334 ex
968 4291 1137 4335 nostris
1179 4292 1519 4350 maqistratibus

177 4344 430 4398 renuntiat,
472 4343 545 4390 vel
583 4345 718 4390 etiam
761 4345 1128 4390 constitutionum
1170 4347 1242 4393 vel
1281 4361 1518 4394 sacrorum

178 4400 621 4445 commonitoriorum
676 4400 747 4446 vel
799 4401 1076 4459 qeneralium
1139 4402 1392 4448 litterarum
1449 4406 1520 4450 vel

178 4457 311 4502 etiam
344 4457 645 4523 imperialium
680 4461 936 4506 statuarum
972 4458 1213 4503 erectionis
1247 4459 1516 4506 insinuatio-

179 4526 278 4557 nem
311 4514 454 4570 facit,
493 4527 585 4558 non
624 4514 729 4568 licet
756 4513 799 4558 ei
825 4513 950 4558 ultra
976 4527 1065 4559 sex
1089 4515 1262 4560 solidos
1280 4530 1376 4575 pro
1405 4531 1516 4562 una-

181 4581 358 4625 quaque
400 4570 733 4615 renuntiatione
776 4569 846 4614 vel
886 4583 982 4628 pro
1035 4584 1310 4629 unaquaque
1358 4573 1516 4630 forma

181 4623 250 4669 vel
276 4636 548 4682 unaquaque
576 4625 894 4670 constitutione
922 4625 992 4671 vel
1016 4639 1150 4672 sacro
1172 4629 1514 4673 commonitorio

1531 135 1600 194 43

1336 2476 1392 2528 (3)
1420 2469 1734 2533 καθιδρύσεως
1761 2474 1948 2518 Ηενοῆεν

887 2528 942 2581 (6)
971 2530 1032 2570 sic
1060 2528 1296 2583 Mommsen,
1324 2526 1617 2573 καταλύσεων
1645 2533 1743 2574 libri

2841 146 2935 197 14

1597 304 1663 333 πα
1693 285 1874 343 ἐλαβεν,
1916 278 2052 337 ῶστε,
2092 282 2261 332 ὁπόσας
2292 283 2350 330 ἂν
2378 288 2470 340 ἔχοι
2499 286 2647 332 πόλεις
2677 288 2703 346 ἦ
2731 295 2936 350 ἐπαοχία,

1596 305 1737 401 μηδὲν
1766 339 1893 396 αὐτῷ
1922 338 2172 398 διαφέρειν,
2210 342 2321 387 ἀλλὰ
2358 342 2460 386 τοὺς
2499 343 2548 394 ἒξ
2581 345 2740 399 μόνους
2767 337 2935 405 κομίζε-

1598 406 1620 444 7
1681 399 1797 443 σθαι
1831 397 2028 456 χρυσοῦς.
2086 398 2145 439 Εἰ
2180 397 2233 441 δέ
2257 416 2303 442 τι
2332 398 2470 444 πλέον
2500 404 2776 456 κομίσοιτο4,
2805 410 2937 450 τοῦτο

1595 452 1925 513 τετραπλάσιον
1952 446 2214 505 ἀποδοῦναι,
2245 453 2400 497 ἄδειαν
2430 456 2608 508 ἔχοντος
2640 462 2713 499 καὶ
2748 462 2826 502 τοῦ
2863 466 2938 517 τῆς

1598 510 1770 555 πόλεως
1819 506 2065 552 ἐπισκόπου
2108 511 2241 552 τοῦτο
2292 509 2500 562 κωλύειν,
2554 507 2794 555 κάνταῦθα
2845 521 2939 559 τῶν

1595 568 1712 610 ἰ’σων
1749 567 2044 620 ἐπικειμένων
2071 566 2260 616 ποινῶν,
2300 563 2427 608 τοῦτ’
2471 567 2568 608 ἔστι
2595 568 2692 609 τῶν
2720 565 2806 610 ἀνὰ
2835 569 2939 614 δέκα

1595 623 1676 665 τοῦ
1703 625 1882 681 χρυσίου
1911 617 2080 678 λιτρῶν
2107 621 2176 674 τῷ
2204 636 2255 662 τε
2282 622 2359 674 τῆς
2387 623 2600 675 ἐπαρχίας
2629 619 2853 681 ἡγουμένῳ
2883 630 2936 681 τῆ

1594 693 1645 720 τε
1673 678 1926 734 πειθομένῃ
1954 673 2080 726 τάξει
2108 680 2183 717 καὶ
2218 677 2285 730 τῷ
2317 675 2659 732 θεοφιλεστάτῳ
2697 674 2942 734 ἐπισκόπῴ,

1595 733 1720 791 εἴπερ
1759 730 1932 775 ἐνδοῖεν
1961 728 2111 774 αὐτοῖς
2146 728 2474 790 ύπεραπαιτεῖν
2502 732 2797 789 βουλομένοις,
2835 734 2944 779 ἀλλὰ

1596 793 1620 832 8
1651 791 1711 842 (3)
1767 787 1830 843 μὴ
1872 789 1983 832 πᾶσι
2024 786 2208 845 τρόποις
2251 789 2385 830 τοῦτο
2430 786 2681 833 κωλύωσιν.
2764 787 2943 834 5ούδενὶ

1596 842 1646 887 δὲ
1673 842 1907 888 παντελῶς
1943 845 2124 900 ἐφίεμεν
2151 845 2249 887 τῶν
2278 840 2506 903 ἡμετέρων
2543 843 2779 904 ἀρχόντων
2806 847 2945 890 τοιού-

1594 913 1695 944 τους
1731 898 1857 942 τινάς
1893 896 2059 943 τύπους
2097 901 2148 942 ἐν
2175 903 2273 942 ταῖς
2302 902 2534 959 ἐπαρχίαις
2571 905 2815 957 ἐκπέμπειν
2846 909 2947 962 περὶ

1594 957 1671 1010 τῆς
1712 956 1811 998 τῶν
1853 953 2114 1014 ύδρορρόων
2156 954 2256 1010 ἤτοι
2304 952 2551 1013 ὑπονόμων
2594 955 2949 1018 ἀνακαθάρσεως

1597 1008 1624 1066 ἢ
1667 1015 1771 1071 περὶ
1812 1012 1890 1065 τῆς
1934 1013 2031 1054 τῶν
2074 1011 2443 1068 οἰκοδομημάτων
2487 1012 2598 1073 πρὸς
2645 1018 2736 1057 τοῖς
2786 1020 2949 1068 τείχεσι

1596 1067 1907 1126 καθαιρέσεως
1935 1063 1962 1122 ἢ
1990 1068 2086 1111 τῶν
2109 1070 2160 1110 ἐν
2187 1073 2285 1111 ταῖς
2308 1073 2458 1112 στοαῖς
2476 1074 2734 1128 γενομένων
2762 1069 2949 1114 καταλύ-

1598 1124 1738 1167 σεωςῦ
1777 1119 1803 1178 ἢ
1832 1125 1930 1166 τῶν
1958 1122 2248 1179 καλουμένων
2280 1122 2586 1183 προδουλειῶν
2624 1131 2698 1169 καὶ
2738 1129 2950 1183 ἐρειπίων

1599 1179 1757 1224 τόπων
1783 1177 1882 1234 ἤτοι
1908 1179 2200 1237 μεσοστύλων
2229 1178 2481 1250 ἀνατροπῆς
2510 1179 2536 1236 ἢ
2565 1186 2669 1241 περὶ
2708 1183 2895 1226 εἰκόνων
2923 1180 2950 1236 ἢ

1597 1252 1803 1279 τοιουτοτ
1831 1235 1963 1279 όπων
1979 1233 2093 1280 ὅλως
2107 1238 2326 1281 ἐπινοιῶν
2349 1256 2376 1292 η
2393 1236 2640 1281 πολιτικῶν
2655 1235 2808 1282 ἁπλῶς
2824 1240 2949 1294 ζητή-

1599 1307 1739 1345 σεων,
1779 1288 1806 1334 ἀ
1836 1289 1877 1335 λ’
1921 1293 2089 1344 ἐξέστω
2127 1295 2196 1348 τῷ
2224 1293 2570 1352 θεοφιλεστάτῳ
2611 1295 2845 1350 ἐπισκόπῳ
2876 1298 2952 1349 τῆς

1597 1347 1771 1392 πόλεως
1798 1352 1874 1391 καὶ
1902 1352 1994 1392 τοῖς
2024 1351 2073 1391 ἐν
2089 1352 2146 1408 τῇ
2175 1346 2304 1392 πόλει
2333 1350 2614 1409 πρωτεύουσι
2643 1355 2718 1393 καὶ
2747 1356 2838 1395 τοῖς
2855 1354 2951 1395 τῶν

1599 1407 1828 1464 ἐπαρχιῶν
1852 1401 2105 1464 ἡγουμένοις
2133 1410 2209 1448 καὶ
2237 1405 2448 1465 κτήτορσι
2477 1412 2552 1449 καὶ
2582 1406 2782 1451 πολίταις
2810 1407 2950 1451 τοιού·

1598 1477 1676 1503 του
1714 1460 1836 1504 τινὸς
1873 1462 2234 1518 ἐμφανισθέντος
2271 1459 2415 1506 τύπου
2444 1462 2505 1519 μὴ
2542 1465 2818 1523 προσίεσθαι
2852 1466 2949 1507 τοῦ·

1598 1533 1691 1569 τον,
1722 1513 1832 1560 ἀλλὰ
1861 1517 2052 1561 κωλύειν
2073 1522 2147 1561 καὶ
2178 1516 2463 1562 διωθεῖσθαι
2492 1517 2644 1563 πάντα
2673 1520 2950 1576 ἐκβιβασμὸν

1599 1577 1672 1615 καὶ
1711 1575 1866 1617 πᾶσαν
1901 1574 2138 1634 εἴσπραξιν
2177 1576 2396 1618 ἐντεῦθεν
2433 1578 2729 1634 ἐπαγομένην,
2770 1579 2845 1630 τῆς
2878 1573 2949 1618 αὗ-

1598 1631 1674 1684 τῆς
1718 1630 1909 1684 ἑπούσης
1944 1633 2112 1685 ’ποινῆς
2165 1635 2238 1673 καὶ
2282 1630 2397 1674 κατὰ
2439 1634 2537 1675 τῶν
2579 1629 2950 1689 θεοφιλεστάτων

1599 1690 1623 1729 9
1655 1689 1714 1739 (4)
1783 1683 2069 1739 ἐπισκόπων,
2109 1687 2148 1729 εἰ
2185 1685 2248 1743 μὴ
2283 1689 2417 1730 τοῦτο
2456 1684 2719 1731 κωλύσαιεν.
2790 1691 2869 1731 Δεῖ
2903 1687 2952 1732 δὲ

1597 1740 1680 1785 τὸν
1708 1741 2068 1800 θεοφιλέστατον
2097 1745 2348 1786 ἐπίσκοπον
2376 1742 2458 1786 τόν
2486 1761 2536 1786 τε
2567 1748 2741 1802 πατέρα
2770 1745 2873 1788 τούς
2901 1762 2950 1787 τε

1599 1796 1778 1841 λοιποὺς
1817 1801 1867 1841 ἐν
1901 1794 2124 1856 ὑπολήψει
2161 1797 2378 1859 κτήτορας
2416 1804 2627 1869 προνοεῖν
2664 1802 2745 1843 τοῦ
2781 1799 2952 1857 μηδένα

1600 1853 1742 1898 τόπον
1785 1853 2006 1899 πολιτικὰ
2062 1852 2090 1909 ἢ
2134 1853 2352 1924 δημόσιον
2395 1871 2506 1916 προς
2547 1858 2614 1911 τῷ
2659 1861 2795 1910 τείχει
2833 1853 2860 1911 ἢ
2905 1860 2953 1898 ἐν

1596 1915 1694 1955 ταῖς
1725 1908 1956 1967 δημοσίαις
1985 1914 2136 1955 στοαῖς
2174 1929 2202 1966 η
2230 1910 2462 1955 πλατείαις
2500 1909 2527 1967 ἢ
2556 1909 2839 1967 ὁπουδήποτε
2868 1918 2952 1955 κεί-

1595 1983 1734 2024 μενον
1764 1971 2010 2026 συγχωρεῖν
2047 1963 2137 2012 ύπό
2176 1982 2298 2011 τινος
2333 1965 2507 2028 ἀλόγως
2542 1970 2814 2022 κατέχεσθαι
2876 1968 2954 2023 ηδε

1601 2020 1830 2067 ἐκδιδόναι
1859 2022 2092 2068 πολιτικόν
2119 2040 2224 2067 τινα
2252 2022 2397 2069 τόπον
2425 2030 2559 2085 χωρὶς
2588 2021 2798 2085 ἡμετέρου
2864 2031 2954 2069 ειόυ

1604 2084 1654 2124 10
1685 2083 1745 2135 (5)
1777 2079 1920 2124 τύπου
1948 2084 2056 2123 τισί.
2122 2079 2228 2124 Τοὺς
2266 2078 2316 2123 δέ
2346 2077 2502 2125 αὖτοὺς
2536 2086 2611 2124 καὶ
2640 2079 2698 2124 τὰ
2727 2086 2829 2142 περὶ
2859 2085 2954 2125 τῶν

1600 2135 1888 2193 καλουμένων
1923 2137 2080 2192 νομῶν
2115 2138 2195 2180 τοῦ
2230 2133 2393 2181 ὕδατος
2424 2135 2594 2193 δηλαδὴ
2622 2140 2719 2181 τῶν
2748 2141 2796 2181 ἐκ
2825 2139 2954 2181 θείου

1599 2191 1743 2237 τύπου
1803 2197 1926 2236 τισὶν
1980 2189 2045 2236 ύπ
2074 2196 2281 2253 ργμένων
2334 2189 2577 2249 ἀναζητεῖν
2633 2198 2709 2237 καὶ
2763 2193 2826 2251 μὴ
2873 2194 2955 2238 τὸν

1599 2251 1685 2306 μὲν
1732 2248 1873 2293 πλέον
1916 2247 1998 2293 τὸν
2070 2252 2092 2291 ὲ
2134 2249 2325 2293 ἔλαττον
2366 2253 2448 2294 τοῦ
2488 2248 2790 2308 προσήκοντος
2824 2251 2952 2305 ἔχειν.

1606 2310 1653 2350 11
1686 2308 1745 2360 (6)
1777 2303 1914 2349 7Αλλ’
1947 2303 2053 2349 οὐδὲ
2089 2305 2314 2366 προφάσει
2344 2309 2620 2366 ἐγγυητικῶν
2650 2309 2825 2364 ζημίαις
2853 2307 2955 2350 τοὺς

2067 2477 2122 2529 (4)
2152 2478 2387 2531 κομίσαιτο
2417 2477 2483 2518 vel
2508 2477 2735 2531 κομίζοιτο
2767 2479 2951 2520 Herclzer

1855 2531 1905 2584 (⁷)
1939 2538 1960 2581 ξ
1987 2541 2123 2575 11—14
2147 2553 2203 2569 =
2225 2541 2260 2584 3,
2286 2541 2322 2584 2,
2348 2542 2382 2584 4,
2408 2542 2509 2575 3-5

1598 2724 1671 2771 vel
1695 2725 1916 2785 {qenerali
1961 2725 2155 2785 epistula
2198 2725 2269 2772 vel
2308 2730 2566 2772 statuarum
2607 2728 2831 2772 erectione
2860 2743 2953 2786 per

1597 2781 1804 2841 sinqulas
1831 2782 2104 2841 provincias
2142 2781 2205 2827 ad
2231 2796 2347 2840 quas
2383 2797 2438 2828 ea
2467 2783 2622 2828 attulit
2649 2787 2724 2829 exi
2760 2798 2848 2837 ere,
2887 2790 2952 2837 ut,

1599 2844 1901 2897 quotcumque
1926 2838 2198 2897 provinciae
2237 2838 2441 2884 civitates
2468 2839 2580 2893 sint,
2619 2839 2716 2884 nihi
2762 2840 2858 2885 eius
2885 2841 2952 2884 in-

1600 2899 1622 2937 7
1671 2894 1812 2948 tersit,
1841 2894 1924 2940 sed
1948 2908 2036 2940 sex
2065 2895 2374 2940 tantummodo
2403 2895 2577 2940 solidos
2599 2897 2770 2955 exiqat.
2822 2891 2955 2950 Quod

1598 2950 1640 2995 si
1665 2950 1785 3016 plus
1822 2951 2041 3009 exeqerit,
2080 2952 2178 2996 eius
2215 2951 2520 3010 quadruplum
2548 2952 2731 3005 reddat,
2772 2952 2953 2998 licentia

1599 3021 1624 3052 e
1657 3020 1815 3066 iscopo
1851 3021 2034 3073 quoque
2072 3008 2267 3053 civitatis
2314 3007 2426 3052 data
2470 3008 2520 3052 id
2543 3008 2847 3067 prohibendi:
2893 3009 2951 3053 is-

1599 3021 1788 3121 demque
1822 3077 1993 3122 poenis
2034 3063 2082 3108 in
2122 3063 2209 3109 lzoc
2252 3077 2362 3108 casu
2397 3064 2749 3117 imminentibus,
2798 3064 2849 3108 id
2885 3070 2954 3110 est

1600 3119 1820 3164 denarum
1863 3120 1969 3163 auri
2010 3119 2255 3172 librarum,
2302 3124 2394 3163 tam
2428 3120 2709 3184 provinciae
2743 3121 2953 3178 praesidi

1600 3189 1736 3234 quam
1776 3175 1936 3233 officio
1975 3175 2018 3220 ei
2054 3175 2233 3219 subdito
2273 3179 2319 3219 et
2351 3175 2690 3233 relzqiodssimo
2721 3177 2950 3236 episcopo,

1598 3231 1641 3275 si
1697 3230 1769 3274 his
1824 3231 2153 3295 superexiqere
2210 3230 2462 3276 volentibus
2514 3232 2752 3277 coniveant
2808 3247 2952 3291 neque

1601 3291 1626 3331 8
1686 3285 1891 3330 omnibus
1932 3286 2079 3330 modis
2122 3285 2172 3330 id
2206 3286 2540 3345 prohibuerint.
2624 3287 2752 3332 Nulli
2803 3296 2951 3334 autem

1596 3342 1781 3402 penitus
1818 3356 1880 3387 eae
1917 3342 2089 3387 nostris
2124 3342 2468 3401 maqistratibus
2494 3345 2802 3403 permittimus
2840 3346 2952 3390 tales

1597 3399 1780 3457 formas
1816 3398 1865 3441 in
1893 3398 2163 3456 provincias
2199 3400 2400 3444 emittere
2436 3399 2492 3445 cle
2528 3400 2640 3445 rivis
2674 3415 2753 3445 seu
2783 3401 2951 3446 cloacis

1592 3453 1855 3514 purqandis
1892 3453 1963 3499 vel
1998 3454 2216 3512 aedificiis
2244 3469 2400 3514 prope
2427 3470 2583 3501 muros
2611 3456 2854 3502 deiciendis
2882 3458 2952 3503 vel

1601 3510 1657 3554 de
1706 3508 2010 3555 destructione
2061 3524 2217 3556 eorum
2261 3525 2379 3569 quae
2421 3512 2470 3556 in
2512 3513 2772 3572 porticibus
2815 3515 2949 3579 facta

1599 3569 1707 3610 sunt
1746 3564 1818 3620 vel
1858 3565 1915 3611 de
1955 3566 2013 3611 iis
2047 3581 2166 3625 quae
2195 3567 2447 3626 produliae
2483 3574 2704 3614 vocantur
2732 3574 2777 3615 et
2804 3571 2950 3614 ruinis

1590 3621 1682 3664 sive
1711 3619 2066 3664 intercolumniis
2106 3622 2354 3666 evertendis
2383 3622 2457 3666 vel
2493 3622 2548 3666 de
2583 3622 2856 3679 imaqinibus
2880 3625 2957 3667 vel

1590 3676 1770 3721 omnino
1815 3675 1870 3720 de
1910 3677 2128 3722 eiusmodi
2170 3677 2363 3722 inventis
2406 3678 2477 3722 vel
2521 3677 2713 3734 denique
2748 3678 2949 3735 publicis

1589 3731 1810 3790 neqotiis:
1858 3732 1940 3776 sed
1981 3733 2116 3779 liceat
2155 3734 2493 3791 reliqiosissimo
2538 3735 2750 3792 episcopo
2795 3735 2948 3778 civita-

1590 3789 1648 3832 tis
1688 3791 1731 3831 et
1762 3789 2002 3846 primariis
2032 3790 2201 3835 civibus
2239 3794 2282 3833 et
2317 3791 2658 3847 provinciarum
2698 3791 2949 3834 rectoribus

1589 3849 1635 3889 et
1681 3846 2023 3902 possessoribus
2075 3846 2334 3903 civibusque
2386 3846 2471 3890 tali
2507 3846 2663 3903 forma
2717 3847 2947 3890 insinuata

1589 3914 1687 3945 eam
1744 3913 1836 3944 non
1893 3902 2147 3955 admittere,
2202 3902 2284 3946 sed
2332 3900 2580 3960 prohibere
2635 3906 2678 3945 et
2728 3902 2947 3960 repellere

1590 3969 1761 4001 omnem
1795 3960 2126 4003 eoesecutionem
2163 3971 2425 4014 omnemque
2468 3958 2753 4002 exactionem
2797 3972 2852 4003 ea
2892 3959 2947 4002 de

1590 4026 1730 4057 causa
1778 4012 2019 4069 inflictam:
2077 4014 2232 4059 eadem
2279 4027 2430 4075 pqena
2482 4018 2525 4057 et
2576 4013 2792 4058 adversus
2842 4015 2945 4058 reli-

1600 4067 1881 4126 qiosissimos
1974 4071 2158 4130 iscopos
2191 4071 2468 4125 imminente,
2503 4071 2546 4116 si
2572 4071 2660 4117 boc
2686 4086 2779 4117 non
2807 4072 2943 4130 impe-

1601 4127 1626 4168 9
1684 4123 1860 4170 dierint.
1947 4127 2286 4185 eliqiosissimus
2309 4131 2457 4172 autem
2478 4127 2719 4187 episcopus
2744 4132 2789 4173 et
2801 4133 2945 4186 pater

1602 4179 1826 4238 ceterique
1853 4180 1998 4228 bonae
2026 4182 2255 4242 opinionis
2273 4196 2566 4283 possessores
2584 4184 2833 4243 providere
2869 4183 2942 4228 de-

1602 4235 1725 4289 bent,
1760 4250 1819 4281 ne
1885 4252 1985 4283 uem
2023 4239 2171 4283 locum
2200 4253 2272 4297 pu
2303 4238 2436 4283 licum
2464 4239 2558 4285 sive
2586 4239 2779 4286 civitatis
2806 4239 2942 4284 iuxta

1600 4305 1755 4336 muros
1791 4305 1842 4337 ve
1892 4294 1941 4338 in
1967 4294 2167 4353 publicis
2196 4295 2454 4353 porticibus
2490 4295 2561 4340 vel
2595 4296 2643 4339 in
2673 4294 2845 4353 plateis
2874 4295 2944 4341 vel

1601 4347 1864 4406 ubicumque
1919 4350 2054 4395 situm
2103 4364 2133 4395 a
2183 4364 2411 4407 quoquam
2460 4352 2557 4395 sine
2610 4364 2749 4394 causa
2800 4351 2943 4396 teneri

1599 4404 1755 4448 sinant
1803 4418 1910 4451 neve
1961 4406 2088 4451 locus
2128 4405 2344 4465 publicus
2395 4407 2563 4464 absque
2608 4419 2743 4449 sacra
2781 4407 2940 4464 forma

1604 4463 1654 4504 10
1710 4464 1869 4505 nostra
1897 4461 2106 4520 cuiquam
2135 4461 2344 4506 elocetur.
2403 4461 2528 4506 Idem
2559 4462 2693 4506 etiam
2716 4462 2765 4506 in
2789 4462 2938 4508 distri-

1599 4514 1824 4560 butionem
1867 4530 1985 4617 quae
2023 4517 2189 4562 dicitur
2226 4531 2447 4575 aquarum
2493 4530 2556 4562 ea:
2596 4530 2732 4562 sacra
2768 4519 2940 4564 scilicet

1595 4572 1753 4629 forma
1790 4573 1868 4630 qui
1896 4572 2055 4618 usdam
2093 4578 2410 4631 competentem
2448 4572 2706 4630 inquirant,
2751 4588 2808 4619 ne
2858 4576 2938 4619 alii

1602 4632 1649 4672 11
1703 4627 1815 4686 plus
1843 4629 1923 4674 alii
1963 4629 2111 4674 minus
2140 4643 2274 4688 quam
2305 4633 2485 4688 oportet
2512 4628 2716 4675 babeant.
2773 4630 2934 4675 Verum

2543 4699 2602 4732 m
