3094 4732
35 1210 56 1215 ”
123 1218 292 1263 Romae
341 1229 369 1260 V
404 1215 453 1258 id
503 1214 589 1260 Iul.
646 1213 814 1259 duobus
855 1209 1016 1269 Aspris
1057 1222 1199 1253 conss.

128 201 174 254 X
211 174 433 250 oo-os'

603 363 691 412 Lx
726 362 940 430 (tvm).

474 459 551 499 DE
578 457 704 498 REIS
733 452 1081 497 POSTULATIS.

183 559 200 605 1
241 557 306 600 Im
342 590 351 600 .
395 552 650 605 Alexander
691 550 743 594 A.
797 548 953 592 Niciae
970 548 996 590 ¹.
1069 543 1186 586 Reos
1244 538 1438 583 crimmis

123 613 298 672 postula
319 623 367 656 os
395 621 527 655 novos
557 608 744 652 honores
772 607 980 658 appetere
1001 612 1090 642 non
1110 597 1283 663 debere,
1313 599 1438 638 ante-

124 682 250 735 quam
278 668 511 723 purgarent
538 659 831 708 innocentiam
861 668 997 708 suam,
1029 658 1073 697 et
1096 665 1123 696 a
1144 651 1254 695 divis
1278 662 1438 706 paren-

125 724 241 768 tibus
271 721 430 767 nostris
460 724 502 764 et
529 732 556 763 a
584 730 651 761 me
680 726 811 770 saepe
839 710 1102 766 rescriptum
1130 712 1198 752 est
1211 709 1242 750 ².

585 916 695 964 LXI
729 910 966 975 (Lv1111).

124 1015 198 1056 DE
235 1014 329 1055 HIS
369 1013 463 1060 QUI
500 1011 562 1051 IN
599 1003 1043 1106 EMXSAEIIHXIIJAE'IDATI
1083 1001 1196 1043 VEL
1227 999 1439 1042 ORDINE

180 1162 203 1210 1
241 1161 374 1207 ³Pars
410 1160 543 1205 edicti
579 1157 863 1219 imperatoris
890 1152 1105 1199 Antonini
1133 1154 1185 1197 A.
1207 1149 1441 1262 19νᾶἵὲἔέ

154 1273 306 1317 osthac
350 1270 500 1315 ordine
541 1283 621 1315 suo
664 1269 732 1314 vel
774 1265 1133 1311 advocationibus
1173 1263 1240 1329 ad.
1267 1267 1441 1318 tempus

120 1328 423 1380 interdicetur,
469 1331 572 1381 post
615 1325 840 1382 impletum
879 1321 1088 1379 temporis
1127 1322 1318 1376 spatium
1353 1331 1443 1369 non

121 1395 248 1438 proro
278 1381 424 1427 abitur
450 1381 644 1427 infamia.
1255 1378 1310 1426 [a.
1343 1377 1441 1424 212]

177 1437 207 1483 2
265 1451 349 1495 mp.
385 1435 639 1481 Gordianus
666 1438 716 1480 A.
755 1435 894 1493 Ulpio.
937 1433 1010 1477 Ad
1038 1434 1210 1486 tempus
1239 1428 1444 1494 exsulare

121 1493 296 1536 decurio
334 1493 481 1536 iussus
521 1497 565 1537 et
601 1492 780 1547 impleto
816 1495 1012 1546 tempore
1041 1499 1265 1543 regressus
1293 1487 1442 1542 pristi-

121 1561 221 1592 nam
249 1548 420 1603 quidem
450 1547 704 1604 dignitatem
734 1547 901 1601 recipit,
930 1546 988 1589 ad
1017 1557 1154 1588 novos
1178 1542 1443 1608 vero-hono-

122 1616 191 1647 res
215 1616 303 1647 non
327 1603 583 1657 admittitur,
614 1603 697 1647 nisi
721 1604 846 1646 tanto
871 1606 1068 1658 tempore
1083 1599 1152 1643 his
1178 1599 1445 1642 abstmuent

124 1661 285 1714 quanto
313 1672 391 1715 per
420 1659 567 1714 fugam
598 1659 723 1703 afuit.

623 1856 759 1903 Lxu
792 1856 938 1918 (Lx).

123 1951 196 1990 DE
221 1952 391 1992 FILIIS
414 1950 683 1992 FAMILIAS
706 1951 779 1990 ET
804 1948 1244 1996 QUEMADMODUM
1267 1947 1450 1988 PATER

496 2007 601 2047 PRO
630 2006 725 2046 HIS
757 2005 1071 2046 TENEATUR.

180 2100 201 2146 1
239 2101 383 2160 Impp.
439 2101 628 2147 Severus
679 2107 724 2145 et
774 2100 1028 2144 Antoninus
1079 2101 1169 2143 AA.
1226 2098 1446 2157 Eutycho.

122 2156 296 2200 Patrem
335 2158 608 2213 emancipato
649 2157 737 2199 filio
780 2155 1124 2199 consentientem
1163 2154 1220 2199 ad
1249 2154 1448 2199 decurio-

121 2215 271 2254 natum
306 2227 395 2257 non
434 2213 571 2257 teneri
610 2212 731 2255 dubii
767 2210 877 2254 iuris
916 2224 1005 2254 non
1045 2214 1132 2254 est:
1184 2215 1291 2254 tunc
1335 2210 1448 2254 enim

122 2267 432 2312 consentiendo
475 2271 602 2323 pater
648 2267 706 2311 ad
753 2265 1086 2310 decurionatum
1123 2266 1364 2321 obligatur,
1413 2265 1449 2309 si

119 2320 253 2364 filium
292 2322 338 2366 in
374 2325 594 2379 potestate
632 2322 804 2365 habeat.
863 2321 1112 2366 consentire
1141 2327 1287 2366 autem
1318 2321 1448 2365 etiam

118 2375 154 2420 is
175 2376 356 2433 videtur,
391 2378 465 2435 qui
489 2391 578 2422 non
600 2377 864 2422 testificatur
888 2376 1119 2422 dissentire
1147 2376 1447 2421 nominationi.

175 2429 204 2476 2
235 2432 346 2490 Imp.
384 2435 657 2479 Aurelianus
690 2432 743 2478 A.
783 2432 987 2488 Aspasio.
1047 2432 1158 2476 Cum
1201 2432 1450 2489 appellasse

118 2491 160 2529 te
190 2487 330 2541 dicas,
371 2489 563 2533 ostendis
594 2501 771 2533 causam
809 2489 864 2532 ad
892 2494 937 2532 te
964 2489 1206 2544 pertinere:
1237 2493 1447 2544 potueras

119 2542 230 2585 enim
269 2545 491 2589 nominato
531 2545 620 2589 filio
660 2547 830 2588 tantum
868 2544 1108 2589 contestari
1147 2549 1191 2588 et
1219 2557 1307 2588 non
1339 2557 1444 2588 con·

119 2599 278 2642 sentire
307 2600 468 2645 honori
498 2600 538 2644 ei
567 2601 722 2644 delato.

153 2651 203 2717 ,3
239 2654 380 2712 Impp.
400 2656 706 2701 Diocletianus
730 2660 775 2700 et
787 2654 1098 2700 Maximianus
1112 2655 1203 2700 AA.
1229 2654 1446 2714 Crispino.

120 2708 163 2751 Sl
199 2710 251 2762 ii,
294 2712 368 2766 qui
409 2725 507 2755 cum
546 2717 671 2768 patre
710 2711 766 2754 ad
795 2711 1087 2766 protostasiae
1114 2724 1275 2756 munus
1306 2711 1448 2756 vocati

120 2770 243 2817 sunt,
299 2768 430 2810 etiam
473 2769 618 2811 nunc⁴
661 2767 706 2810 in
754 2767 901 2822 patria
954 2770 1174 2822 potestate
1219 2767 1450 2811 constituti

119 2825 235 2873 sunt,
265 2821 320 2864 ab
349 2823 595 2867 huiusmodi
623 2822 959 2867 necessitatibus
984 2821 1238 2876 liberentur,
1270 2836 1370 2866 cum
1396 2835 1449 2866 ex

121 2875 269 2919 eadem
298 2877 459 2922 familia
487 2892 540 2922 ac
571 2879 699 2922 domo
731 2878 840 2922 duos
871 2877 927 2921 ad
955 2878 1042 2921 ista
1072 2877 1284 2934 obsequia
1314 2879 1446 2923 desti-

124 2934 139 2971 1
202 2932 297 2975 nari
326 2934 601 2990 periniquum
631 2933 842 2978 videatur.
895 2933 1010 2978 Sane
1040 2946 1128 2986 eos,
1161 2947 1269 2988 quos
1300 2946 1448 2978 eman-

120 2986 285 3050 cipatos
315 3001 410 3034 esse
439 2992 571 3046 atque
609 3002 664 3033 ex
692 2989 857 3033 familia
887 2990 1030 3033 exisse
1058 2990 1339 3033 manifestum
1369 2994 1447 3044 est,

119 3053 211 3084 sine
241 3045 520 3089 cunctatione
549 3045 738 3089 retinere
768 3044 959 3089 debebis.

176 3094 209 3140 4
260 3094 418 3138 ⁴¹ldem
455 3096 582 3139 AA.⁴·
624 3097 903 3140 Alexandro.
982 3097 1082 3140 Sine
1130 3098 1328 3152 periculo
1373 3106 1447 3144 tuo

120 3150 397 3203 magistratus
450 3154 587 3197 filium
634 3159 758 3196 tuum
803 3156 1050 3198 curatorem
1098 3156 1324 3199 constituit
1366 3169 1450 3200 nec

122 3209 135 3245 1
199 3207 447 3262 appellandi
471 3209 551 3253 tibi
574 3210 811 3254 necessitas
835 3210 1132 3254 incumbebat.
1173 3210 1287 3255 Sane
1309 3212 1447 3256 nomi-

120 3264 267 3324 nato-r,
313 3263 387 3318 qui
430 3265 565 3308 filium
614 3266 657 3308 in
708 3269 928 3321 potestate
975 3266 1166 3322 positum
1210 3280 1298 3311 non
1342 3281 1447 3311 con-

119 3319 330 3361 sentiente
372 3324 497 3373 patre
540 3321 596 3364 ad
638 3334 795 3365 munus
840 3321 1087 3375 devocavit,
1132 3322 1171 3367 si
1209 3326 1356 3367 tamen
1390 3336 1444 3367 ex

121 3370 343 3436 voluptate
381 3379 458 3418 tua
495 3381 624 3419 antea
659 3376 776 3420 filius
816 3377 992 3421 decurio
1035 3377 1180 3422 factus
1219 3392 1307 3423 non
1339 3384 1447 3432 erat,

121 3424 377 3472 detr1mento
406 3431 596 3475 muneris
626 3432 902 3487 obligabitur.

602 3627 762 3676 Lx111
800 3630 962 3689 (LXI).

223 3720 299 3760 DE
328 3722 606 3764 PERIOULO
636 3723 1026 3767 SUCCESSORUM
1054 3727 1346 3768 PARENTIS.

177 3814 199 3859 1
238 3813 350 3882 Imp.
381 3818 641 3863 Alexander
677 3820 729 3863 A.
763 3818 1021 3865 Claudiano.
1083 3822 1130 3867 Si
1172 3823 1226 3867 de
1264 3823 1445 3879 proprio

121 3882 198 3913 suo
228 3873 487 3926 patrimonio
526 3874 718 3918 muneris
747 3875 981 3920 editionem
1011 3882 1086 3921 tuo
1117 3878 1291 3922 nomine
1319 3883 1446 3934 pater

119 3930 222 3987 tuus
258 3929 507 3992 repromisit
543 3930 730 3986 ideoque
769 3931 898 3974 etiam
929 3933 1200 3978 sacerdotem
1230 3937 1274 3978 te
1305 3936 1445 3978 creari

120 3985 378 4046 lmpetravit,
409 3997 519 4028 onus
548 3986 814 4040 erogationis
845 4000 1071 4032 commune
1101 3989 1293 4034 omnium
1318 3990 1443 4034 here-

121 4034 220 4078 dum
249 4049 342 4080 e1us
372 4050 468 4082 esse
496 4053 674 4095 praeses
704 4041 954 4097 provinciae
983 4057 1071 4088 non
1101 4044 1333 4100 ignorabit.

124 4230 176 4293 (¹),
209 4230 322 4296 nicee
353 4233 448 4273 libri
579 4237 633 4287 (2)
669 4237 729 4290 C's.
761 4239 799 4289 2,
830 4246 883 4287 12,
915 4248 948 4289 6,
989 4254 1105 4291 quam
1145 4256 1220 4280 non
1263 4255 1346 4281 esse
1386 4257 1450 4293 qe-

124 4298 264 4324 mmam
297 4302 375 4326 iam
407 4290 609 4341 inscriptio
642 4292 765 4342 docet,
801 4308 883 4333 cum
913 4296 1072 4334 nomina
1098 4295 1243 4336 IVt'cias
1273 4305 1309 4337 et
1334 4297 1450 4336 Mar-

126 4339 262 4379 cianus
302 4343 471 4383 eiusdem
503 4346 582 4385 viri
611 4347 745 4397 fuisse
784 4363 860 4387 non
895 4350 1076 4400 possint:
1124 4360 1337 4402 praeterea
1372 4353 1459 4391 ΒΣ

128 4393 224 4455 8,.2,
252 4403 294 4435 79
325 4411 357 4436 c.
390 4406 409 4437 6
434 4413 510 4438 non
542 4401 589 4439 de
613 4404 818 4453 petendis,
847 4404 920 4443 sed
949 4405 997 4443 de
1024 4406 1209 4456 yerendis
1239 4408 1451 4447 honoribus

127 4446 215 4485 olim
246 4451 369 4502 eqisse
399 4455 521 4493 tradit
633 4458 683 4504 (3)
723 4457 783 4509 Cf.
812 4458 911 4510 Diq.
930 4460 997 4508 50,
1015 4467 1048 4508 2,
1067 4466 1131 4508 3,1

128 4511 236 4562 nune
265 4504 327 4555 K,
371 4508 412 4545 et
440 4507 571 4547 adhuc
608 4510 642 4551 O
786 4514 848 4561 (4¹)

129 4568 287 4606 zunyere
319 4562 382 4610 10,
412 4569 468 4610 32,
498 4572 518 4602 5
554 4565 610 4613 (a.
641 4567 725 4614 286)
837 4564 904 4617 (4⁸)
934 4579 994 4607 aa.
1031 4567 1080 4618 Ο,
1110 4579 1168 4608 aa.
1201 4573 1240 4609 et
1269 4584 1325 4611 oo.
1359 4573 1451 4613 dett.

130 4608 183 4657 (5)
221 4610 280 4662 cx
308 4613 405 4666 Οἱς.
438 4617 502 4666 50,
533 4626 551 4657 7
675 4622 729 4671 (6)
759 4619 975 4670 legationis
1006 4623 1094 4663 dett.
1210 4627 1261 4676 (7)
1292 4647 1345 4661 =
1379 4627 1451 4668 Th.

1246 4462 1300 4512 (4)
1330 4462 1452 4501 etiam

897 4512 1119 4553 Buchhollz
1157 4525 1258 4556 recle
1297 4519 1454 4558 videtur

1426 165 1532 224 424

1525 4309 1617 4335 nem
1648 4298 1723 4336 ins.
1756 4296 1830 4336 Th.

1525 4353 1594 4402 (9⁸)
1625 4363 1708 4390 acc.
1838 4353 1913 4392 ins.

1524 4406 1681 4446 feratur
1713 4406 1787 4447 Th.

1526 4461 1700 4501 deantur
1731 4477 1778 4501 ex
1807 4463 1879 4503 ΤΙι.
1902 4464 2035 4514 12,12,
2053 4472 2072 4504 4
2103 4465 2254 4505 inserta
2281 4471 2372 4503 sunt
2456 4462 2528 4514 (14)
2558 4473 2758 4513 quaenam
2785 4464 2860 4506 Th.

1525 4518 1598 4568 (15)
1630 4515 1837 4568 implenda
1866 4519 2056 4570 protinus
2085 4521 2174 4566 (om.
2205 4520 2302 4558 sunt
2330 4519 2385 4567 et)
2418 4517 2492 4557 Th.

2249 145 2330 217 'nn
2365 177 2490 217 mus
2510 176 2856 218 >merumque

1984 346 2170 396 ann
2207 341 2401 408 (an).

1523 444 1600 484 nn
1629 441 1977 483 moneamus
2014 442 2077 482 nv
2107 441 2217 487 Quo
2247 439 2391 481 Loco
2421 438 2660 480 MUNERA
2688 407 2858 483 snxtn

1608 497 2011 539 concussum
2037 497 2112 539 ΕΤ
2139 495 2402 538 ΗοΝοΒΕε
2431 493 2778 536 AeNoscAN'r.

1581 592 1605 639 1
1642 591 1758 650 Imp.
1789 590 2031 650 Philippus
2058 592 2111 637 A.
2145 590 2344 636 Claudio.
2405 590 2708 643 Malchaeam‚
2748 603 2862 646 quae

1523 648 1701 693 aliunde
1745 646 1935 691 oriunda
1978 647 2084 691 alibi
2126 651 2266 703 nupta
2309 650 2399 698 est,
2454 646 2490 690 si
2534 659 2622 690 non
2662 645 2711 690 in
2753 646 2863 691 urbe

1523 705 1666 750 Roma
1708 703 1893 747 maritus
1936 702 2031 747 eius
2075 704 2311 756 consistat,
2355 715 2442 745 non
2487 702 2607 757 apud
2647 701 2857 757 originem

1524 773 1672 814 suam,
1723 759 1802 803 sed
1839 757 1960 814 apud
1993 758 2237 803 incolatum
2274 757 2422 801 mariti
2460 757 2516 800 ad
2554 757 2746 802 honores
2785 769 2863 802 seu

1522 827 1731 868 munera,
1792 825 1906 870 quae
1954 814 2156 870 personis
2208 814 2449 858 cohaerent
2502 825 2774 870 quorumque
2821 812 2863 858 is

1525 884 1657 938 sexus
1697 882 1842 926 capax
1881 881 1980 914 esse
2016 873 2188 935 potest,
2229 869 2430 926 compelli
2468 881 2604 925 posse
2633 876 2766 925 saepe
2793 880 2863 912 re-

1524 931 1739 1028 Zffiffi‘
1767 930 1918 1025 3²11st
1927 929 2341 1037 Pilillni‘iuqlisssss
2354 928 2865 1037 ”tutassent-⁸0².

1994 1178 2126 1228 LXV
2163 1178 2399 1242 (Limus

1931 1274 2008 1315 DE
2036 1273 2467 1317 LEGATIONIBUS.

1586 1370 1607 1417 1
1647 1369 1791 1436 Impp.
1834 1369 2102 1415 Valerianus
2141 1375 2186 1415 et
2224 1369 2455 1415 Gallienus
2492 1371 2586 1416 AA.
2623 1368 2863 1419 Achillino.

1527 1428 1661 1471 Pater
1698 1430 1832 1470 tr1um
1869 1426 2155 1471 incolumium
2191 1426 2430 1471 liberorum
2456 1425 2751 1482 legationibus
2782 1424 2864 1482 puss

1527 1483 1655 1527 blicis
1685 1482 1909 1526 liberatur.

1586 1537 1616 1584 2
1648 1537 1771 1583 Idem
1808 1539 1900 1582 AA.
1941 1544 1986 1583 et
2025 1537 2293 1583 Valerianus
2334 1538 2375 1583 C.
2406 1536 2580 1582 Marco.
2641 1537 2752 1582 Cum
2789 1508 2867 1582 vos
2913 1525 2916 1528 ⁴
2955 1539 2959 1543 '
3039 1539 3057 1547 ”

1529 1596 1708 1652 proprio
1753 1595 1927 1639 nomine
1972 1596 2173 1650 sumptus
2213 1593 2271 1638 ob
2307 1593 2604 1638 defensionem
2643 1593 2869 1650 publicam
2941 1643 2944 1647 ¹
3031 1590 3039 1600 ”

1530 1650 1827 1707 susceperitis,
1857 1651 1914 1704 id,
1946 1650 2065 1707 quod
2093 1649 2151 1694 ad
2179 1650 2383 1706 proprias
2403 1649 2680 1705 erogationes
2702 1649 2871 1705 collega

1531 1712 1674 1752 vester
1721 1710 1981 1762 acceperat,
2024 1718 2116 1750 non
2153 1705 2278 1750 vobis
2317 1705 2502 1750 reddere
2539 1704 2723 1750 heredes
2760 1705 2869 1760 eius,

1531 1763 1610 1807 sed
1653 1762 1691 1807 si
1729 1763 1776 1806 in
1816 1775 1870 1807 ea
1909 1774 2044 1807 causa
2084 1764 2174 1816 est,
2219 1763 2271 1806 ut
2306 1762 2482 1806 restitui
2519 1761 2695 1806 omnino
2737 1773 2869 1818 opor-

1535 1824 1554 1863 1
1614 1821 1728 1871 teat,
1758 1819 1824 1863 rei
1851 1819 2056 1874 publicae
2085 1817 2246 1862 debent
2274 1817 2423 1874 potius
2448 1816 2628 1862 inferre.
2688 1816 2806 1878 Sane
2833 1816 2872 1861 si

1532 1875 1781 1919 honorariis
1823 1875 2139 1919 advocatorum
2168 1878 2266 1917 erat
2294 1886 2347 1917 ea
2376 1874 2602 1930 quantitas
2633 1872 2870 1927 destinata,

1532 1931 1708 1975 restitui
1734 1930 1846 1974 illud
1876 1931 2022 1983 vobis,
2063 1930 2140 1986 qui
2176 1930 2288 1973 haec
2326 1929 2594 1986 praestat-uri
2622 1929 2752 1984 estis,
2782 1941 2872 1972 non

1534 1990 1558 2030 2
1616 1986 1778 2030 iniuria
1807 1986 2057 2042 postulatis.
2100 1985 2218 2029 Eum
2247 1989 2394 2030 autem
2425 1985 2635 2040 collegam
2663 1990 2871 2038 vestrum,

1533 2055 1661 2098 quem
1691 2042 1948 2087 defensione
1974 2042 2147 2099 patriae
2176 2041 2396 2086 destitisse
2426 2040 2587 2094 dicitis,
2617 2040 2736 2096 apud
2764 2053 2869 2096 pro·

1532 2098 1704 2142 vinciae
1763 2098 2009 2154 praesidem
2058 2097 2260 2142 desertae
2310 2096 2631 2153 adlegationis⁸
2687 2107 2873 2151 arguere

1533 2154 1734 2209 potestis.
2504 2179 2506 2181 >

1590 2207 1619 2256 3
1662 2207 1731 2253 Im
1799 2243 1807 2252 .
1848 2208 2158 2253 Diocletianus
2204 2212 2250 2253 et
2287 2207 2601 2252 Maximianus
2637 2210 2729 2251 AA.
2772 2205 2898 2251 Mu·-

1533 2266 1676 2309 ciano.
1776 2264 2054 2309 ransmarina
2090 2263 2310 2319 legatione
2338 2263 2457 2319 apud
2495 2275 2577 2310 nos
2613 2261 2874 2319 perfunctos

1533 2319 1824 2364 constitutum
1872 2325 1940 2364 est
1981 2319 2147 2364 biennii
2184 2318 2461 2364 vacationem
2500 2331 2730 2363 munerum
2767 2318 2870 2364 civi-

1533 2376 1639 2419 lium
1676 2379 1723 2420 et
1749 2376 1968 2420 honorum
1998 2375 2185 2428 habere,
2227 2388 2318 2420 non
2347 2388 2446 2428 eos,
2485 2374 2560 2431 qui
2589 2374 2644 2419 de
2672 2374 2872 2432 proximo

1534 2432 1792 2486 obsequium
1821 2431 1886 2475 rei
1914 2431 2121 2488 publicae
2149 2431 2353 2476 videntur
2382 2431 2646 2476 exhibuisse.
2902 2450 2909 2452 >

1590 2486 1621 2533 4
1653 2486 1786 2545 ⁷Imp.
1831 2486 2120 2531 Constantius
2155 2487 2206 2531 A.
2259 2486 2321 2531 ad
2368 2485 2602 2531 Titianum.
2672 2482 2873 2531 Universi

1534 2543 1711 2587 omnino
1751 2556 1806 2587 ex
1837 2543 2069 2588 comitibus
2099 2543 2166 2587 vel
2203 2556 2258 2587 ex
2287 2543 2578 2598 praesidibus,
2610 2542 2685 2600 qui
2713 2541 2872 2587 suffra·

1532 2600 1603 2654 gio
1632 2599 1914 2655 perceperint
1935 2599 2183 2655 dignitates,
2216 2599 2417 2643 civilibus
2445 2598 2655 2643 oneribus
2677 2598 2870 2642 muneri-

1534 2657 1705 2710 busque
1753 2659 1988 2698 teneantur
2032 2655 2233 2698 adstricti
2247 2655 2275 2705 ⁸,
2326 2667 2382 2698 ne
2422 2653 2652 2699 commoda
2692 2653 2874 2711 publica

1537 2724 1635 2754 cum
1695 2711 1919 2754 umbratili
1957 2710 2281 2765 suffragiorum
2338 2711 2544 2777 pactione
2605 2710 2870 2754 lacerentur.

1540 2771 1554 2809 l
1618 2767 1709 2810 Eos
1739 2770 1886 2810 tamen
1915 2779 1942 2809 a
1969 2766 2210 2822 praedictis
2240 2767 2447 2810 oneribus
2473 2766 2615 2822 excipi
2639 2779 2665 2810 o
2700 2765 2886 2820 ortebit‚·

1535 2822 1639 2877 qui⁹
1667 2821 1712 2865 in
1738 2822 1783 2887 le
1814 2822 2034 2885 ationibus
2063 2822 2253 2878 publicis
2292 2822 2454 2866 versati
2493 2827 2609 2866 sunt.
2667 2779 2723 2866 Ι1)).
2742 2820 2861 2880 'prid

1538 2878 1580 2921 lc.
1612 2877 1694 2922 Iul.
1719 2874 1736 2899 ⁹
1801 2877 1962 2920 'mveris
1979 2879 2168 2924 Placido
2199 2884 2242 2923 et
2271 2880 2464 2925 Romulo
2491 2893 2633 2924 conss.

1589 2931 1619 2978 5
1659 2931 1871 2990 ¹⁰Imppp.
1893 2932 2167 2977 Theodosius
2182 2933 2406 2978 Arcadius
2429 2938 2472 2978 et
2489 2933 2870 2978 HonoriusAAA.

1532 2987 1780 3046 Apodemio
1816 3001 1899 3045 pp.
1946 2986 2133 3045 Illyrici.
2207 2989 2253 3032 Si
2308 2989 2426 3044 quod
2476 2987 2873 3033 extraordinarium

1534 3042 1768 3087 concilium
1806 3043 2082 3098 postulatur,
2126 3057 2225 3087 cum
2254 3045 2321 3088 vel
2358 3045 2416 3088 ad
2453 3058 2534 3088 nos
2563 3047 2633 3089 est
2660 3043 2874 3088 mittenda

1533 3099 1693 3154 legatio
1723 3099 1791 3143 vel
1815 3103 1988 3143 vestrae
2016 3098 2111 3143 sedi
2140 3100 2633 3155 aliquidintimandum,
2662 3099 2722 3155 ἰὰ,
2753 3098 2873 3156 quod

1532 3154 1649 3198 inter
1671 3167 1821 3199 omnes
1849 3156 2067 3198 communi
2091 3155 2273 3199 consilio
2298 3158 2579 3211 tractatuque
2605 3155 2872 3210 convenerit,

1534 3210 1710 3254 minime
1747 3210 1793 3253 in
1831 3222 2014 3255 examen
2061 3211 2298 3266 cognitoris
2340 3211 2552 3256 ordinarii
2587 3211 2871 3256 referatur¹¹.

1540 3271 1553 3308 1
1618 3266 1957 3310 Provincialium
1994 3265 2110 3310 enim
2147 3266 2386 3319 desideria,
2430 3267 2596 3324 quibus
2621 3266 2874 3312 necessaria

1534 3334 1666 3379 saepe
1702 3322 1899 3366 fortuitis
1939 3322 2132 3366 remedia
2170 3323 2484 3378 deposcuntur,
2523 3322 2648 3367 vobis
2664 3323 2699 3350 ¹²
2734 3335 2871 3379 agno-

1534 3390 1655 3422 scere
1685 3383 1818 3434 atque
1848 3379 2080 3433 explorare
2109 3379 2413 3433 permittimus,
2450 3380 2545 3422 ¹³ut
2573 3379 2629 3422 sit
2658 3377 2871 3423 examinis

1533 3434 1612 3486 tui,
1644 3446 1755 3489 quae
1771 3435 1804 3461 ¹⁴
1822 3446 1875 3477 ex
1897 3434 1965 3478 his
1989 3433 2153 3478 auxilio
2177 3438 2254 3478 tuo
2278 3435 2481 3490 protinus
2508 3433 2727 3489 implenda
2752 3438 2871 3487 sunt,

1533 3494 1577 3532 et
1593 3492 1626 3517 ¹⁵
1657 3502 1768 3545 quae
1793 3490 2047 3534 clementiae
2072 3493 2252 3533 nostrae
2278 3490 2461 3534 auribus
2485 3489 2731 3534 intimanda
2751 3489 2869 3534 vide·

1534 3549 1557 3588 2
1617 3551 1760 3589 antur.
1822 3546 1871 3588 In
1906 3546 2003 3598 loco
2035 3549 2181 3589 autem
2210 3546 2387 3601 publico
2418 3546 2472 3589 de
2503 3545 2722 3589 communi
2752 3544 2868 3590 utili-

1532 3604 1624 3644 tate
1670 3601 2004 3656 provincialium
2050 3601 2267 3645 sententia
2313 3601 2588 3657 proferatur,
2635 3604 2684 3644 at
2713 3612 2770 3646 ue
2810 3596 2869 3654 id,

1533 3656 1649 3711 quod
1685 3657 1863 3701 maioris
1900 3656 2040 3712 partis
2079 3657 2333 3712 probaverit
2371 3657 2607 3711 adsensus,
2646 3669 2695 3700 so
2731 3655 2870 3700 emnia

1531 3713 1676 3756 firmet
1729 3713 1983 3756 auctoritas.
2044 3711 2098 3756 D.
2148 3724 2177 3755 V
2215 3713 2259 3756 lc.
2309 3713 2421 3770 Auq.
2477 3712 2771 3756 Constantino
2806 3711 2870 3756 oli

1531 3767 1728 3811 Arcadio
1758 3767 1810 3811 A.
1846 3780 1887 3810 ll
1916 3773 1961 3812 et
1987 3766 2153 3824 Rufino
2185 3781 2328 3812 conss,
2697 3781 2737 3811 a.
2798 3770 2868 3820 92]

1588 3820 1619 3869 6
1653 3821 1837 3888 ¹⁶Impp.
1870 3822 2114 3882 Honorius*
2140 3829 2185 3867 et
2216 3821 2490 3868 Theodosius
2517 3822 2610 3867 AA.
2695 3820 2868 3867 onaxio

1527 3892 1605 3936 pp.
1665 3878 1876 3933 Quot1ens
1907 3879 1962 3922 ab
1993 3878 2295 3923 Alexandrina
2330 3878 2505 3922 civitate
2518 3879 2550 3905 ¹⁷
2590 3877 2754 3933 legatio
2793 3876 2868 3922 de-

1530 3935 1741 3986 stinatur,
1786 3935 2014 3978 universos
2054 3935 2241 3978 curiales
2279 3933 2575 4000 praecipimus
2667 3933 2713 3977 ui
2749 3932 2868 3977 intra

1529 3990 1682 4034 urbem
1719 3990 1988 4043 consistunt,
2029 3989 2068 4034 si
2104 4003 2195 4034 non
2229 3989 2503 4044 aegritudine
2532 4001 2583 4032 ve
2629 4001 2656 4032 a
2677 3989 2717 4032 'a
2743 3988 2866 4032 inex-

1529 4044 1718 4089 cusabili
1760 4046 2022 4090 necessitate
2064 4045 2382 4102 impediuntur,
2439 4045 2486 4088 in
2529 4044 2675 4088 locum
2719 4042 2867 4087 curiae

1529 4100 1761 4146 convenire
1800 4104 1846 4145 et
1884 4102 2062 4146 decreta
2097 4113 2178 4145 sua
2214 4099 2398 4158 propria
2436 4098 2762 4156 subscriptione
2789 4096 2864 4143 fir-

1530 4242 1592 4292 12,
1624 4250 1655 4290 1,
1686 4249 1729 4282 36
1872 4243 1928 4293 (8)
1967 4241 2167 4293 plebeiam
2197 4255 2360 4293 quoque
2390 4242 2619 4282 sustineant
2648 4243 2863 4295 capitatio·
2916 4276 2922 4293 ,

1948 4299 2002 4347 (9)
2033 4296 2098 4336 vel
2127 4298 2173 4337 in
2202 4297 2556 4337 administratione
2586 4296 2651 4337 vel
2681 4300 2754 4338 ins.
2791 4299 2861 4340 Th.

2038 4353 2111 4403 (ιο)
2140 4373 2197 4389 =
2231 4353 2301 4393 ΤΙι.
2339 4355 2401 4404 12,
2432 4361 2485 4403 12,
2516 4360 2556 4393 12

1901 4408 1975 4458 (η)
2005 4407 2101 4447 solis
2131 4410 2206 4449 ins.
2240 4408 2312 4449 Th.
2670 4355 2741 4404 (¹¹)
2771 4366 2862 4406 per-

2425 4409 2498 4458 fla)
2528 4409 2576 4446 ut
2604 4408 2659 4446 sit
2689 4439 2698 4448 .
2725 4439 2734 4449 .
2761 4439 2769 4448 .
2803 4409 2861 4448 vi-

2595 4519 2668 4570 (16)
2699 4539 2753 4556 =
2785 4518 2860 4560 Tln.

1530 4573 1592 4624 12,
1623 4581 1677 4623 12,
1709 4581 1747 4613 15
1861 4575 1935 4627 (17)
1964 4573 2014 4614 ab
2043 4572 2158 4615 Alex.
2190 4574 2270 4614 eiu.
2302 4587 2373 4614 om.
2409 4571 2469 4613 Th

2695 2884 2751 2934 [a.
2778 2854 2876 2928 343l
2925 2911 2930 2916 -
2975 2858 2977 2863 ⁴
3059 2847 3067 2870 ³
