3152 4784
184 177 226 228 V
264 174 467 224 54—59

234 320 263 367 3
305 319 427 363 Idem
465 320 516 361 A.
553 316 720 359 Avitae.
786 314 1011 359 Adversus
1053 310 1232 374 heredes
1277 307 1498 373 quondam

179 376 332 419 tutoris
375 374 441 416 tui
481 372 646 415 tutelae
683 369 858 414 actione
905 370 1097 413 consiste
1111 370 1136 408 ¹.
1203 378 1250 407 m
1286 363 1498 406 iudicium

176 436 319 474 autem
361 427 503 471 veniet
540 426 673 468 etiam
713 424 779 476 id,
825 425 943 479 quod
990 423 1072 469 tihi
1113 425 1231 463 tutor
1268 431 1323 462 ex
1362 430 1499 481 causa

175 483 462 528 fideiussionis
509 480 670 524 debuit.
739 478 832 522 PP.
870 482 964 522 1112
1004 491 1108 522 non.
1148 474 1233 518 Iul.
1266 475 1496 517 Antonino

174 542 222 584 A.
256 551 344 582 1111
370 543 413 582 et
439 536 632 579 Balbino
663 547 805 578 conss.
1224 551 1228 555 ·
1307 532 1364 582 [a.
1397 531 1494 579 213]

228 594 259 640 4
289 593 399 649 Imp.
430 589 691 635 Alexander
717 590 768 632 A.
799 588 1034 632 Montino.
1098 584 1295 648 Heredes
1332 597 1495 648 eorum,

174 651 245 705 qui
283 649 463 691 tutelam
492 645 559 689 vel
600 657 751 688 curam
789 641 1199 689 administraverint,
1241 654 1278 684 s1
1307 641 1411 696 quld
1441 639 1498 683 ad

173 719 245 749 eos
286 717 337 746 ex
375 714 422 745 re
460 701 616 756 pupilli
645 699 713 743 vel
742 698 882 742 adulti
943 698 1126 751 ervenit,
1157 697 1391 740 restituere
1422 709 1495 739 co-

170 763 350 815 guntur:
389 761 433 800 et
461 757 507 799 in
536 769 586 799 eo
617 748 775 806 autem,
816 767 902 809 quo
963 758 1084 796 tutor
1113 753 1180 796 vel
1211 755 1391 796 curator
1418 751 1496 795 ad-

171 815 413 857 ministrare
436 812 585 855 debuit
608 824 691 855 nec
715 810 1048 861 administravit,
1076 809 1292 852 rationem
1313 808 1495 851 reddere

169 884 244 914 eos
274 869 431 912 debere
460 881 548 911 non
577 875 646 910 est
674 866 992 921 ambigendum.
1050 863 1143 909 PP.
1183 877 1278 908 7111
1306 864 1350 908 lc.
1382 863 1494 908 Nov.

169 923 431 969 Alexandro
462 925 513 967 A.
547 935 616 967 111
641 929 687 967 et
714 921 861 966 Dione
889 934 1032 965 conss.
1309 921 1366 977 [a.
1398 923 1495 972 229]

777 1036 899 1084 LV.⁸

473 1119 524 1160 SI
554 1119 736 1160 TUTOR
764 1119 877 1159 NON
911 1117 1195 1159 GESSERIT.

225 1203 246 1248 1
292 1200 424 1259 ⁴Imp.
462 1199 724 1245 Alexander
758 1202 809 1243 A.
853 1199 1022 1244 Zotico.
1093 1199 1272 1243 Certum
1312 1201 1379 1241 est
1407 1210 1496 1240 non

167 1260 306 1303 solum
344 1270 417 1300 eos
459 1257 533 1312 qui
568 1262 817 1311 gesserunt,
856 1255 933 1299 sed
969 1255 1099 1299 etiam
1137 1255 1213 1310 qui
1239 1266 1391 1309 gerere
1419 1253 1494 1296 de-

165 1316 354 1358 buerunt
382 1314 564 1356 tutelam
593 1312 734 1355 teneri
763 1311 894 1355 etiam
922 1311 969 1353 in
999 1323 1063 1362 ea,
1094 1323 1206 1365 quae
1235 1323 1262 1353 a
1292 1314 1495 1353 contuto-

164 1371 285 1413 ribus
315 1369 477 1413 servari
505 1381 593 1411 non
615 1372 868 1423 potuerunt,
899 1368 937 1411 si
966 1367 1110 1419 modo,
1143 1380 1240 1409 cum
1266 1371 1496 1420 suspectos

168 1431 185 1468 1
233 1427 378 1468 facere
404 1424 625 1477 deberent,
646 1423 692 1467 id
714 1423 908 1467 officium
932 1423 1186 1466 omiserunt.
1236 1422 1307 1465 Tu
1333 1427 1495 1475 autem,

165 1482 246 1525 etsi
286 1486 440 1524 contra
479 1484 714 1535 patronum
751 1482 878 1522 tuum
915 1478 1131 1522 famosam
1170 1478 1390 1522 actionem
1427 1478 1495 1520 in-

164 1538 344 1581 stituere
364 1549 454 1580 non
473 1535 671 1592 potuisti,
698 1535 927 1590 providere
949 1540 1110 1587 tamen,
1139 1546 1194 1578 ne
1210 1533 1316 1589 quid
1328 1534 1494 1577 tutelae

164 1594 346 1646 deesset,
376 1592 635 1636 necessariis
657 1590 1029 1646 postulationibus
1063 1590 1184 1645 apud
1215 1603 1336 1645 eum,
1368 1589 1494 1633 cuius

167 1649 220 1692 de
249 1661 303 1692 ea
330 1661 379 1692 re
407 1647 651 1692 iurisdictio
681 1647 778 1700 fuit,
808 1647 1005 1702 potuisti.
1051 1646 1144 1690 PP.
1155 1646 1280 1705 prid.
1307 1645 1367 1688 id.
1383 1643 1493 1689 Mai.

137 1757 139 1759 ¹
165 1704 371 1749 Maximo
406 1715 451 1746 11
479 1709 523 1747 et
550 1703 737 1747 Aeliano
769 1716 913 1746 conss.
1309 1706 1364 1754 [a.
1397 1704 1493 1752 223]

220 1758 251 1805 2
282 1759 407 1804 Idem
435 1760 486 1803 A.
519 1757 661 1802 Iusto.
730 1758 816 1813 Qui
852 1771 900 1802 se
937 1771 1026 1802 non
1063 1757 1396 1801 immiscuerunt
1423 1762 1494 1800 tu-

163 1817 278 1859 telae
305 1816 374 1859 vel
404 1828 554 1868 curae,
580 1821 634 1857 ex
662 1823 852 1869 persona
881 1827 1045 1866 eorum,
1087 1813 1163 1869 qui
1193 1816 1424 1868 gesserunt
1453 1818 1496 1855 et

163 1872 309 1915 idonei
337 1874 453 1924 sunt,
484 1884 573 1914 non
602 1875 854 1914 onerantur.
903 1869 942 1913 si
971 1882 1058 1925 qua
1087 1882 1189 1913 vero
1219 1874 1336 1922 sunt,
1368 1881 1494 1924 quae,

168 1939 266 1970 cum
293 1927 385 1982 geri
414 1927 672 1980 debuerunt,
703 1926 866 1969 omissa
896 1932 1013 1978 sunt,
1050 1926 1167 1968 latae
1199 1925 1354 1980 culpae
1381 1925 1494 1968 ratio

166 1996 314 2027 omnes
353 1983 595 2037 aequaliter
632 1985 765 2025 tenet.
826 1980 918 2024 PP.
959 1993 1051 2025 7111
1087 1980 1129 2024 lc.
1161 1979 1269 2024 Mai.
1313 1979 1494 2024 Iuliano

165 2044 210 2082 et
239 2037 445 2096 Crispino
477 2051 620 2082 conss.
1309 2041 1364 2088 [a.
1397 2039 1493 2088 224]

754 2152 903 2200 LVI!

450 2233 526 2272 DE
556 2232 749 2273 USURIS
779 2233 1203 2274 PU'PILLARIBUS.

213 2312 236 2358 1
271 2311 418 2369 erp.
448 2313 701 2356 Antoninus
724 2315 784 2354 A.
810 2311 1117 2356 Pmesentino.
1179 2314 1389 2361 Tutorem
1418 2320 1486 2363 vel

161 2374 409 2412 curatorem
447 2369 683 2423 pecuniae,
724 2382 855 2424 quam
893 2369 940 2411 in
976 2381 1082 2411 usus
1123 2381 1229 2412 suos
1262 2370 1490 2419 convertit,

159 2424 371 2480 legitimas
401 2437 558 2470 usuras
587 2429 817 2480 praestare
846 2424 1005 2468 debere
1035 2424 1137 2467 olim
1165 2424 1349 2480 placuit.
1394 2422 1488 2468 PP.

159 2494 261 2523 non.
288 2478 389 2523 Iun.
416 2479 645 2523 Antonino
669 2482 720 2523 A.
741 2492 830 2523 1111
851 2485 897 2524 et
909 2479 1107 2524 Balbino
1134 2492 1277 2523 conss.
1317 2484 1374 2532 [a.
1393 2483 1490 2532 213]

214 2535 245 2580 2
286 2534 397 2593 Imp.
429 2534 691 2580 Alexander
725 2536 778 2579 A.
808 2535 1048 2593 Ampliato.
1107 2535 1242 2587 Eius,
1282 2535 1399 2591 quod
1437 2548 1492 2580 ex

159 2604 293 2634 causa
344 2591 511 2635 tutelae
555 2591 759 2643 debetur,
814 2604 973 2635 usuras
1023 2592 1239 2646 praestari
1284 2594 1492 2648 oportere

158 2648 337 2691 dubium
376 2660 465 2690 non
503 2651 592 2700 est,
626 2647 820 2702 quamvis
852 2647 948 2690 aliis
977 2661 1056 2703 pro
1087 2647 1307 2703 participe
1336 2660 1488 2691 mune-

157 2703 218 2747 ris
245 2703 488 2747 necessitas
518 2703 748 2747 solutionis
777 2703 1016 2759 inrogetur,
1056 2703 1158 2759 quia
1185 2703 1232 2746 id
1261 2716 1349 2746 non
1380 2704 1491 2748 alias

159 2759 393 2813 contingit,
438 2771 570 2814 quam
606 2759 644 2803 si
683 2760 870 2803 cessatio
912 2759 1157 2803 contutoris
1196 2759 1243 2801 in
1282 2764 1489 2814 suspecto

156 2814 359 2858 faciendo
395 2814 603 2870 imputari
639 2815 791 2870 possit.
851 2813 945 2858 PP.
977 2826 1081 2858 XIII
1113 2813 1155 2858 lt.
1189 2813 1275 2858 Iul.
1308 2813 1490 2858 Iuliano

157 2876 201 2914 et
231 2869 328 2914 Cris
360 2870 436 2914 ino
467 2883 611 2914 consa
1303 2875 1359 2922 [a.
1392 2874 1489 2922 224]

215 2923 244 2972 3
276 2925 308 2968 Ι
334 2940 401 2969 em
429 2926 480 2969 Α.
524 2925 703 2970 Vitalio.
762 2925 808 2970 Si
879 2926 1079 2970 ecuniam
1115 2926 1377 2981 pupillarem
1412 2939 1490 2970 ne-

156 2994 241 3037 que
279 2982 449 3026 idoneis
484 2981 734 3026 hominibus
775 2994 849 3026 cre
880 2994 951 3026 ere
978 2994 1122 3038 neque
1149 2982 1198 3026 in
1227 2982 1492 3037 emptionem

154 3037 481 3093 possessionum
505 3042 760 3082 convertere
775 3037 973 3093 potuisti,
999 3050 1087 3081 non
1111 3038 1128 3082 i
1187 3039 1335 3082 orabit
1357 3038 1491 3082 iudex

155 3107 312 3137 usuras
341 3093 436 3137 eius
466 3106 493 3137 a
522 3098 566 3136 te
595 3094 708 3148 exigi
737 3106 825 3137 non
854 3098 1071 3149 oportere.
1172 3092 1224 3138 P.
1256 3093 1314 3137 id.
1342 3094 1488 3152 April.

154 3148 359 3193 Modesto
390 3155 435 3194 et
461 3148 613 3194 Probo
650 3163 793 3193 conss.
1301 3154 1357 3202 [a.
1389 3153 1487 3202 228]

211 3204 243 3250 4
273 3204 419 3263 Impp.
449 3203 760 3249 Diocletianus
786 3210 833 3249 et
859 3204 1172 3250 Maximianus
1199 3206 1291 3249 AA.
1333 3211 1379 3250 et
1409 3204 1487 3251 00.

155 3260 350 3304 Aurelio.
418 3260 619 3316 Pupillus
658 3273 788 3316 agere
832 3261 1060 3305 vobiscum
1104 3261 1280 3305 actione
1322 3262 1490 3306 tutelae

159 3322 177 3358 1
241 3316 441 3371 compelli
477 3329 566 3360 non
602 3319 762 3371 potest.
833 3317 998 3360 Verum
1037 3316 1247 3361 adversus
1291 3316 1489 3361 futuram

157 3371 418 3415 calumniam
446 3376 489 3414 et
518 3374 580 3425 ut,
612 3372 649 3415 si
679 3372 782 3427 quid
811 3373 850 3416 ei
879 3373 1070 3425 debetis,
1107 3386 1265 3417 cursus
1296 3374 1390 3418 eius
1419 3374 1487 3418 in-

156 3427 360 3470 hibeatur
386 3439 630 3481 usurarum,
655 3428 1056 3473 denuntiationibus
1080 3428 1336 3484 frequenter
1350 3430 1486 3473 inter-

156 3482 311 3538 positis
340 3482 398 3526 ad
425 3482 634 3526 iudicium
662 3496 760 3527 eum
788 3490 1026 3540 provocate
1060 3497 1126 3537 ac,
1168 3486 1207 3528 si
1235 3498 1328 3529 rem
1357 3485 1486 3530 dissi-

157 3539 396 3581 mulatione
425 3538 633 3593 proferat,
671 3540 782 3583 actis
812 3540 931 3595 apud
959 3541 1206 3596 praesidem
1235 3542 1488 3596 provinciae

155 3594 287 3637 factis
325 3593 561 3637 voluntatis
603 3599 774 3638 vestrae
820 3596 1035 3640 rationem
1088 3597 1334 3642 declarate:
1401 3611 1487 3654 quo

156 3650 274 3694 facto
305 3656 394 3692 tam
423 3650 545 3693 vobis
574 3650 680 3705 ipsis
741 3663 841 3693 uam
867 3653 1092 3696 securitati
1114 3652 1303 3698 filiorum
1318 3659 1485 3698 vestro-

157 3709 181 3748 2
247 3719 344 3748 rum
384 3705 640 3749 consulatis.
746 3706 834 3750 uod
868 3712 912 3750 et
949 3708 995 3750 in
1033 3710 1311 3754 curatoribus
1340 3710 1486 3754 locum

154 3761 302 3805 habet.
361 3759 454 3805 PP.
487 3773 556 3804 111
580 3761 639 3804 id.
665 3761 815 3805 Febr.⁶
846 3761 981 3805 Sirmi
1008 3763 1083 3808 00.
1112 3778 1256 3809 conss.
1305 3770 1359 3819 [a.
1388 3769 1484 3819 294]

732 3877 868 3925 LVII
874 3877 905 3923 ‚⁷

222 3958 297 3997 DE
327 3957 1082 4055 FIDEIUSSORIB'FgR'ggiTORUM
1113 3961 1220 4002 SEU
1250 3962 1415 4002 CURA-

212 4091 234 4139 1
271 4092 386 4151 Imp.
403 4093 664 4139 Alexander
684 4096 737 4139 A.
761 4094 912 4139 Felici.
957 4095 1132 4151 Eligere
1157 4099 1305 4153 debes,
1336 4102 1484 4144 utrum

153 4152 282 4192 cum⁰
323 4149 429 4204 ipsis
476 4151 700 4194 tutoribus
743 4151 812 4194 vel
866 4154 1141 4197 curatoribus
1195 4155 1484 4200 heredibusve

151 4293 201 4339 (1)
231 4291 424 4331 consistet
460 4291 498 4330 V
621 4291 674 4340 (2)
704 4302 756 4329 111
796 4289 843 4339 V,
874 4302 921 4329 xv
952 4291 1052 4330 Hal.
1183 4296 1236 4346 (3)
1266 4294 1311 4335 Β
1342 4296 1409 4346 38,
1439 4303 1480 4337 16

122 4397 129 4400 ‚
153 4349 206 4396 (4)
237 4367 289 4381 =
321 4349 358 4395 6,
378 4354 414 4397 6,
431 4355 447 4386 1
525 4346 578 4395 (5)
596 4344 641 4385 B
658 4347 724 4394 38,
743 4354 781 4385 17
869 4346 937 4395 (δ’)
970 4347 1088 4399 iunye
1115 4351 1154 4397 5,
1170 4358 1222 4400 51,
1239 4358 1260 4391 2
1346 4351 1400 4401 (a)
1423 4349 1478 4390 id.

154 4401 273 4443 Febr.
303 4403 348 4452 V,
380 4400 459 4441 kal.
478 4404 576 4452 sept.
600 4401 695 4441 Hal.
814 4402 868 4450 (7)
901 4401 963 4453 Cf.
984 4401 1083 4455 Di9.
1103 4404 1168 4455 27,
1187 4415 1205 4445 7
1305 4407 1362 4456 (8)
1389 4418 1481 4445 cum

157 4472 226 4497 om.
259 4459 292 4497 V
374 4459 430 4507 (9)
460 4457 623 4507 xHal.,
648 4472 719 4496 om.
747 4457 786 4496 V
866 4457 941 4507 (ιο)
978 4456 1105 4509 Β38,
1124 4468 1212 4509 7,1s
1300 4463 1366 4509 (ιι)
1397 4474 1481 4501 vm

167 4511 212 4561 V,
240 4525 303 4552 vu
330 4513 427 4552 Hal.
514 4513 586 4561 (12)
618 4513 659 4552 Β
679 4514 814 4563 38,18.
847 4534 901 4541 -
936 4513 997 4564 Cf.
1016 4511 1115 4567 Diy.
1133 4516 1198 4564 27,
1218 4526 1237 4556 4
1322 4518 1394 4567 (13)
1424 4519 1483 4558 sic

164 4565 236 4605 CR
251 4582 333 4607 cum
351 4568 407 4614 B,
434 4567 601 4608 nomina
619 4566 696 4614 VQ
785 4569 855 4618 (14)
887 4567 974 4607 eius
999 4568 1045 4619 V,
1071 4584 1142 4609 om.
1166 4570 1237 4611 C'R
1321 4574 1394 4623 (15)
1424 4575 1482 4614 sic

167 4621 293 4670 VCR,
319 4623 497 4662 actiones
533 4624 624 4662 dett.
652 4638 734 4663 cum
764 4624 851 4661 ΒΣ
871 4624 924 4675 (κ.
952 4626 1014 4675 π.)
1102 4626 1175 4676 (16)
1199 4629 1323 4668 scribi
1349 4629 1483 4668 debuit

1502 153 1604 211 23⁰
2197 173 2246 212 s1
2281 135 2464 210 Toron
2497 171 2616 212 Non
2651 172 2912 215 onssnmr

1579 317 1731 348 eorum
1756 316 1814 348 an
1839 317 1940 349 cum
1964 306 2046 360 his,
2078 307 2154 363 qui
2176 321 2256 364 pro
2281 307 2343 351 eis
2369 319 2417 350 se
2437 306 2751 363 obligaverunt,
2782 322 2911 367 agere

1580 360 1741 404 debeas
1770 359 1852 413 vel,
1891 361 1931 404 si
1956 362 2020 407 ita
2047 364 2187 416 malis,
2227 362 2418 407 dividere
2445 362 2676 413 actionem.
2734 378 2837 411 nam
2863 366 2912 410 in

1580 415 1770 459 solidum
1808 419 1854 458 et
1890 428 1992 461 cum
2028 431 2104 463 reo
2142 422 2188 463 et
2225 431 2325 463 cum
2356 417 2691 465 fideiussoribus
2718 421 2789 478 agi
2815 422 2913 466 iure

1578 483 1668 515 non
1705 473 1866 526 potest.
1931 471 2025 517 PP.
2057 475 2121 518 X⁹
2156 474 2199 519 lc.
2232 473 2360 518 Febr.
2401 472 2582 518 Iuliano
2621 479 2667 519 et
2704 475 2910 535 Crispino

1580 539 1723 570 conss.
2722 536 2779 584 [a.
2811 536 2910 584 224]

1637 580 1670 627 2
1705 580 1867 627 ¹⁰Idem
1892 587 1944 628 A..
1975 582 2148 630 Prisco.
2194 585 2296 630 Non
2326 589 2394 629 est
2423 585 2616 640 ambigui
2640 585 2750 631 iuris
2771 588 2913 633 electo

1583 642 1602 681 1
1662 650 1740 681 reo
1771 642 1816 681 et
1843 637 2038 684 solvente
2065 640 2368 686 fideiussorem
2395 641 2590 684 liberari.
2658 641 2720 685 Et
2745 642 2851 695 ideo,
2874 643 2915 689 si

1579 693 1834 749 simpliciter
1861 699 2073 751 acceptus
2103 700 2170 741 est
2201 696 2436 741 fideiussor
2470 697 2517 739 in
2544 696 2610 749 id,
2648 697 2767 752 quod
2793 701 2916 742 tutor

1579 762 1659 794 seu
1689 751 1872 793 curator
1899 749 2127 796 debiturus
2159 758 2294 807 esset,
2334 765 2433 796 cum
2468 765 2694 808 proponas
2722 758 2915 797 tutorem

1580 819 1659 849 seu
1689 809 1939 850 curatorem
1970 807 2306 852 condemnatum
2343 808 2550 860 solvisse,
2591 808 2696 863 quid
2734 808 2916 859 dubium

1581 866 1606 904 2
1663 866 1733 906 est
1759 861 1995 905 liberatum
2024 875 2121 908 esse
2149 863 2484 908 fideiussorem?
2540 863 2680 908 Plane
2709 863 2748 908 si
2775 864 2916 920 stipu-

1577 917 1683 961 latio
1726 928 1820 981 rem
1863 917 2030 961 salvam
2071 918 2167 963 fore
2210 919 2474 975 interposita
2518 922 2587 964 est
2628 920 2698 964 vel
2737 923 2917 967 cautum

1580 975 1648 1018 est
1682 972 1731 1018 in
1767 972 1833 1026 ld,
1872 973 1991 1029 quod
2028 986 2057 1017 a
2090 979 2239 1019 tutore
2275 989 2355 1020 seu
2392 979 2598 1020 curatore
2634 976 2800 1020 servari
2826 988 2918 1026 non

1578 1031 1748 1085 potest,
1798 1034 1948 1073 manet
1990 1029 2221 1076 fideiussor
2261 1031 2483 1087 obligatus
2526 1031 2584 1075 ad
2627 1031 2918 1088 supplendam

1579 1086 1659 1129 tibi
1686 1084 2032 1129 indemnitatem.
2089 1085 2184 1130 PP.
2225 1089 2363 1131 7111ιι
2400 1087 2443 1132 lc.
2474 1089 2589 1145 Auq.
2621 1087 2771 1132 Fusco
2801 1099 2850 1136 11,
2873 1091 2919 1132 et

1579 1141 1757 1186 Dextro
1789 1153 1933 1185 conss,
2725 1144 2785 1200 [a.
2817 1146 2917 1196 225]

2137 1311 2352 1360 LV111.¹²

1900 1394 1977 1434 DE
2009 1393 2327 1435 CONTRARIO
2358 1393 2591 1436 IUDICIO.

1639 1476 1659 1522 1
1698 1474 1767 1519 Im
1794 1490 1844 1533 p.
1878 1474 2069 1521 Severus
2106 1481 2152 1521 et
2178 1476 2435 1520 Antoninus
2463 1476 2556 1521 AA.
2589 1475 2810 1521 Stratoni.
2868 1475 2918 1526 ‚Si

1578 1546 1658 1587 pro
1700 1534 1747 1575 iu
1780 1532 1897 1576 icato
1943 1536 2175 1577 contutore
2259 1532 2460 1576 ecuniam
2503 1532 2695 1587 solvisti,
2747 1531 2918 1582 nullum

1577 1588 1790 1632 iudicium
1818 1588 1899 1634 tibi
1930 1594 2084 1632 contra
2113 1545 2331 1644 pupiflum
2359 1587 2585 1644 competit,
2614 1593 2667 1632 ut
2694 1587 2919 1644 delegetur

1578 1645 1658 1688 tibi
1702 1644 1912 1688 adversus
1956 1644 2193 1688 liberatum
2236 1644 2368 1688 actio.
2865 1691 2867 1694 Α

1579 1701 1733 1754 emisti,
1763 1700 1811 1743 in
1839 1713 1931 1742 rem
1961 1712 2085 1744 suam
2114 1705 2378 1756 procurator
2408 1699 2539 1744 datus
2566 1699 2753 1745 heredes
2777 1699 2871 1745 eius
2885 1699 2919 1726 ¹⁴

1578 1755 1762 1800 iudicati
1788 1756 1954 1811 poteris
1986 1757 2235 1800 convenire.
2281 1755 2376 1800 PP.
2401 1768 2474 1800 711
2498 1755 2542 1801 lc.
2559 1755 2697 1801 Mart.
2713 1755 2919 1802 Fabiano

1577 1818 1623 1856 et
1648 1810 1864 1858 Muciano
1895 1825 2040 1856 conss.
2730 1816 2787 1865 [a.
2819 1815 2918 1865 201]

1636 1865 1667 1913 2
1698 1865 1768 1911 Im
1803 1902 1812 1911 .
1843 1867 2100 1912 Antoninus
2127 1868 2178 1911 A.
2210 1866 2460 1913 Primitivo.
2531 1868 2579 1912 Si
2611 1882 2702 1912 non
2731 1880 2788 1912 ex
2814 1880 2919 1924 pro·

1578 1923 1677 1979 pria
1716 1937 1770 1967 cu
1790 1935 1848 1978 pa
1884 1924 2006 1967 solus
2044 1923 2239 1980 pupillae
2270 1923 2589 1968 condemnatus
2620 1937 2691 1978 es,
2731 1923 2811 1968 sed
2839 1923 2919 1968 ab·

1579 1992 1678 2023 sens
1708 1984 1753 2024 et
1780 1979 2034 2024 indefensus
2063 1979 2336 2035 adquievisti,
2369 1993 2470 2023 cum
2497 1992 2553 2023 ex
2575 1992 2711 2024 causa
2735 1978 2918 2029 iudicati

1581 2034 1840 2079 satisfacere
1871 2036 2082 2091 coeperis,
2123 2035 2342 2080 actionem
2358 2037 2393 2062 ¹⁵
2421 2035 2631 2079 adversus
2663 2038 2918 2089 contutores

1575 2097 1679 2135 tuos
1728 2090 1930 2135 mandari
1981 2091 2062 2135 tibi
2114 2104 2142 2135 a
2184 2106 2245 2148 pu
2277 2092 2354 2135 illa
2397 2090 2667 2136 desiderabis
2708 2091 2779 2136 vel
2819 2089 2919 2136 utili

1577 2147 1752 2191 actione
1798 2147 1949 2191 uteris.
2021 2146 2115 2191 PP.
2145 2148 2228 2206 pri
2263 2182 2271 2190 .
2311 2147 2371 2191 id.
2414 2145 2506 2192 Oct.
2546 2146 2920 2254 duobus[Asgr{5

1577 2216 1721 2246 conss,
2745 2216 2786 2246 a.
2851 2206 2868 2244 1

1634 2255 1665 2304 3
1710 2257 1886 2301 Idem¹⁶
1929 2258 2023 2302 AA.
2067 2263 2113 2302 et
2153 2256 2230 2301 00.
2275 2256 2464 2302 Thesidi.
2538 2256 2587 2300 Si
2628 2261 2757 2313 pater
2797 2261 2918 2310 tuus,

1577 2326 1707 2368 quem
1736 2316 1782 2356 et
1809 2312 1998 2368 privigni
2026 2314 2095 2357 sui
2123 2313 2310 2356 tutelam
2334 2313 2668 2356 administrasse
2692 2313 2917 2369 proponis,

1576 2372 1838 2412 testamento
1876 2373 1998 2412 recte
2035 2368 2181 2420 facto,
2220 2369 2388 2424 pupillo
2421 2369 2555 2412 etiam
2585 2369 2807 2424 quondam
2835 2381 2916 2413 suo

1575 2424 1737 2467 herede
1764 2424 1967 2467 instituto
1999 2423 2202 2475 decessit,
2235 2425 2440 2480 quoniam
2470 2438 2559 2468 non
2589 2424 2675 2468 nisi
2701 2437 2784 2481 pro
2812 2437 2917 2481 por-

1575 2480 1695 2524 tione
1732 2479 1999 2523 hereditaria
2037 2480 2203 2524 tutelae
2235 2479 2492 2535 petitionem
2521 2479 2781 2525 confusione
2811 2493 2914 2525 con-

1576 2541 1663 2580 stet
1702 2535 1924 2591 extingui,
1963 2549 2045 2592 pro
2084 2536 2262 2580 residua
2296 2541 2425 2592 parte
2461 2536 2771 2581 succedentem
2798 2535 2916 2594 patri

1575 2591 1742 2636 tutelae
1779 2596 1824 2635 te
1863 2592 2066 2637 convenit
2098 2592 2218 2648 apud
2248 2597 2572 2648 competentem
2599 2592 2790 2638 iudicem
2816 2593 2917 2639 red-

1579 2653 1598 2691 1
1646 2648 1749 2691 dere
1773 2647 1982 2693 rationes.
2036 2647 2121 2702 Qui
2142 2648 2385 2692 secundum
2408 2649 2573 2693 bonam
2596 2647 2741 2703 fidem,
2766 2661 2917 2694 eorum

1575 2704 1730 2758 etiam,
1768 2715 1881 2759 quae
1918 2706 2089 2759 patrem
2125 2707 2251 2748 tuum
2279 2705 2325 2748 in
2355 2717 2404 2749 re
2434 2705 2527 2749 eius
2558 2717 2764 2761 erogasse
2792 2704 2916 2759 dicis,

1574 2759 1769 2804 admissa
1798 2760 2171 2814 compensatione,
2208 2760 2367 2815 reliqui
2403 2761 2459 2815 (si
2488 2760 2593 2816 quid
2622 2760 2810 2817 amplius
2840 2761 2915 2808 de-

1575 2819 1600 2858 2
1657 2815 1804 2866 betur)
1843 2814 1982 2859 faciet
2019 2815 2443 2860 condemnationem.
2516 2816 2644 2871 Quod
2688 2817 2729 2861 si
2770 2817 2916 2862 sciens

1574 2870 1761 2926 amplius
1799 2871 1845 2913 in
1883 2883 1978 2914 rem
2013 2884 2139 2914 suam
2174 2876 2402 2927 erogatum
2431 2872 2650 2927 agendum
2675 2877 2915 2938 propterea

1573 2926 1740 2970 tutelae
1767 2939 1858 2971 non
1888 2927 2130 2982 putaverit,
2171 2939 2271 2971 eum
2301 2927 2524 2971 contrario
2552 2927 2715 2973 iudicio
2755 2940 2912 2972 conve-

1573 2983 1670 3026 nire
1698 2987 1840 3038 potes.
1902 2981 1948 3026 S.
1980 2994 2117 3026 XVIII
2142 2981 2184 3026 lc.
2217 2981 2316 3026 Ian.
2352 2981 2430 3027 00.
2463 2996 2608 3028 conss.
2724 2987 2780 3037 [a.
2813 2986 2912 3038 294]

2128 3153 2366 3201 LV1111.¹⁷

1787 3234 1865 3274 DE
1895 3233 2287 3300 AUCTORITATE
2315 3235 2701 3277 PRAESTANDA.

1629 3316 1651 3362 1
1697 3314 1880 3374 ¹⁸Impp.
1903 3314 2215 3361 Diocletianus
2237 3325 2284 3362 et
2303 3315 2619 3362 Maximianus
2636 3317 2729 3362 AA.
2761 3322 2807 3363 et
2831 3316 2908 3373 00.

1572 3372 1844 3416 Antoniano.
1913 3372 2069 3428 Neque
2098 3373 2260 3418 tutoris
2288 3386 2432 3429 neque
2461 3373 2680 3418 curatoris
2709 3371 2912 3419 absentia

1573 3429 1807 3500 quicquam
1845 3427 2123 3484 stipulationi
2159 3442 2241 3485 pro
2284 3429 2454 3486 pupillo
2497 3429 2676 3474 habitae
2690 3430 2723 3455 ¹⁹
2765 3434 2908 3475 nocet.

1572 3485 1680 3528 bine
1709 3483 1782 3528 die
1814 3491 1860 3528 et
1887 3485 2075 3528 consS.²⁰
2693 3537 2696 3539 ¹

1628 3540 1659 3586 2
1701 3537 1825 3584 Idem
1853 3541 1946 3584 AA.
1986 3546 2033 3584 et
2063 3538 2141 3584 00.
2174 3539 2381 3584 Serenae.
2449 3540 2545 3584 Nec
2583 3539 2781 3590 actiones
2814 3540 2911 3585 sine

1571 3596 1731 3640 tutoris
1775 3597 2042 3639 auctoritate
2086 3595 2134 3639 in
2177 3599 2322 3640 aetate
2363 3595 2572 3652 pupillari
2616 3595 2907 3640 constitutam

1571 3651 1830 3710 remittendo
1847 3650 2080 3707 quicquam
2095 3651 2295 3696 amittere
2309 3652 2492 3708 poteris.
2540 3650 2585 3695 S.
2602 3664 2717 3696 XVII
2736 3651 2779 3695 lc.
2797 3649 2907 3696 Mai.

1574 3708 1650 3753 00.
1683 3720 1826 3753 conss.
2719 3711 2776 3765 [a.
2809 3709 2906 3761 294]

1628 3761 1658 3812 3
1690 3762 1855 3807 2²Idem
1884 3762 1977 3806 AA.
2007 3767 2055 3807 et
2084 3760 2162 3807 00.
2196 3761 2323 3807 Gaio.
2382 3763 2522 3817 Eum,
2564 3763 2640 3821 qui
2678 3775 2707 3808 a
2739 3761 2908 3822 pupillo

1570 3821 1666 3864 sine
1693 3817 1855 3864 tutoris
1886 3817 2152 3862 auctoritate
2177 3818 2450 3863 distrahente
2475 3819 2746 3876 comparavit
2787 3815 2908 3875 longi

1568 3875 1780 3932 temporis
1811 3873 2005 3930 spatium
2033 3886 2124 3918 non
2133 3875 2172 3901 ²³
2201 3874 2410 3919 defendit.
2441 3890 2443 3893 ¹
2469 3873 2516 3919 S.
2544 3887 2637 3919 7111
2647 3876 2685 3902 ²⁴
2712 3853 2772 3919 id.
2799 3873 2904 3920 Deo.

1572 3930 1649 3977 00.
1681 3943 1823 3975 conss.
2719 3934 2777 3984 [a.
2808 3933 2906 3983 294]

1625 3987 1657 4035 4
1686 3984 1801 4043 Imp.
1830 3984 2113 4029 Iustinianus
2133 3986 2186 4029 A.
2211 3984 2393 4030 Iuliano
2407 3999 2499 4085 ἔρ.
2557 3985 2733 4030 Clarum
2755 3988 2905 4042 poste-

1567 4043 1690 4087 ritati
1718 4041 1931 4085 facientes
1962 4041 2184 4085 sancimus
2215 4042 2404 4086 omnimo
2437 4055 2462 4085 ο
2488 4039 2648 4086 debere
2670 4046 2715 4085 et
2737 4040 2903 4098 agenti-

1567 4101 1651 4144 bus
1704 4103 1750 4141 et
1801 4095 1989 4152 pulsatis
2039 4095 2087 4141 in
2130 4097 2429 4142 criminalibus
2475 4097 2619 4141 causis
2661 4097 2904 4142 minoribus

1566 4153 1718 4209 viginti
1757 4153 1947 4208 quinque
1985 4153 2114 4197 annis
2153 4153 2310 4197 adesse
2349 4157 2575 4197 curatores
2612 4151 2682 4196 vel
2717 4154 2901 4207 tutores,

2516 4294 2590 4346 (ιτ)
2621 4293 2664 4333 Β
2695 4295 2762 4344 37,
2793 4302 2829 4344 s,
2859 4303 2900 4334 23

2533 4349 2609 4400 (is)
2639 4369 2693 4384 ===
2721 4349 2761 4401 8,
2792 4358 2850 4400 37,
2881 4359 2900 4391 τ

2604 4403 2686 4454 (2ο)
2725 4404 2764 4444 S.
2802 4416 2899 4445 xvn

1567 4296 1693 4348 impp.
1723 4293 2008 4335 Diocletianus
2037 4299 2078 4335 et
2107 4293 2382 4334 Maximianus

1566 4367 1675 4405 seqq.
1705 4372 1764 4382 --
1797 4349 1860 4403 Cf.
1893 4351 1992 4404 Diy.
2025 4352 2092 4402 26,
2124 4361 2142 4392 7
2175 4351 2274 4391 [πεί.
2306 4353 2342 4401 1,
2373 4359 2412 4390 21

1567 4406 1643 4458 (19)
1673 4419 1750 4459 pro
1777 4404 1940 4458 pupillo
1970 4405 2135 4446 habitae
2175 4421 2246 4446 om.
2279 4405 2305 4447 l.
2334 4419 2435 4459 qem.

1566 4464 1608 4502 k.
1637 4462 1759 4503 Febr.
1791 4459 1871 4500 CC.
1903 4474 2031 4501 conss.
2065 4464 2138 4510 (ιι-
2169 4477 2206 4501 α.
2238 4459 2324 4511 294)
2356 4460 2381 4500 l.
2411 4474 2512 4513 qem.
2617 4459 2692 4511 (21)
2721 4461 2779 4500 sic
2810 4459 2900 4510 PR,

1566 4517 1815 4558 constitutus
1854 4516 1932 4558 VC
2038 4519 2114 4570 (22›
2145 4537 2199 4552 =
2231 4518 2268 4568 7,
2299 4523 2356 4565 26,
2389 4523 2410 4557 a
2525 4513 2604 4567 (23)
2634 4513 2752 4567 longi
2780 4518 2810 4557 t.
2840 4528 2898 4567 sp.

1567 4575 1665 4623 non]
1697 4571 1860 4613 nullum
1888 4573 2067 4623 spatium
2099 4573 2123 4613 l.
2183 4587 2250 4614 ein.
2364 4569 2444 4623 (2⁴)
2473 4581 2557 4610 vm
2587 4570 2640 4622 L,
2671 4583 2740 4610 1111
2771 4572 2900 4625 maqis

1565 4644 1682 4681 quam
1713 4641 1777 4669 vn
1807 4628 1870 4669 vel
1898 4641 1949 4668 111
1988 4629 2033 4678 V,
2062 4641 2114 4668 111
2190 4629 2242 4671 al.

2449 1644 2568 1699 quod
2620 1644 2660 1689 si
2708 1645 2955 1695 nomenffl.
