3054 4796
180 181 251 221 m*
281 180 339 217 IN
375 177 780 218 POSSESSIONEM
815 178 940 217 LEG.
972 204 987 208 --

173 314 319 378 legato
347 312 536 365 inserta,
577 315 653 359 sed
680 314 833 371 petitio
862 314 908 357 in
937 316 1108 370 tempus
1137 316 1356 372 legitimae
1384 321 1505 362 aeta-

174 371 194 412 1
252 371 311 413 tls
341 370 479 416 dilata
507 374 692 417 videtur.
749 371 812 415 Et
839 371 938 416 ideo
971 373 1007 416 si
1029 374 1157 417 Aelia
1183 376 1392 421 Severina
1421 377 1513 421 filia

173 430 424 486 testatoris,
468 431 539 474 cui
575 431 767 486 legatum
804 428 1006 472 relictum
1045 431 1131 480 est,
1173 430 1242 473 die
1271 432 1406 486 legati
1436 444 1506 475 ce-

174 486 307 530 dente
348 487 438 530 vita
474 487 630 530 functa
673 488 762 540 est,
802 483 858 528 ad
895 483 1102 527 heredem
1131 498 1257 528 suum
1287 487 1508 531 actionem

173 542 438 596 transmisit,
480 543 650 586 scilicet
686 546 737 585 ut
773 553 825 584 eo
863 545 1062 594 tempore
1093 541 1253 585 solutio
1283 542 1381 595 fiat,
1421 556 1505 599 quo

174 599 401 650 Severina,
452 599 490 643 si
527 600 660 642 rebus
697 595 900 641 humanis
938 595 1170 640 subtracta
1205 611 1295 642 non
1333 599 1505 651 fuisset,

175 657 199 698 2
256 654 512 699 vicesimum
542 653 740 710 quintum
768 664 931 696 annum
959 652 1118 696 aetatis
1143 653 1356 708 impleret.
1405 654 1506 698 Non

173 714 379 766 coeptum
419 711 534 754 enim
572 722 749 763 annum,
790 707 868 751 sed
905 707 1151 763 impletum,
1191 710 1230 753 si
1258 710 1312 754 de
1343 711 1504 754 emolu·

172 771 321 810 mento
357 766 501 810 relicti
537 763 862 808 fideicommissi
899 766 1139 819 tractetur,
1185 766 1505 821 expectandum

173 834 271 867 esse
292 821 585 879 prudentibus
607 820 788 876 placuit.
839 818 927 863 PP.
946 832 1047 863 ΧΗ]
1060 820 1103 864 lc.
1122 820 1221 865 Ian.
1239 821 1504 867 Alexandro

172 880 224 923 A.
258 889 304 922 ΙΙ
329 883 375 922 et
400 876 618 922 Marcello
649 889 793 919 conss.
1317 881 1374 930 [a.
1407 879 1503 928 226]

229 930 261 981 6
295 931 457 992 ¹Impp.
488 931 798 976 Diocletianus
826 936 871 975 et
889 930 1202 977 Maximianus
1229 935 1320 977 AA.
1351 937 1395 977 et
1425 930 1502 976 00.

173 987 380 1033 Eusebio.
441 988 486 1032 Si
513 987 895 1032 fideicommissum
936 988 992 1031 ab
1029 988 1240 1033 intestato
1270 989 1404 1032 fuerit
1432 1001 1504 1031 so-

170 1044 263 1088 rori
305 1047 409 1088 tuae
449 1044 650 1091 relictum
693 1043 906 1087 codicillis
951 1047 1017 1096 et,
1069 1049 1359 1101 posteaquam
1411 1044 1504 1088 dies

170 1099 494 1145 fideicommissi
532 1099 677 1152 cessit,
720 1099 927 1154 ignorans
944 1101 961 1126 ²
1003 1100 1387 1144 fideicommissum
1430 1099 1503 1143 de-

171 1157 323 1211 cessit,
363 1155 579 1199 actionem
617 1155 869 1199 huiusmodi
905 1155 1103 1210 adquiri³
1141 1157 1339 1213 potuisse
1378 1154 1504 1199 dissi-

168 1212 337 1256 mulare
364 1224 453 1256 non
482 1211 692 1268 potueris,
725 1213 847 1256 salva
877 1212 1047 1255 scilicet
1074 1214 1130 1256 ab
1161 1213 1371 1256 intestato
1402 1224 1503 1255 suc-

170 1267 342 1312 cedenti
366 1272 525 1324 quarta
547 1268 764 1324 portione.
812 1266 1091 1325 Supposita⁴
1121 1267 1163 1311 lc.
1179 1267 1289 1312 Mai.
1316 1267 1507 1311 stallis⁵

169 1324 261 1368 AA.
293 1336 437 1368 consS.
1317 1327 1373 1376 [a.
1405 1326 1502 1376 293]

745 1494 924 1543 Ι1ΙΙΙΙ.6

166 1576 238 1616 UT
264 1576 327 1616 IN
350 1574 792 1618 POSSESSIONEM⁷
815 1574 1163 1615 LEGATORUM
1186 1574 1299 1614 VEL
1322 1573 1505 1614 FIDEI-

166 1632 572 1673 COMMISSORUM
619 1630 1039 1672 SERVANDORUM
1086 1629 1263 1669 CAUSA
1307 1627 1503 1670 MITTA-

304 1688 415 1728 TUR
443 1688 517 1728 ΕΤ
547 1686 776 1733 QUANDO
807 1685 1130 1726 SATISDARIS
1158 1685 1362 1724 DEBET.

222 1768 244 1816 1
282 1769 426 1814 Divus
460 1767 573 1811 Pius
610 1765 776 1811 Salvio.
846 1765 1064 1820 Quoniam
1100 1765 1210 1808 nihil
1250 1768 1375 1809 actor
1412 1778 1503 1807 am-

163 1825 283 1881 plius
319 1823 532 1880 postulat,
573 1834 703 1876 quam
732 1825 783 1864 ut
810 1820 1139 1864 fideicommissi
1166 1821 1343 1864 nomine
1374 1820 1504 1863 satis-

162 1881 303 1933 detur,
329 1892 418 1923 non
445 1877 576 1922 debet
599 1876 638 1920 is
661 1876 737 1931 qui
759 1876 846 1919 iuri
870 1875 1055 1919 dicendo
1080 1881 1260 1931 praeest
1283 1876 1505 1919 subtiliter

161 1946 451 1990 cognoscere,
505 1932 693 1976 debetur
733 1944 818 1976 nec
867 1944 923 1975 ne
971 1931 1380 1983 fideicommissum,
1426 1930 1505 1974 sed

159 1992 334 2089 tarlitum
371 1989 629 2043 decernere,
670 1991 721 2031 ut
758 1987 1012 2032 satisdetur.
1082 1985 1192 2031 Sine
1224 1986 1296 2031 die
1325 1992 1371 2031 et
1398 2000 1504 2031 con-

157 2060 212 2090 su
229 2060 266 2090 e.

216 2100 248 2148 2
283 2101 421 2147 Divus
445 2099 632 2145 Marcus
647 2098 949 2144 Stratonicae.
1009 2098 1125 2155 Ipsis
1154 2112 1302 2143 rerum
1331 2099 1502 2155 experi-

159 2157 317 2202 mentis
349 2157 630 2212 cognovimus
661 2155 718 2199 ad
747 2155 969 2211 publicam
999 2155 1238 2199 utilitatem
1266 2156 1503 2212 pertinere,

160 2218 211 2257 ut
238 2214 571 2265 satisdationes,
610 2224 723 2267 quae
757 2212 997 2255 voluntatis
1035 2211 1346 2256 defunctorum
1374 2216 1503 2255 tuen-

163 2269 244 2314 dae
281 2269 439 2325 gratia·
461 2269 508 2311 in
546 2267 701 2323 legatis
714 2301 725 2321 ,
761 2267 867 2311 item
905 2267 1256 2312 fideicommissis
1294 2268 1505 2316 inductae

162 2327 279 2379 sunt,
310 2324 548 2369 eorundem
577 2323 834 2367 voluntate⁹
863 2323 1026 2366 remitti
1055 2324 1243 2379 possint.
1292 2337 1503 2379 quocum-

162 2391 248 2436 que
287 2381 402 2425 enim
439 2380 600 2424 indicio
631 2379 870 2423 voluntatis
912 2379 1060 2423 cautio
1099 2379 1234 2434 legati
1272 2393 1352 2425 seu
1379 2379 1503 2422 fidei·

164 2436 383 2482 commissi
410 2436 574 2481 remitti
602 2438 760 2492 potest.
821 2435 929 2479 Sine
959 2435 1030 2478 die
1059 2439 1104 2479 et
1132 2435 1328 2479 consule.

220 2490 250 2540 3
292 2492 440 2551 Impp.
482 2491 673 2537 Severus
719 2496 764 2535 et
803 2491 1060 2535 Antoninus
1094 2491 1187 2534 AA.
1230 2490 1501 2556 Symphoro.

159 2551 206 2596 Si
250 2553 486 2606 postquam
517 2547 722 2592 servandi
750 2547 885 2602 legati
908 2559 986 2591 seu
1009 2546 1337 2591 fideicommissi
1360 2547 1504 2603 gratia

160 2609 207 2651 in
278 2605 571 2649 ossessionem
610 2603 818 2647 inductus
858 2615 928 2656 es,
959 2602 1156 2659 pignoris
1186 2602 1396 2659 obligatio
1427 2607 1507 2647 aut

162 2674 242 2704 ven
275 2661 351 2705 'tio
396 2661 453 2704 ab
497 2660 658 2704 herede
701 2659 958 2713 intervenit,
1010 2658 1278 2714 praecedere
1323 2672 1506 2703 causam

162 2720 306 2770 tuam,
352 2730 484 2774 quam
529 2717 626 2760 iure
668 2715 894 2771 praetorio
936 2714 1056 2758 velut
1092 2715 1253 2770 pignus
1293 2715 1503 2769 habuisti,

162 2772 442 2818 manifestum
479 2776 561 2816 est.
602 2769 714 2814 PF.
746 2782 806 2814 XI
841 2769 884 2814 lc.
916 2770 1022 2814 Dec.
1053 2769 1233 2815 Dextro
1270 2778 1315 2815 et
1341 2770 1503 2871 Pm'zco

161 2842 303 2873 conss.
1315 2831 1373 2880 [a.
1408 2831 1427 2870 1
1462 2830 1503 2879 6]

216 2883 248 2930 4
292 2883 420 2928 Idem
457 2884 594 2927 AA.¹⁰
637 2881 940 2940 Protaqorae.
1026 2881 1135 2926 Cum
1178 2883 1505 2927 Artemidoram

159 2940 277 2997 patri
305 2940 578 2996 pupillorum
606 2943 784 2983 tuorum
811 2938 1017 2982 heredem
1044 2939 1239 2983 extitisse
1263 2952 1503 2996 proponas,

158 2996 379 3053 quamvis,
433 3001 484 3039 ut
525 2995 909 3039 fideicommissam
954 2994 1244 3039 hereditatem
1288 2996 1358 3039 his
1403 3008 1505 3039 cum

158 3056 405 3096 moreretur
442 3052 717 3105 restitueret,
757 3051 896 3107 petita
933 3050 1013 3105 sit,
1054 3052 1220 3094 nullam
1249 3055 1397 3095 tamen
1425 3051 1502 3095 ad-

159 3121 313 3152 versus
338 3107 560 3151 debitores
584 3107 876 3150 hereditarios
901 3107 1068 3151 habent
1093 3107 1251 3163 pupilli
1274 3109 1341 3151 tui
1361 3108 1502 3152 actio-

165 3168 181 3205 1
244 3175 358 3206 nem.
423 3163 563 3205 Plane
598 3166 649 3205 ut
687 3162 795 3206 satis
835 3162 1276 3207 fideicommissorum
1311 3164 1502 3207 Artemi-

160 3218 270 3262 dora
300 3218 386 3272 det,
427 3218 464 3261 si
501 3217 632 3261 modo
671 3222 861 3261 testator
887 3218 933 3260 id
962 3217 1059 3260 fieri
1093 3231 1182 3261 non
1211 3219 1503 3274 prohibuerit,

160 3274 281 3329 apud
333 3286 462 3317 suum
508 3272 700 3317 iudicem
744 3273 927 3316 conveni
944 3275 991 3315 ¹¹.
1065 3272 1159 3316 PP.
1207 3285 1276 3317 ΠΙ
1323 3274 1367 3318 lc.
1413 3273 1502 3318 Iul.

161 3330 302 3374 Laeto
338 3341 382 3372 11
408 3334 453 3373 et
484 3326 663 3373 Cereale
692 3341 836 3373 conss.
1314 3335 1371 3382 [a.
1404 3333 1502 3382 215]

217 3385 246 3430 5
290 3383 405 3442 Imp.
446 3383 710 3428 Alexander
747 3384 799 3427 A.
831 3382 1066 3428 Paulinae.
1138 3384 1222 3438 Qui
1249 3385 1384 3440 legati
1412 3385 1503 3429 sive

161 3439 487 3486 fideicommissi
527 3452 664 3484 causa
701 3440 747 3483 in
775 3439 1099 3495 possessionem
1128 3441 1376 3493 mittuntur,
1412 3454 1503 3485 non

160 3497 477 3555 proprietatem
529 3495 870 3550 nanciscuntur,
924 3495 1003 3539 sed
1052 3495 1123 3539 ius
1167 3496 1377 3552 pignoris.
1451 3501 1505 3541 ut

161 3556 311 3597 autem
354 3557 398 3596 et
440 3557 543 3608 post
585 3555 820 3608 acceptum
864 3551 1020 3607 pignus
1065 3551 1257 3596 satisfiat
1307 3552 1504 3596 defuncti

160 3608 399 3662 voluntati,
450 3612 700 3664 competens
739 3607 874 3651 iudex
920 3612 966 3651 te
1007 3607 1198 3652 adeunte
1238 3608 1500 3665 providebit.

161 3663 255 3708 PP.
289 3677 357 3708 III
382 3664 441 3708 id.
459 3665 530 3708 Au
565 3699 573 3707 .
607 3663 788 3708 Iuliano
814 3669 860 3707 et
884 3662 1092 3721 Crispino
1119 3677 1261 3708 conss.
1323 3669 1379 3717 [a.
1403 3667 1500 3716 224]

219 3718 250 3766 6
282 3719 407 3764 Idem
436 3720 487 3763 A.
566 3725 716 3763 onato.
777 3719 908 3763 Certa
948 3723 1015 3763 est
1052 3719 1196 3764 forma
1231 3720 1500 3763 iurisdictio-

162 3777 245 3829 nis,
283 3788 371 3832 qua
409 3775 734 3820 fideicommissi
773 3775 978 3819 servandi
1014 3788 1151 3820 causa
1178 3777 1227 3819 in
1256 3776 1500 3832 possessio-

163 3845 262 3876 nem
291 3845 453 3883 rerum,
484 3844 596 3886 quae
622 3831 669 3875 in
701 3844 838 3875 causa
865 3831 1132 3875 hereditaria
1162 3837 1266 3876 sunt
1295 3837 1375 3876 aut
1400 3831 1501 3876 dolo

164 3889 277 3932 malo
309 3900 405 3931 esse
436 3887 666 3939 desierint,
707 3888 769 3939 is,
812 3887 885 3930 cui
919 3889 1053 3942 legati
1081 3888 1148 3932 vel
1179 3887 1503 3932 fideicommissi

163 3944 338 3989 nomine
368 3943 475 3987 satis
506 3956 595 3987 non
624 3943 775 3995 datur,
811 3943 1000 3987 mittitur
1027 3945 1095 3987 vel
1122 3944 1169 3987 in
1198 3945 1402 4000 proprias
1431 3956 1502 3987 res

162 4000 353 4052 heredis,
385 3999 423 4043 si
451 3998 786 4043 fideicommisso
818 3999 927 4042 satis
957 4013 1047 4043 non
1075 4000 1127 4043 fit
1152 4005 1255 4056 post
1279 4013 1356 4044 sex
1382 4013 1500 4042 men-

163 4069 258 4110 ses,
303 4069 435 4113 quam
476 4055 568 4111 peti
612 4055 823 4110 coeperit,
868 4055 1113 4099 secundum
1160 4056 1247 4100 divi
1288 4054 1503 4100 Antonini

163 4197 215 4248 (1)
244 4197 363 4250 iunqe
392 4196 431 4246 2,
456 4204 489 4245 3,
515 4203 566 4235 21.
598 4195 637 4244 6,
662 4201 723 4243 3ο,
753 4202 770 4233 7
857 4193 912 4244 (2)
942 4193 1139 4244 ignorans
1167 4194 1223 4243 R,
1253 4194 1375 4235 rebus
1403 4194 1502 4234 licet

162 4252 246 4304 ign.
285 4252 335 4304 0,
365 4250 486 4291 rebus
514 4249 705 4289 humanis
733 4248 832 4290 licet
860 4249 946 4300 ign.
978 4251 1070 4290 dett.
1174 4250 1228 4301 (3)
1257 4252 1315 4292 sic
1344 4251 1399 4300 R,
1429 4250 1493 4290 ad-

165 4308 328 4359 quirere
364 4308 400 4349 0
522 4307 575 4359 (4)
603 4317 672 4358 pp.
704 4306 742 4356 2,
773 4313 807 4355 3,
837 4313 889 4346 21.
922 4307 960 4356 6,
991 4313 1051 4356 30,
1083 4315 1099 4346 7
1228 4306 1281 4357 (5)
1313 4305 1500 4347 Thirallo

165 4365 204 4415 2,
235 4372 274 4414 3,
302 4372 355 4414 21,
385 4360 564 4403 Thiralli
594 4364 633 4413 6,
663 4370 722 4412 30,
755 4370 773 4402 ἰ
887 4360 942 4411 (6)
975 4360 1017 4400 Β
1047 4363 1114 4408 44,
1144 4370 1182 4402 31
1212 4385 1268 4391 -
1305 4363 1365 4416 Os.
1397 4363 1499 4416 Diq.

166 4421 233 4471 36,
264 4427 297 4460 3.
328 4427 350 4460 4
491 4419 546 4470 (7)
576 4416 826 4471 possessione
858 4416 953 4457 libri
1094 4418 1151 4468 (8)
1180 4417 1375 4458 satisdare
1407 4419 1502 4458 libri

165 4475 221 4525 (9)
250 4473 504 4514 voluntatem
536 4475 632 4515 libri
751 4472 827 4524 (10)
864 4473 990 4513 scribi
1021 4473 1155 4514 debuit
1192 4473 1291 4525 imp.
1321 4473 1498 4514 Antoni-

165 4543 244 4573 nus
272 4531 332 4570 A.·
434 4531 503 4583 (11)
532 4532 591 4572 sic
621 4532 735 4580 dett,
774 4527 968 4569 convenit
1009 4528 1081 4570 GR
1194 4529 1268 4581 (12)
1297 4529 1398 4583 Diy.
1432 4531 1497 4578 36,

807 4586 879 4638 (14)
908 4603 964 4620 =
993 4585 1056 4636 11,
1082 4592 1135 4636 31,
1162 4594 1182 4626 2
1268 4585 1342 4636 (15)
1371 4585 1495 4636 impp.

1153 4640 1228 4694 (16)
1267 4639 1372 4682 iulio
1402 4643 1441 4681 et
1471 4642 1496 4682 l.

167 4595 200 4635 4,
227 4596 260 4635 5,
287 4595 327 4627 16
413 4587 486 4637 (13)
518 4602 551 4627 c.
578 4596 598 4628 2
629 4587 666 4626 Ῑι.
694 4594 719 4627 t.

167 4640 452 4683 Diocletianus
491 4644 532 4683 et
559 4641 836 4683 Maximianus
874 4642 899 4682 l.
928 4655 1030 4695 yem-

1504 161 1607 221 283

2615 165 2684 218 Vl
2724 169 2927 218 53—-55

1591 319 1733 375 patris
1757 317 1843 362 mei
1865 314 2225 362 constitutionem
2241 316 2289 359 ¹².
2333 316 2426 362 PP.
2451 329 2501 361 ν]
2521 317 2581 362 id.
2600 315 2698 361 Ian.
2723 315 2870 361 Fusco
2888 328 2931 360 11

1591 380 1638 419 et
1669 375 1846 420 Dextro
1877 385 2019 418 conss.
2745 377 2800 425 [a.
2833 376 2929 424 225]

1650 428 1678 477 7
1721 430 1848 475 Idem
1886 430 1938 473 A.
1979 427 2270 472 Proculiano.
2340 428 2462 472 Scire
2502 428 2669 473 debetis
2708 428 2930 472 fideicom-

1591 487 1713 531 missi
1757 485 1933 541 quidem
1976 488 2022 528 et
2058 483 2192 539 legati
2230 484 2562 528 satisdationem
2600 484 2762 527 remitti
2800 496 2932 538 posse

1592 542 1737 585 divum
1764 542 1972 585 Marcum
1988 541 2022 566 ¹³
2061 544 2104 583 et
2133 539 2278 583 divum
2309 540 2595 583 Commodum
2625 539 2930 582 constituisse:

1591 602 1641 639 ut
1683 602 1831 640 autem
1874 597 1982 642 boni
2023 595 2105 639 viri
2142 595 2361 639 arbitratu
2399 596 2460 647 is,
2501 595 2574 638 cui
2610 606 2719 636 usus
2758 594 2931 637 fructus

1590 652 1770 696 relictus
1808 657 1903 704 est,
1941 655 2096 695 utatur
2134 651 2331 705 fruatur,
2383 650 2561 693 minime
2600 648 2933 692 satisdationem

1589 707 1754 757 remitti
1781 711 2048 751 testamento
2077 719 2223 763 posse.
2283 705 2377 750 PP.
2408 717 2445 749 Χ
2470 705 2513 748 lc.
2539 703 2677 748 Mart.
2710 703 2858 746 Fusco
2890 715 2937 746 11

1590 766 1635 806 et
1661 761 1843 806 Deoetro
1877 775 2021 805 conss.
2745 762 2802 810 [a.
2835 761 2932 810 225]

1647 814 1676 864 8
1711 815 1875 860 ²⁴Idem
1889 818 1924 843 ¹⁵
1946 818 2037 859 AA.
2055 821 2101 860 et
2116 815 2194 860 00.
2212 814 2332 858 Iulio
2354 819 2398 858 et
2410 815 2444 841 ¹⁶
2470 812 2722 856 Zenodoro.
2769 812 2936 857 Contra

1591 885 1666 917 eos
1697 871 1788 916 sive
1819 883 2102 915 successores
2132 882 2286 913 eorum
2301 870 2349 922 ¹⁷,
2379 868 2456 923 qui
2484 881 2576 911 rem
2602 868 2828 922 publicam
2857 869 2933 911 ad-

1588 928 1890 972 ministrantes
1920 938 2000 981 per
2030 924 2167 968 officii
2190 923 2499 967 necessitatem
2525 923 2693 966 civitati
2717 924 2800 966 sub
2829 937 2934 967 con-

1590 984 1761 1028 dicione
1789 982 1933 1027 relicti
1959 978 2286 1024 fideicommissi
2309 978 2417 1021 satis
2441 978 2645 1034 accipere
2671 978 2934 1034 debuerunt,

1590 1040 1744 1096 quanti
1773 1039 1840 1083 rei
1867 1036 2077 1096 publicae
2105 1035 2290 1079 interest
2319 1034 2428 1077 satis
2453 1039 2687 1090 acceptum
2711 1047 2801 1078 non
2825 1047 2933 1087 esse,

1590 1095 1860 1151 dirigendam
1899 1098 2072 1138 certum
2110 1094 2179 1135 est
2217 1089 2435 1134 actionem
2451 1091 2500 1133 ¹⁸.
2575 1089 2827 1148 Supposita
2865 1103 2934 1134 VJ]

1589 1152 1631 1196 lc.
1663 1151 1844 1197 Mart.¹⁹
1876 1149 1953 1195 00.
1986 1161 2132 1193 conss.
2744 1150 2801 1200 [a.
2836 1150 2933 1199 294]

2197 1317 2340 1367 LV.²⁰

1589 1405 1666 1444 DE
1696 1404 1815 1444 SUIS
1841 1403 1916 1444 ET
1939 1401 2239 1444 LEGITIMIS
2265 1400 2493 1441 LIBERIS
2505 1398 2543 1425 ²¹
2571 1400 2647 1440 ET
2671 1399 2754 1441 EX
2775 1402 2935 1442 FILIA

1660 1458 1978 1501 NEPOTIBUS
2008 1461 2080 1500 AB
2111 1457 2427 1499 INTESTATO
2458 1456 2859 1498 VENIENTIBUS.

1648 1541 1670 1587 1
1717 1540 1906 1599 2²Jmpp.
1947 1539 2138 1585 Severus
2176 1548 2221 1584 et
2259 1538 2515 1582 Antoninus
2552 1538 2645 1582 AA.
2690 1537 2946 1596 Crispinaes

1591 1597 1637 1640 Si
1666 1597 1797 1641 fratri
1823 1602 1902 1641 tuo
1932 1596 2128 1652 legitima
2155 1596 2283 1640 heres
2317 1607 2414 1638 esse
2443 1597 2596 1649 potes,
2639 1598 2814 1637 centum
2844 1595 2933 1639 die-

1589 1667 1687 1696 rum
1730 1652 2040 1708 praefinitione
2083 1665 2171 1696 non
2216 1650 2466 1696 excluderis
2520 1650 2576 1693 ad
2620 1650 2935 1705 adquirendam

1589 1708 1896 1751 hereditatem.
1954 1706 2048 1751 PP.
2083 1720 2149 1750 HJ
2184 1721 2287 1751 non.
2320 1706 2435 1750 Nov.
2467 1706 2699 1749 Antonino
2731 1707 2782 1749 A.
2816 1719 2861 1750 Η
2894 1716 2937 1751 et

1593 1763 1703 1807 Geta
1733 1775 1781 1806 11
1808 1776 1954 1807 conss.
2748 1766 2804 1814 [a.
2837 1766 2934 1814 205]

1647 1816 1677 1863 2
1709 1817 1857 1876 Impp.
1887 1817 2200 1862 Diocletianus
2239 1822 2284 1861 et
2316 1816 2633 1860 Maximianus
2661 1818 2753 1860 AA.
2784 1818 2934 1862 Aviae.

1588 1873 1786 1929 Nepotes
1816 1886 1871 1917 ex
1899 1873 2083 1917 diversis
2111 1872 2214 1917 filiis
2244 1872 2356 1916 varii
2383 1873 2557 1916 numeri
2587 1884 2669 1916 avo
2694 1875 2936 1917 succeden-

1587 1933 1656 1973 tes
1686 1930 1743 1973 ab
1772 1930 1982 1982 intestato
2023 1942 2113 1972 non
2141 1929 2341 1973 virilibus
2381 1927 2683 1984 portionibuS,
2725 1929 2805 1972 sed
2835 1943 2889 1973 ex
2901 1932 2937 1959 ²³

1589 1985 1804 2041 stirpibus
1834 1984 2097 2029 succedunt.
2166 1984 2212 2029 S.
2244 1996 2315 2029 111
2350 1983 2392 2027 lc.
2424 1983 2562 2029 Mart.
2597 1983 2938 2044 Hadrianopoli

1588 2041 1702 2100 ipsis
1730 2042 1822 2085 AA.
1855 2053 1949 2085 ΠΙ]
1974 2047 2019 2085 et
2046 2052 2117 2087 ιι]
2148 2053 2292 2084 conss.
2748 2045 2805 2092 [a.
2839 2046 2935 2094 2903

1647 2094 1676 2144 3
1719 2097 1845 2141 Idem
1883 2098 1975 2141 AA.
2015 2102 2061 2141 et
2098 2095 2176 2142 00.
2219 2096 2456 2141 Μοηίοηὶ.
2524 2096 2585 2141 Ut
2615 2097 2830 2141 intestato
2861 2098 2935 2142 de-

1587 2153 1742 2196 functo
1772 2153 1891 2197 filius
1920 2166 1973 2197 ac
2004 2165 2143 2208 nepos
2173 2165 2228 2196 ex
2257 2152 2368 2205 alio,
2410 2152 2487 2207 qui
2518 2153 2671 2197 mortis
2702 2153 2797 2197 eius
2826 2158 2936 2197 tem-

1587 2222 1697 2265 pore
1735 2209 1780 2252 in
1793 2211 1832 2236 2⁴
1874 2210 2008 2253 rebus
2047 2209 2253 2254 humanis
2294 2221 2383 2252 non
2419 2209 2660 2263 invenitur,
2706 2214 2936 2254 manentes

1587 2266 1635 2308 in
1666 2265 1805 2309 sacris
1837 2266 2002 2320 pariter
2031 2265 2287 2320 succedant,
2326 2264 2549 2308 evidenter
2577 2266 2673 2320 lege
2704 2266 2936 2312 duodecim

1588 2322 1842 2364 tabularum
1882 2324 2075 2364 cavetur.
2136 2321 2253 2375 quod
2290 2326 2334 2364 et
2372 2321 2599 2364 honorarii
2634 2322 2744 2365 iuris
2783 2324 2935 2367 obser-

1589 2378 1706 2422 vatio
1738 2377 1950 2432 sequitur.
2013 2375 2058 2420 S.
2090 2389 2159 2419 xv
2186 2376 2229 2420 lc.
2263 2375 2350 2420 Iul.
2381 2377 2473 2420 AA.
2507 2390 2650 2420 conss.
2745 2382 2801 2429 [a.
2836 2382 2933 2431 293]

1646 2431 1678 2478 4
1710 2431 1835 2477 Idem
1864 2433 1956 2476 AA.
1988 2439 2032 2476 et
2057 2431 2134 2476 00.
2159 2431 2418 2476 Marcellae.
2476 2432 2692 2477 Intestato
2724 2433 2933 2478 defuncto

1588 2493 1843 2544 postumum
1881 2502 2010 2533 suum
2048 2488 2254 2532 heredem
2294 2501 2426 2544 quam
2465 2501 2663 2533 sororem
2692 2490 2797 2534 licet
2828 2504 2934 2534 con-

1590 2545 1879 2600 sanguineam
1907 2545 2063 2589 haberi
2093 2545 2312 2600 potiorem
2343 2545 2450 2589 ordo
2478 2545 2809 2590 successionum
2838 2547 2934 2601 lege

1590 2600 1821 2644 duodecim
1857 2601 2110 2646 tabularum
2149 2601 2295 2645 factus
2335 2601 2463 2644 nimis
2504 2601 2727 2650 evidenter
2756 2602 2932 2646 demon-

1590 2661 1717 2701 strat.
1779 2656 1824 2700 S.
1865 2670 1915 2701 VJ
1941 2658 1999 2701 id.
2032 2656 2137 2701 Dec.
2170 2657 2262 2700 AA.
2296 2670 2439 2701 conss.
2745 2662 2801 2709 [a.
2835 2662 2931 2711 293]

1646 2711 1676 2758 5
1720 2712 1845 2756 Idem
1875 2715 1967 2757 AA.
2009 2718 2054 2757 et
2092 2711 2170 2756 00.
2201 2713 2241 2756 A
2268 2713 2430 2770 piano.
2491 2712 2538 2755 Si
2577 2714 2621 2755 te
2661 2725 2846 2768 parens,
2886 2714 2934 2759 in

1590 2768 1716 2812 cuius
1746 2768 1873 2812 fuisti
1900 2772 2139 2824 potestate,
2171 2768 2440 2812 solemniter
2468 2767 2515 2810 in
2545 2768 2828 2824 adoptionem
2859 2770 2932 2814 de-

1589 2824 1674 2877 dit,
1717 2837 1816 2868 cum
1854 2824 1957 2868 filiis
1996 2824 2276 2868 naturalibus
2316 2823 2513 2880 adoptivi
2551 2825 2692 2881 patris
2733 2829 2839 2870 ante
2867 2826 2933 2870 vel

1588 2885 1692 2937 post
1735 2881 1945 2937 quaesitis
1990 2880 2200 2924 defuncto
2245 2881 2458 2925 intestato
2503 2881 2741 2925 succedere
2790 2886 2931 2937 potes.

1588 2937 1644 2982 1).
1685 2949 1734 2980 VJ
1760 2936 1803 2980 lc.
1835 2936 1979 2981 Ιαφι.25
2009 2936 2147 2980 Sirmi
2173 2938 2311 2980 ΑΛ.26
2344 2950 2487 2980 conss.
2745 2941 2800 2990 [a.
2835 2942 2932 2991 293]

1646 2990 1677 3039 6
1719 2992 1844 3037 Idem
1881 2994 1973 3037 AA.
2015 2998 2058 3037 et
2098 2991 2175 3036 00.
2215 2992 2478 3036 Posidonio.
2547 2993 2618 3036 Ex
2657 2993 2797 3037 libera
2830 3007 2931 3037 con·

1589 3054 1743 3104 ceptus
1784 3053 1827 3092 et
1867 3062 1992 3094 servo
2022 3049 2141 3092 velut
2180 3049 2357 3104 spurius
2388 3048 2577 3092 habetur
2607 3060 2689 3092 nec
2720 3052 2770 3092 ut
2799 3049 2931 3092 decu-

1587 3105 1724 3149 rionis
1768 3105 1909 3156 filius,
1957 3105 2154 3158 quamvis
2197 3109 2327 3159 pater
2370 3104 2464 3147 eius
2507 3105 2721 3148 naturalis
2774 3117 2929 3148 manu-

1588 3162 1749 3204 missus
1780 3165 1824 3203 et
1852 3160 2074 3203 natalibus
2106 3160 2197 3202 suis
2228 3160 2458 3203 restitutus
2488 3159 2607 3202 hunc
2633 3159 2718 3203 fuit
2742 3160 2929 3216 adeptus

1586 3217 1821 3317 lbtgiorem,
1853 3215 2029 3259 defendi
2066 3217 2227 3271 potest.
2289 3214 2539 3272 Supposita
2577 3217 2671 3258 VJ²⁷
2707 3215 2766 3260 id.
2798 3216 2928 3260 Febr.

1659 3305 1669 3316 .
1702 3285 1846 3315 conss
2741 3276 2797 3325 [a.
2831 3275 2928 3325 294]

1646 3325 1674 3373 7
1708 3326 1873 3370 ²⁸Idem
1902 3326 1995 3370 AA.
2027 3330 2071 3369 et
2103 3324 2180 3369 00.
2211 3325 2500 3370 Aemilianae.
2571 3326 2734 3370 Filium
2763 3328 2929 3373 habere

1589 3396 1716 3428 suum
1753 3383 1939 3428 libertus
1977 3381 2024 3424 in
2062 3383 2286 3437 potestate
2315 3394 2406 3425 non
2435 3382 2708 3439 prohibetur,
2742 3398 2842 3428 cum
2872 3386 2927 3428 ob

1586 3439 1874 3495 praeteritum
1911 3439 2075 3481 statum
2115 3449 2168 3480 ex
2203 3437 2407 3492 legitimis
2445 3438 2610 3495 nuptiis
2639 3440 2927 3496 ingenuorum

1588 3494 1787 3550 exemplo
1831 3493 1947 3537 filios
1991 3493 2157 3537 habere
2199 3494 2359 3538 liberto
2402 3508 2492 3538 non
2532 3495 2589 3539 sit
2627 3496 2924 3541 interdictum.

1588 3550 1635 3594 S.
1666 3562 1759 3593 XVI
1784 3548 1826 3592 lc.
1857 3548 2039 3593 Mart.2⁰
2068 3547 2207 3593 Sirmi
2239 3549 2316 3594 00.
2349 3563 2493 3594 conss.
2740 3557 2795 3605 [a.
2829 3556 2925 3605 294]

1645 3603 1674 3652 8
1706 3604 1831 3649 Idem
1859 3606 1951 3648 AA.
1983 3609 2028 3649 et
2058 3603 2135 3649 00.
2170 3604 2395 3650 Catoniae.
2455 3607 2589 3663 Apud
2618 3608 2770 3652 hostes
2799 3611 2926 3663 patre

1588 3661 1794 3705 defuncto
1838 3660 1933 3705 filia
1977 3661 2220 3705 communis
2265 3662 2413 3716 vobis,
2458 3677 2545 3718 quo
2591 3677 2699 3707 casu
2742 3664 2925 3707 scientia

1585 3717 1741 3762 mortis
1785 3730 1874 3760 non
1917 3717 2190 3772 postulatur,
2233 3718 2362 3763 heres
2404 3720 2547 3762 extitit
2585 3731 2666 3762 sua
2709 3722 2753 3762 et
2788 3719 2844 3761 ad
2880 3721 2924 3762 te

1586 3773 1833 3817 transmisit
1861 3773 2200 3817 successionem.
2261 3772 2306 3818 S.
2331 3787 2414 3817 XII
2438 3773 2481 3818 lc.
2499 3773 2604 3818 Dec.
2637 3774 2924 3817 Nicomediae

1590 3828 1668 3873 00.
1701 3843 1843 3872 conss.
2536 3884 2539 3885 ⁷
2735 3833 2790 3881 [a.
2825 3833 2920 3881 294]

1644 3883 1675 3932 9
1719 3884 1936 3943 ³⁰Imppp.
1990 3884 2334 3929 Valentinianus
2380 3884 2655 3928 Theodosius
2697 3891 2742 3928 et
2781 3887 2921 3927 Arca-

1586 3941 1690 3984 dius
1732 3941 1863 3985 AAA.
1913 3939 2236 3986 Constantiano
2272 3955 2355 3998 pp.
2404 3939 2663 3982 Galliarum.
2749 3939 2794 3982 Si
2848 3940 2921 3983 de-

1586 3997 1766 4041 functus
1821 3996 2134 4052 cuiuscumque
2187 4009 2317 4040 sexus
2367 4000 2446 4038 aut
2486 3994 2655 4038 numeri
2697 3995 2922 4049 reliquerit

1586 4053 1701 4097 filios
1731 4056 1776 4097 et
1804 4065 1859 4096 ex
1886 4051 1979 4097 filia
2009 4052 2122 4097 diem
2150 4052 2304 4096 functa
2338 4051 2653 4107 cuiuscumque
2682 4062 2812 4094 sexus
2843 4054 2922 4095 aut

1583 4209 1698 4246 yem„
1729 4209 1802 4234 om.
1831 4193 1927 4234 libri
2009 4194 2083 4246 (17)
2113 4194 2198 4235 sive
2229 4205 2476 4233 successores
2505 4205 2645 4233 eorum
2675 4207 2748 4233 om.
2773 4193 2797 4233 I.
2819 4208 2918 4246 yem.

1585 4250 1659 4299 (18)
1687 4248 1944 4300 dirigendam
1967 4250 2171 4291 actionem
2194 4248 2424 4302 perspicitis
2452 4249 2475 4287 l.
2492 4264 2591 4302 yem.
2678 4248 2753 4298 (19)
2770 4260 2837 4300 pp.
2853 4261 2916 4288 vn

1583 4305 1623 4344 k.
1650 4305 1747 4344 Dee.
1780 4305 1805 4345 l.
1828 4320 1928 4358 qem-
2016 4308 2095 4358 (20)
2125 4306 2170 4347 Β
2191 4308 2258 4355 45,
2276 4314 2365 4355 2,15
2395 4319 2502 4356 seqq.
2521 4327 2574 4334 -
2596 4304 2657 4356 Cf.
2674 4304 2772 4357 Diq.
2794 4305 2916 4355 38,16

1583 4362 1656 4412 (21)
1687 4359 1828 4402 liberis
1858 4361 1911 4412 S,
1941 4364 1982 4402 et
2010 4361 2151 4402 liberis
2187 4362 2230 4411 C',
2261 4376 2331 4400 om.
2362 4360 2404 4401 R
2517 4359 2595 4410 (22)
2628 4361 2745 4412 iunye
2770 4362 2808 4409 6,
2836 4368 2870 4409 9,
2897 4369 2916 4401 2

1582 4419 1658 4466 (23)
1686 4429 1733 4455 ex
1748 4416 1841 4467 PR,
1871 4431 1944 4457 om·
1966 4418 2002 4459 Ο
2081 4417 2159 4468 (24)
2189 4417 2234 4456 in
2258 4417 2348 4456 dett.
2373 4431 2456 4456 cum
2483 4417 2570 4455 ΒΣ
2589 4416 2725 4466 (κ.π.),
2751 4431 2822 4455 om.
2845 4416 2916 4455 CR

1581 4472 1657 4523 (25)
1688 4472 1771 4511 ian.
1804 4470 2042 4524 Mommsen,
2082 4475 2200 4512 mart.
2232 4472 2352 4520 Hal,
2394 4486 2465 4511 om.
2498 4471 2540 4510 P
2661 4470 2740 4519 (26)
2771 4483 2834 4509 aa.
2868 4471 2915 4521 P,

1581 4540 1639 4567 oc.
1670 4527 1771 4568 Hal.
1884 4529 1963 4579 (2⁵1)
1993 4541 2110 4581 supp.
2141 4541 2189 4567 vi
2219 4527 2333 4576 Hal„
2364 4525 2402 4566 d.
2434 4539 2504 4566 1111
2535 4526 2576 4566 P
2679 4527 2760 4579 (28)
2790 4547 2845 4561 ==
2875 4527 2907 4567 8-

1581 4592 1639 4634 4⁶,
1671 4592 1690 4624 s
1806 4582 1886 4634 (⁴29)
1917 4584 2015 4624 Mai.
2049 4585 2074 4625 ι.
2103 4599 2200 4638 qam.
2317 4582 2396 4634 (30)
2427 4603 2481 4617 =
2516 4582 2589 4623 Th.
2619 4584 2658 4633 5,
2689 4590 2718 4633 1,
2752 4590 2769 4622 1

2502 4707 2581 4748 36*
