3152 4784
171 177 220 219 81
252 174 471 216 REGTOR
505 173 844 215 PROVINCIAE

1502 156 1597 216 193

2698 166 2743 218 V
2783 168 2914 217 1-3

171 319 197 360 5
265 313 395 359 liberi
437 313 760 359 custodiantur.
841 311 966 368 Quae
1015 312 1160 355 omnia
1201 312 1332 356 simili
1374 312 1503 357 modo
1586 325 1734 357 sarum
1774 324 2017 357 consensus
2057 312 2252 357 accedat.
2311 314 2365 359 D.
2396 327 2469 359 XV
2491 315 2535 360 lc.
2567 314 2653 361 Iul.
2687 315 2918 361 Thessalo-

173 371 306 416 etiam
357 369 412 414 de
454 370 630 426 sponsis
675 381 810 426 super
857 366 1123 424 recipiendis
1166 381 1248 413 nec
1289 382 1348 413 ne
1390 370 1504 413 arris

170 425 395 484 praestitis
452 425 663 471 custodiri
714 436 965 470 censemus:
1020 424 1253 480 quadrupli
1298 424 1506 470 videlicet

169 494 335 538 poena,
375 495 491 539 quae
528 481 822 526 anterioribus
855 479 1024 534 legibus
1041 481 1054 506 ¹
1094 480 1273 525 definita
1311 484 1420 536 erat,
1457 481 1505 524 in

169 551 258 594 qua
301 543 345 581 et
386 550 588 582 arrarum
630 537 856 604 quantitas
906 535 1228 600 Mputabatur,
1284 540 1502 592 cessante,

169 593 257 638 nisi
297 593 550 650 specialiter
590 593 713 637 ahud
755 605 810 637 ex
852 604 1071 636 commum
1122 605 1340 637 consensu
1388 594 1504 636 inter

170 650 485 695 contrahentes
528 650 583 694 de
626 649 779 694 eadem
821 647 1056 704 quadrupli
1098 649 1270 693 ratione
1317 647 1501 705 placuit.

171 711 195 748 6
251 705 396 750 Extra
439 705 739 750 definitionem
776 708 924 748 autem
966 703 1098 747 huius
1136 704 1241 759 legis
1281 705 1321 749 si
1357 703 1501 748 cautio

168 773 356 817 poenam
384 761 682 818 stipulationis
711 760 942 804 continens
971 758 1108 803 fuerit
1133 760 1408 816 interposita,
1448 771 1504 803 ex

170 822 358 872 utraque
396 821 526 874 parte
562 817 707 860 nullas
744 816 858 860 vires
885 815 1079 871 habebit,
1121 829 1220 860 cum
1248 817 1296 860 in
1325 820 1501 860 contra-

168 873 325 918 hendis
353 873 518 930 nuptiis
545 873 687 917 libera
714 874 913 928 potestas
942 884 1040 916 esse
1069 872 1212 916 debet.
1256 871 1311 917 D.
1342 871 1385 916 lc.
1413 869 1501 915 Iul.

172 927 563 987 Constantinopoli
589 926 830 972 Marciano
860 941 981 972 cons.
1314 931 1371 981 [a.
1403 929 1501 978 472]

227 982 260 1032 6
295 980 390 1028 ²‘H
409 981 617 1038 [διάταξις
651 982 862 1040 βούλεται
897 982 980 1027 τὸν
1019 984 1324 1042 προξενοῦντα
1359 979 1504 1052 γάμον

280 1039 474 1097 μάλιστα
499 1041 585 1095 μὲν
611 1037 753 1095 μηδὲν
772 1037 1032 1096 λαμβάνειν.
1071 1040 1111 1082 εἰ
1140 1037 1190 1083 δὲ
1217 1035 1331 1083 ὅλως
1357 1041 1502 1091 ανέχο-

280 1113 357 1140 ται
376 1093 544 1151 λαβεῖν,
571 1095 611 1138 εἰ
666 1097 678 1110 “
726 1093 867 1151 μηδὲν
890 1110 995 1139 σννε
1032 1094 1179 1149 ώνησε
1203 1098 1306 1154 περὶ
1330 1092 1502 1143 τούτου,

278 1148 420 1209 μηδὲν
453 1147 568 1194 ὅλως
605 1112 706 1207 [Zau
728 1147 873 1195 ἄνειν·
918 1152 958 1193 εἰ
993 1113 1044 1195 δὲ
1086 1151 1397 1209 συνεφώνησε,
1442 1147 1504 1215 μὴ

278 1205 392 1265 ὑπὲρ
425 1204 512 1262 τὴν
546 1206 752 1262 εἰκοστὴν
788 1211 951 1265 μοῖραν
987 1209 1065 1262 τῆς
1103 1206 1280 1265 προικὸς.
1317 1210 1393 1249 καὶ
1427 1218 1505 1258 της

279 1266 576 1323 προγαμιαίας
604 1261 772 1331 δωρεᾶς
800 1266 1040 1318 ἐπιζητεῖν,
1079 1261 1159 1306 ἐὰν
1188 1260 1216 1316 ἡ
1245 1262 1377 1321 προῖξ
1403 1258 1504 1319 ἄχρι

279 1317 522 1362 διακοσίων
550 1317 719 1378 λιτρων
758 1322 855 1362 ἐστι
891 1323 1093 1377 χρυσίον·
1150 1318 1342 1362 ἔλαττον
1378 1314 1428 1360 δὲ
1465 1316 1504 1358 εἰ

202 1380 218 1418 1
279 1373 488 1432 βούλεται
531 1372 708 1430 λαβεῖν,
752 1377 981 1435 ἐπιτρέπει
1025 1371 1163 1429 αὐτῷ.
1236 1375 1294 1416 Εἰ
1338 1371 1388 1416 δὲ
1429 1375 1503 1415 καὶ

280 1426 560 1484 ὃσησδήποτε
587 1428 836 1485 ποσότητός
863 1433 989 1474 ἐστιν
1017 1427 1044 1486 ἦ
1073 1431 1218 1489 προῖξ,
1253 1431 1502 1488 περαιτέρω

282 1488 376 1530 τῶν
404 1483 512 1529 δέκα
540 1484 709 1546 λιτρῶν
735 1489 814 1530 τοῦ
849 1491 1031 1546 χρυσίου
1068 1484 1149 1529 οὐκ
1177 1488 1407 1543 ἐπιτρέπει
1435 1484 1502 1538 τῷ

279 1542 528 1601 προξενητῆ
574 1540 838 1599 λαμβάνειν,
890 1538 995 1585 σῦδέ
1039 1542 1080 1585 εἰ
1121 1539 1268 1583 τελεία
1310 1543 1436 1583 ἐστὶν
1477 1534 1504 1606 ἡ

198 1601 220 1640 2
281 1599 413 1657 προῖξ
441 1594 469 1653 ἢ
497 1586 525 1652 ἦ
551 1597 639 1656 πρὸ
666 1597 808 1657 γάμου
836 1595 998 1655 δωρεά.
1047 1597 1105 1638 Εἰ
1133 1593 1183 1638 δὲ
1211 1594 1334 1664 παρὰ
1362 1596 1505 1638 ταῦτα

277 1668 346 1698 τις
384 1668 437 1696 συ
472 1652 690 1710 φωνήσει,
730 1651 792 1709 μὴ
828 1651 1126 1696 ἀπαιτεῖσθαι
1139 1685 1149 1703 ,
1192 1648 1304 1693 ἄλλα
1338 1655 1414 1693 καὶ
1448 1650 1502 1694 τὸ

277 1725 393 1752 κατα
427 1671 571 1761 λζγθὲν
611 1705 931 1759 ἀναδιδόσθω,
976 1708 1065 1749 εἴτε
1098 1704 1304 1764 χρήματα
1341 1705 1504 1761 ἔλαβεν

278 1764 367 1807 εἴτε
395 1763 516 1823 πράγ
550 1780 637 1806 ατα
664 1760 693 1818 ἢ
719 1760 919 1817 ἀνεδόθη
950 1758 1076 1816 αὐτῷ
1108 1759 1320 1819 ὁμολογία
1355 1765 1505 1820 χρέους

277 1815 305 1873 ἢ
332 1815 447 1864 ὅλως
474 1823 496 1860 ἐ
525 1821 612 1874 αβέ
633 1833 680 1861 τι
708 1815 890 1871 κινητὸν
920 1814 948 1871 ἢ
976 1813 1190 1870 ἀκίνητον
1216 1814 1244 1872 ἢ
1274 1815 1503 1870 αὐτοκίνη-

275 1890 380 1927 τον,
422 1876 699 1930 κινουμένων
738 1874 837 1916 τῶν
877 1867 1071 1932 ἀγωγῶν
1113 1868 1165 1915 οὗ
1205 1871 1351 1928 μόνον
1391 1870 1505 1914 κατὰ

275 1931 355 1973 τοῦ
383 1928 621 1986 λαβόντος,
660 1923 771 1972 ἀλλὰ
807 1932 883 1971 καὶ
914 1926 1028 1971 κατὰ
1055 1929 1154 1971 τῶν
1184 1925 1322 1971 αὐτοῦ
1351 1926 1503 1984 κληρο-

274 1984 444 2041 νόμων,
472 1987 549 2027 naz
577 1982 628 2027 οὗ
655 1981 798 2041 μόνον
826 1983 949 2044 παρὰ
977 1985 1056 2028 τοῦ
1085 1981 1354 2037 δεδωκότος,
1392 1979 1504 2026 ἀλλὰ

275 2045 350 2083 καὶ
391 2038 516 2099 παρὰ
557 2041 655 2083 τῶν
697 2036 834 2083 αὐτοῦ
882 2036 1198 2098 κληρονόμων·
1255 2035 1504 2100 ὦρισμένου

275 2094 384 2140 δέκα
418 2101 599 2157 χρυσίου
635 2095 805 2153 λιτρῶν
833 2097 1060 2152 ἐπιτιμίου
1087 2099 1180 2139 τοῖς
1207 2094 1332 2156 παρὰ
1361 2097 1503 2140 ταῦτα

275 2150 492 2214 πράττειν
522 2154 832 2212 ἐπιχειροῦσιν.

799 2379 848 2428 11

167 2459 217 2500 SI
253 2459 472 2501 REGTOR
514 2459 862 2502 PROVINCIAE
890 2460 1006 2501 VEL
1045 2461 1120 2501 AD
1156 2461 1280 2502 EUM
1316 2460 1505 2501 PERTI-

387 2516 612 2557 NENTES
642 2516 950 2558 SPONSALIA
977 2517 1285 2558 DEDERINT.

226 2597 248 2644 l
287 2596 374 2641 ³Im
398 2612 484 2656 pp.
518 2596 765 2643 Gratianus
790 2598 1133 2644 Valentinianus
1160 2604 1206 2644 et
1230 2598 1507 2644 Theodosius

167 2653 298 2698 AAA.
384 2654 567 2712 utropio
597 2669 683 2713 pp.
756 2654 802 2698 Si
842 2655 940 2710 quis
978 2655 1026 2699 in
1063 2658 1287 2711 potestate
1324 2655 1506 2711 publica

165 2709 337 2765 positus
377 2713 512 2765 atque
547 2710 717 2755 honore
765 2711 1213 2755 administrandarum
1257 2712 1504 2768 provincia-

166 2779 286 2818 rum,
327 2765 403 2820 qui
435 2766 699 2821 parentibus
739 2772 819 2810 aut
854 2767 1076 2811 tutoribus
1115 2771 1196 2812 aut
1224 2767 1504 2811 curatoribus

165 2824 245 2864 aut
271 2821 382 2876 ipsis
411 2833 525 2876 quae
549 2822 876 2866 matrimonium
899 2825 1212 2867 contracturae
1242 2824 1376 2867 sunt⁴
1404 2826 1504 2879 pot-

166 2882 235 2921 est
261 2888 361 2921 esse
387 2876 612 2932 terribilis,
642 2890 770 2922 arras
800 2878 1094 2933 sponcalicias
1109 2881 1126 2906 ⁵
1156 2878 1337 2934 dederit,
1376 2878 1504 2922 iube-

164 2945 283 2985 mus,
321 2937 373 2977 ut
401 2932 634 2989 deinceps,
673 2934 765 2978 sive
793 2938 1001 2990 parentes
1030 2935 1122 2979 sive
1151 2935 1330 2978 eaedem
1359 2937 1504 2978 muta-

165 2988 307 3033 verint
332 2988 616 3044 voluntatem,
645 3002 736 3034 non
764 2990 894 3035 modo
924 2989 1034 3034 iuris
1063 2991 1233 3045 laqueis
1263 2991 1506 3035 liberentur

163 3056 421 3142 poenaeque
458 3050 651 3089 statutae
689 3051 893 3103 expertes
930 3047 1018 3090 sint
1027 3047 1059 3099 ⁶,
1111 3047 1188 3090 sed
1228 3047 1504 3091 extrinsecus

194 3104 271 3144 ata
301 3113 501 3156 ..plgnora
537 3101 756 3145 lucrativa
793 3103 1008 3156 habeant,
1053 3102 1090 3145 si
1129 3115 1182 3146 ea
1219 3116 1310 3147 non
1348 3107 1506 3159 putent

169 3160 189 3198 1
259 3167 357 3200 esse
395 3155 630 3200 reddenda.
699 3156 826 3211 Quod
863 3158 927 3200 ita
972 3159 1061 3201 late
1098 3164 1252 3215 patere
1289 3159 1504 3211 volumus,

166 3214 219 3254 ut
246 3224 337 3254 non
366 3211 507 3255 solum
538 3211 657 3255 circa
686 3213 1054 3267 administrantes,
1095 3214 1173 3257 sed
1203 3217 1248 3258 et
1278 3215 1396 3258 circa
1426 3214 1505 3258 ad-

165 3265 510 3310 ministrantium
537 3266 653 3311 filios
682 3273 865 3322 nepotes
895 3270 976 3311 ac⁷
1006 3269 1327 3325 proprinquos,
1367 3271 1504 3325 parti-

168 3321 288 3377 cipes
341 3321 405 3371 (id
455 3327 524 3365 est
575 3322 870 3375 consiliarios)
886 3325 902 3350 ⁸
954 3323 1303 3379 domesticosque
1357 3325 1504 3368 locum

166 3378 331 3421 habeat
339 3377 370 3430 ⁹,
401 3378 560 3432 quibus
582 3383 733 3422 tamen
756 3377 1089 3422 administrator
1111 3392 1293 3434 operam
1318 3380 1503 3424 dederit.

169 3437 194 3477 2
250 3433 429 3490 Impleri
465 3436 613 3478 autem
647 3434 695 3477 id
723 3439 880 3491 postea
907 3434 1234 3478 matrimonium
1263 3449 1354 3479 non
1381 3440 1502 3479 veta-

167 3503 289 3542 mus,
326 3489 443 3545 quod
481 3494 679 3545 tempore
717 3490 951 3545 potestatis
990 3491 1048 3534 ob
1079 3503 1154 3535 eas
1184 3503 1412 3546 personas,
1451 3490 1504 3535 de

169 3545 327 3601 quibus
356 3546 494 3589 locuti
515 3559 681 3600 sumus,
711 3546 824 3590 arris
849 3545 999 3589 fuerat
1022 3546 1275 3601 obligatum,
1307 3547 1345 3590 si
1370 3559 1502 3602 spon-

1585 367 1964 424 nicaepGratiano
2004 380 2033 412 V
2056 375 2101 413 et
2130 368 2379 415 Theodosio
2408 372 2501 416 AA.
2532 385 2677 417 conss.
2732 376 2790 426 [a.
2821 375 2918 425 380]

2191 542 2318 592 111.¹⁰

1671 623 1748 662 DE
1776 622 2193 663 DONATIONIBUS
2224 625 2375 664 ANTE
2405 624 2644 665 NUPTIAS
2673 623 2787 663 VEL
2803 623 2836 648 ²¹

1733 678 1990 719 PROPTER
2017 678 2256 719 NUPTIAS
2286 681 2360 720 ET
2389 677 2782 720 SPONSALICIIS.

1643 756 1667 802 1
1715 756 1861 822 Impp.
1905 758 2096 803 Severus
2132 766 2178 804 et
2212 760 2469 804 Antoninus
2506 761 2599 803 AA.
2640 757 2920 802 Metrodoro.

1584 812 1778 856 Multum
1806 817 2004 865 interest,
2045 815 2085 857 si
2113 827 2179 869 ea,
2211 828 2324 870 quae
2353 815 2490 858 donat
2518 815 2584 857 vir
2612 814 2805 866 futurus,
2832 818 2923 855 tra-

1586 867 1748 912 diderit
1775 868 1905 910 uxori
1934 871 1979 911 et
2005 873 2163 922 postea
2191 870 2237 913 in
2268 870 2414 913 dotem
2445 868 2694 924 acceperit,
2735 882 2792 911 an
2821 881 2922 912 vero

1586 921 1778 968 donandi
1806 922 1952 966 animo
1983 922 2128 966 dotem
2157 924 2343 975 auxerit,
2373 929 2426 967 ut
2447 924 2649 967 videatur
2687 925 2924 978 accepisse,

1586 978 1705 1035 quod
1742 991 1834 1022 non
1872 977 2060 1033 accepit.
2128 979 2277 1033 priore
2319 979 2434 1021 enim
2472 991 2580 1022 casu
2617 979 2796 1023 donatio
2837 993 2926 1022 non

1583 1034 1841 1091 impeditur,
1888 1038 1932 1077 et
1974 1045 2067 1087 res,
2144 1046 2227 1077 uae
2268 1033 2316 1077 in
2359 1046 2412 1077 ea
2454 1047 2592 1078 causa
2635 1040 2763 1090 sunt,
2810 1035 2925 1078 dotis

1585 1091 1768 1136 effectae
1811 1090 1974 1134 iudicio
2019 1090 2073 1133 de
2148 1094 2220 1133 ote
2267 1090 2360 1145 peti
2402 1096 2625 1147 possunt:
2679 1091 2927 1147 posteriore

1585 1151 1734 1191 autem
1763 1146 1874 1190 nihil
1902 1151 2052 1190 actum
2081 1150 2149 1189 est
2178 1145 2414 1190 donatione
2452 1151 2518 1201 et,
2559 1147 2677 1202 quod
2705 1147 2750 1190 in
2781 1147 2927 1191 dotem

1586 1204 1738 1248 datum
1767 1216 1856 1247 non
1885 1205 1966 1256 est,
1996 1215 2088 1246 non
2115 1206 2264 1257 potest
2292 1202 2447 1257 repeti.

1643 1257 1674 1304 2
1711 1257 1827 1317 Imp.
1869 1257 2133 1303 Alexander
2169 1258 2220 1301 A.
2259 1259 2429 1303 Attalo.
2500 1259 2548 1303 Si
2588 1259 2781 1316 praesidi
2823 1273 2925 1316 pro-

1585 1315 1755 1359 vinciae
1797 1314 2077 1370 probaveris,
2131 1319 2182 1357 ut
2225 1314 2431 1357 Eucliam
2487 1328 2668 1359 uxorem
2727 1315 2925 1370 duceres,

1585 1383 1768 1415 munera
1807 1373 1854 1414 te
1884 1371 2154 1426 ³parentibus
2185 1371 2279 1414 eius
2309 1370 2500 1422 dedisse,
2539 1371 2626 1414 nisi
2654 1371 2736 1416 tibi
2765 1371 2928 1415 Euclia

1586 1441 1646 1470 nu
1679 1427 1799 1479 serit,
1829 1426 2007 1470 restitui
2034 1426 2118 1469 tibi
2151 1427 2269 1481 quod
2298 1427 2457 1470 dedisti
2486 1427 2671 1471 iubebit.

1645 1440 1675 1530 Ξ
1707 1481 1832 1526 Idem
1850 1483 1902 1526 A.
1919 1481 2178 1526 Marcellae.
2220 1482 2546 1527 Pollicitatione
2571 1497 2597 1526 a
2621 1484 2760 1527 fratre
2784 1497 2924 1539 quon-

1587 1538 1688 1582 dam
1715 1541 1794 1582 tuo
1825 1538 2099 1593 sponsalium
2130 1550 2265 1581 causa
2292 1539 2427 1591 facta,
2466 1542 2511 1583 et
2525 1541 2560 1566 ²²
2597 1540 2635 1583 si
2664 1540 2712 1584 in
2741 1540 2925 1595 stipula-

1586 1596 1751 1638 tionem
1780 1594 1970 1638 deducta
1997 1594 2095 1637 ideo
2124 1595 2396 1649 praestanda
2424 1609 2514 1639 non
2541 1595 2691 1648 fuerit,
2722 1596 2927 1652 quoniam

1585 1651 1630 1694 in
1661 1650 1764 1694 dote
1792 1663 1906 1693 uxor
1934 1649 2140 1692 maritum
2169 1649 2340 1704 fefellit,
2384 1652 2689 1706 exceptionem
2717 1652 2927 1697 adversus

1587 1707 1807 1750 actionem
1836 1717 1891 1748 ex
1907 1705 2136 1760 stipulatu
2163 1708 2285 1748 recte
2315 1706 2496 1750 obicies.

1643 1761 1676 1807 4
1706 1759 1822 1818 Imp.
1857 1759 2117 1804 Gordianus
2154 1761 2205 1803 A.
2237 1760 2410 1804 Marco.
2480 1762 2608 1816 Quod
2646 1775 2838 1817 sponsae
2876 1776 2928 1807 ea

1585 1817 1682 1871 lege
1724 1816 1939 1866 donatur,
1983 1818 2036 1859 ut
2077 1821 2184 1859 tunc
2223 1816 2462 1860 dominium
2500 1818 2594 1862 eius
2639 1818 2925 1873 adipiscatur,

1588 1886 1689 1916 cum
1717 1872 1899 1927 nuptiae
1927 1871 2097 1915 fuerint
2126 1876 2327 1924 secutae„
2368 1873 2463 1917 sine
2501 1874 2661 1918 effectu
2692 1879 2773 1918 est.
2831 1873 2928 1919 ΡΡ.

1595 1939 1693 1971 VIII
1716 1926 1759 1971 lc.
1790 1926 1895 1971 Dec.
1931 1925 2163 1971 Gordiano
2192 1929 2244 1972 A.
2276 1933 2322 1972 et
2348 1929 2511 1973 Aviola
2540 1943 2683 1974 conss.
2744 1934 2800 1983 [a.
2830 1933 2927 1983 239]

1644 1982 1674 2029 5
1721 1982 1827 2027 ¹³Im
1853 1998 1905 2041 p.
1947 1982 2218 2028 Valerianus
2254 1989 2301 2028 et
2339 1983 2570 2029 Gallienus
2607 1987 2743 2030 ΑΑ.14
2792 1986 2929 2030 Theo-

1587 2039 1741 2084 dorae.
1845 2052 1885 2092 a,
1917 2051 2030 2095 quae
2057 2040 2141 2138 tiffi
2169 2045 2220 2082 ut
2249 2053 2438 2095 sponsae
2464 2041 2670 2086 daturum
2699 2055 2747 2086 se
2775 2055 2928 2098 repro-

1588 2096 1708 2140 misit
1743 2096 1801 2150 is,
1841 2096 1917 2152 qui
1960 2098 2007 2139 te
2043 2096 2100 2139 fic
2123 2109 2148 2140 o
2181 2097 2421 2151 caelibatu,
2454 2111 2552 2141 cum
2582 2098 2713 2141 aliam
2743 2105 2930 2142 matrem

1587 2151 1780 2195 familias
1820 2152 1936 2196 domi
1954 2154 1987 2178 ¹⁵
2025 2152 2294 2207 reliquisset,
2344 2154 2598 2198 sollicitavit
2638 2155 2697 2198 ad
2735 2155 2928 2210 nuptias,

1585 2210 1742 2269 petere
1770 2221 1868 2251 cum
1892 2207 2054 2251 effectu
2077 2221 2167 2252 non
2187 2212 2337 2264 potest
2349 2210 2397 2259 ¹⁶,
2425 2223 2524 2253 cum
2547 2213 2599 2252 tu
2616 2222 2782 2264 sponsa
2797 2222 2935 2252 uxore

1589 2263 1707 2307 domi
1733 2263 1881 2320 posita
1909 2276 2001 2307 non
2029 2262 2168 2307 fuisti.
2226 2267 2426 2322 Accepta
2453 2276 2527 2308 XV
2549 2266 2608 2309 id.
2639 2266 2749 2309 Mai.
2772 2271 2929 2309 Antio-

1589 2318 1717 2363 chiae
1748 2319 1891 2363 Tusco
1921 2323 1967 2363 et
1992 2318 2143 2363 Basso
2174 2332 2318 2363 conss.
2741 2325 2798 2373 [a.
2832 2324 2928 2373 258]

1647 2373 1678 2421 6
1708 2373 1778 2418 Im
1815 2410 1824 2418 .
1854 2374 2131 2419 Aurelianus
2167 2376 2219 2419 A.
2250 2374 2472 2421 Donatae.
2540 2376 2651 2420 Cum
2678 2377 2725 2421 in
2751 2379 2797 2420 te
2826 2378 2929 2421 sim-

1587 2431 1747 2488 plicem
1807 2431 2059 2475 onationem
2098 2431 2220 2474 dicas
2253 2431 2420 2475 factam
2449 2444 2547 2476 esse
2577 2432 2647 2476 die
2675 2433 2929 2488 nuptiarum

1589 2490 1634 2530 et
1661 2487 1708 2530 in
1738 2486 1943 2541 ambiguo
1974 2486 2117 2542 possit
2130 2487 2290 2540 venire,
2322 2493 2470 2531 utrum
2499 2501 2526 2531 a
2555 2501 2720 2544 sponso
2750 2501 2808 2532 an
2835 2502 2927 2532 ma-

1588 2544 1672 2586 rito
1712 2542 1926 2586 donatum
1961 2543 2040 2591 sit,
2083 2542 2148 2587 sic
2185 2542 2540 2598 distinguendum
2577 2550 2665 2596 est,
2707 2549 2778 2599 ut,
2816 2545 2856 2588 si
2883 2546 2929 2588 in

1587 2607 1666 2642 tua
1697 2599 1826 2643 domo
1858 2598 2022 2642 donum
2051 2604 2282 2655 acceptum
2312 2603 2401 2652 est,
2441 2605 2546 2644 ante
2574 2601 2751 2656 nuptias
2781 2600 2928 2644 videa-

1588 2658 1664 2698 tur
1692 2654 1816 2698 facta
1845 2667 1943 2699 esse
1972 2654 2166 2708 donatio,
2199 2655 2316 2710 quod
2346 2655 2383 2700 si
2411 2669 2548 2712 penes
2577 2669 2626 2700 se
2651 2657 2772 2701 dedit
2794 2669 2929 2713 spon-

1589 2724 1678 2757 sus,
1707 2711 1876 2754 retrahi
1902 2711 2066 2767 possit:
2098 2725 2212 2755 uxor
2241 2711 2356 2754 enim
2382 2711 2520 2755 fuisti.

1647 2764 1676 2813 7
1708 2765 1889 2825 Imppp.
1938 2764 2082 2810 Carus
2126 2765 2320 2810 Carinus
2361 2771 2407 2812 et
2449 2767 2753 2812 Numerianus
2794 2769 2926 2813 AAA.

1590 2821 1850 2866 Iuncianae.
1910 2821 1972 2875 Si,
2013 2835 2111 2866 cum
2147 2825 2252 2866 ante
2281 2823 2460 2878 nuptias
2489 2836 2673 2867 munera
2703 2823 2928 2877 darentur,

1588 2879 1651 2922 ita
1681 2880 1946 2922 conventum
1974 2883 2044 2921 est
2068 2883 2201 2933 atque
2225 2878 2479 2925 huiusmodi
2504 2879 2758 2935 conscripta
2782 2880 2930 2935 pactio

1589 2940 1677 2986 est,
1715 2936 1789 2986 ut,
1829 2934 1868 2978 si
1910 2946 1998 2988 qua
2036 2933 2177 2977 fors¹⁷
2219 2934 2440 2979 extitisset
2478 2940 2632 2979 contra
2660 2937 2931 2980 voluntatem

1591 2990 1684 3034 eius
1732 2995 1776 3034 et
1817 2990 2143 3035 matrimonium
2183 2990 2483 3046 distraxisset,
2529 2995 2635 3036 tunc
2676 3005 2787 3047 quae
2827 2992 2930 3035 data

1590 3051 1717 3091 erant
1751 3046 1871 3101 apud
1911 3058 2009 3089 eum
2048 3046 2123 3102 qui
2157 3047 2351 3090 dedisset
2378 3047 2637 3091 heredemve
2667 3048 2760 3091 eius
2789 3061 2928 3091 rema-

1588 3106 1757 3154 nerent,
1788 3106 1949 3157 potest‚
1981 3102 2056 3156 qui
2077 3103 2171 3146 eius
2196 3102 2486 3146 hereditatem
2501 3103 2686 3158 accepit,
2709 3103 2780 3146 cui
2794 3110 2930 3158 pacta

1587 3159 1736 3213 puella
1776 3170 1960 3201 munera
2000 3170 2136 3212 supra
2172 3157 2291 3201 dicta
2327 3158 2422 3213 lege
2459 3163 2739 3213 susceperat,
2776 3159 2928 3203 eadem

1587 3215 1685 3258 iure
1747 3213 1955 3257 ostulare.
2015 3212 2109 3256 ΡΡ.
2140 3212 2183 3256 lc.
2215 3212 2359 3271 April.

1647 3267 1677 3316 8
1708 3227 1856 3326 ἳννιρρ.
1887 3267 2200 3312 Diocletianus
2236 3273 2282 3311 et
2308 3266 2620 3312 Maximianus
2647 3270 2738 3313 AA.
2774 3275 2818 3314 et
2849 3269 2925 3314 CC.

1590 3323 1912 3388 Euphrosyno.
1980 3322 2028 3366 Si
2066 3326 2170 3366 ante
2208 3324 2537 3368 matrimonium
2569 3325 2708 3369 maior
2738 3326 2928 3381 quinque

1589 3384 1635 3424 et
1661 3379 1814 3435 vigint1
1843 3379 1971 3422 annis
2003 3379 2270 3422 constitutus
2301 3392 2491 3435 sponsae
2521 3393 2649 3434 suae,
2690 3382 2796 3425 licet
2824 3385 2928 3425 ante

1589 3435 1826 3491 sponsalia,
1875 3434 2061 3477 fundum
2107 3434 2287 3478 donavit
2329 3448 2512 3491 eamque
2554 3437 2601 3480 in
2639 3450 2824 3480 vacuam
2859 3439 2926 3481 in-

1589 3491 1715 3535 duxit
1738 3490 2077 3546 possessionem,
2106 3494 2263 3546 postea
2289 3492 2410 3535 nullo
2434 3492 2566 3536 titulo
2594 3493 2877 3549 superstitem
2896 3498 2932 3525 ²⁸

1587 3548 1655 3591 vel
1678 3550 1940 3590 testamento
1966 3546 2153 3589 eundem
2173 3546 2492 3603 relinquentem
2516 3548 2711 3593 alienare
2726 3550 2927 3606 potuisse

169 3689 220 3739 (1)
251 3688 303 3740 cs.
326 3690 366 3737 5,
390 3696 425 3738 2,
452 3697 467 3729 1
503 3689 599 3739 (not.
627 3688 665 3738 6)
700 3690 742 3739 5,
767 3697 804 3740 8,
828 3696 841 3728 ι
873 3689 930 3740 (p.
955 3696 1026 3729 200
1053 3697 1131 3728 not.
1150 3690 1207 3740 12)
1243 3689 1316 3729 Th.
1340 3690 1378 3739 3,
1407 3698 1440 3739 5,
1466 3696 1501 3729 11
1590 3686 1647 3737 (9)
1677 3685 1814 3726 locum
1828 3685 1991 3737 habeat]
2008 3699 2240 3728 censeamus
2262 3687 2335 3728 Th.
2394 3690 2529 3741 (10)B
2547 3692 2613 3742 28,
2630 3700 2648 3731 3
2710 3691 2781 3743 (11)
2796 3691 2861 3732 vel
2882 3693 2925 3741 C,

170 3742 225 3794 (2)
253 3763 311 3779 =
339 3742 383 3783 B
414 3745 481 3794 54,
510 3753 565 3794 15,
594 3752 615 3784 4
732 3744 786 3795 (3)
814 3763 871 3780 =
903 3744 976 3784 Th.
1006 3746 1046 3794 3,
1078 3752 1114 3796 6,
1145 3753 1161 3785 1
1201 3745 1247 3785 Β
1277 3744 1343 3793 28,
1378 3753 1404 3794 1,
1436 3752 1501 3784 20:
1591 3746 1631 3782 et
1669 3742 1709 3781 P
1845 3742 1920 3794 (12)
1961 3744 2063 3783 idem
2102 3745 2281 3796 leyerunt
2316 3745 2490 3787 Graeci.-
2529 3748 2571 3787 et
2600 3747 2675 3788 del.
2708 3748 2923 3788 Mommsen

170 3801 287 3852 iunye
311 3801 349 3847 5,
374 3807 405 3849 1,
428 3806 449 3840 3
479 3807 515 3840 et
542 3813 646 3852 quae
675 3801 735 3841 ibi
762 3799 984 3841 laudantur
1094 3800 1148 3851 (4)
1177 3802 1276 3840 sunt
1303 3800 1389 3848 Th„
1419 3799 1505 3839 sint
1578 3798 1651 3848 (13)
1683 3799 1793 3847 =9,
1812 3806 1849 3848 9,
1866 3806 1907 3839 18
1995 3797 2067 3850 (14)
2095 3798 2184 3839 etG
2207 3800 2283 3841 ins.
2302 3799 2325 3840 l.
2342 3814 2443 3853 qem.
2531 3801 2603 3849 (15)
2633 3799 2678 3838 in
2707 3799 2922 3850 provincia

171 3855 268 3896 libri
368 3855 424 3906 (5)
452 3866 564 3894 arras
591 3854 870 3906 sponsalicias]
900 3855 1107 3908 sponsalia
1140 3856 1212 3896 Th.
1322 3856 1377 3905 (6)
1407 3867 1503 3907 poe·
1582 3854 1606 3894 l.
1625 3869 1723 3907 qem.
1810 3854 1884 3903 (16)
1907 3854 2024 3905 potes
2042 3855 2260 3903 (sicPcum
2279 3856 2302 3895 l.
2319 3857 2435 3910 qem.)
2457 3855 2498 3895 in
2524 3856 2659 3906 potest
2683 3856 2755 3904 (sic
2782 3855 2817 3895 C
2838 3870 2921 3894 cum

170 3922 328 3961 uaeque
368 3912 552 3962 expertes
588 3910 674 3949 sint
701 3922 806 3962 quae
835 3911 1113 3963 quadruplum
1140 3910 1288 3951 statuit
1322 3911 1410 3963 Th„
1450 3912 1501 3964 cf
1581 3909 1627 3950 B
1645 3918 1683 3950 et
1697 3911 1805 3960 ΒΣ)
1834 3917 2006 3950 mutasse
2036 3912 2313 3964 compilatores
2345 3919 2512 3951 testatur
2529 3911 2772 3951 Thalelaeus
2799 3911 2921 3959 (ΒΣ)

170 3970 210 4019 5,
240 3976 271 4018 1,
301 3975 335 4017 5,
366 3975 386 4006 4
476 3965 533 4017 (Ἰ)
562 3977 610 4006 ao
640 3981 712 4006 om.
748 3966 820 4007 Th.
906 3968 963 4020 (8)
992 3966 1037 4008 id
1065 3969 1125 4008 est
1153 3965 1296 4011 consil.
1328 3981 1400 4008 om.
1431 3967 1502 4007 Th.
1581 3967 1659 4018 (17)
1689 3965 1772 4005 fors
1794 3966 1836 4016 C,
1858 3977 1944 4005 sors
1962 3964 2004 4005 P
2070 3966 2145 4019 (18)
2175 3969 2234 4008 sic
2247 3967 2306 4008 Μ
2308 3970 2330 3993 ⁰
2347 3982 2432 4007 cum
2450 3966 2508 4018 B,
2533 3965 2748 4018 superstite
2764 3965 2899 4007 PCM
2903 3963 2920 3990 ὁ

224 4133 261 4188 Ι,
293 4129 324 4180 6
366 4130 634 4176 Constitutio
682 4144 744 4175 nu
780 4130 944 4175 tiarum

171 4203 290 4233 mum
317 4188 431 4233 nibil
458 4187 664 4251 accipere
691 4200 749 4232 vu
769 4191 797 4231 t.
855 4198 945 4243 quo
1013 4199 1052 4231 si
1093 4186 1274 4231 omnino
1303 4199 1508 4244 accipere

174 4244 359 4298 audeat,
395 4243 437 4288 si
471 4242 648 4301 quidem
685 4241 800 4287 nillil
836 4255 892 4286 ea
929 4241 985 4287 de
1017 4255 1070 4287 re
1097 4242 1367 4295 convenerit,
1395 4241 1510 4286 nibil

175 4300 352 4344 omnino
378 4313 477 4344 eum
503 4299 735 4357 accipere:
758 4297 801 4342 si
821 4310 928 4342 vero
952 4298 1224 4351 convenerit,
1252 4311 1345 4342 non
1367 4311 1508 4355 supra

175 4354 422 4419 vicesimam
446 4359 632 4413 partem
660 4354 779 4398 dotis
806 4352 877 4399 vel
902 4356 1009 4397 ante
1034 4353 1218 4418 nuptias
1245 4352 1509 4399 donationis

1017 4135 1285 4176 roxenetam
1318 4129 1506 4188 potissi·
1591 4132 1616 4172 2
1672 4129 1743 4173 sit.
1801 4126 1936 4181 Quod
1959 4141 2103 4186 supra
2131 4128 2218 4173 boc
2246 4129 2311 4173 ali
2341 4129 2413 4171 uis
2432 4132 2604 4185 pactus
2628 4126 2789 4183 fuerit,
2828 4139 2920 4189 non

1046 4186 1055 4195 ‘
1393 4187 1402 4195 '
1589 4184 1738 4242 exiqi:
1777 4182 1858 4228 sed
1897 4187 1943 4227 et
1981 4184 2178 4229 solutum
2220 4185 2302 4229 red
2332 4189 2404 4237 at,
2445 4183 2539 4227 sive
2614 4182 2796 4226 ecunias
2831 4194 2922 4225 sive

1588 4254 1664 4284 res
1692 4240 1929 4298 acceperit,
1958 4239 2052 4285 sive
2078 4239 2216 4284 debiti
2243 4240 2394 4283 cautio
2419 4238 2462 4283 ei
2483 4237 2566 4282 red
2596 4238 2661 4282 ita
2681 4237 2829 4294 fuerit
2855 4236 2924 4280 vel

1591 4296 1770 4340 omnino
1800 4295 2041 4352 quicquam
2068 4295 2230 4340 mobile
2256 4309 2335 4339 seu
2372 4293 2593 4338 immobile
2628 4306 2708 4357 seu
2743 4306 2793 4336 se
2829 4304 2923 4354 mo·-

1590 4365 1695 4396 vens
1728 4350 1966 4409 acceperit,
2006 4350 2260 4395 actionibus
2295 4363 2388 4394 non
2425 4354 2596 4394 tantum
2633 4361 2682 4391 tn
2717 4360 2816 4391 eum
2875 4360 2920 4410 uz

1589 4407 1835 4465 acceperit,
1873 4405 1954 4450 sed
1994 4407 2129 4451 etiam
2169 4406 2217 4450 in
2259 4406 2355 4450 eius
2396 4404 2580 4449 heredes
2620 4403 2831 4446 instituen
2866 4415 2920 4454 is,

1589 4475 1671 4507 nec
1707 4467 1880 4506 tantum
1917 4461 1973 4506 ab
2011 4475 2065 4507 eo
2102 4462 2182 4519 qui
2211 4460 2397 4513 dederit,
2434 4460 2515 4504 sed
2541 4459 2675 4503 etiam
2703 4457 2759 4501 ab
2798 4456 2922 4501 llere-

1590 4517 1721 4561 dz'bus
1757 4517 1876 4562 eius:
1917 4531 2069 4576 poena
2111 4517 2258 4562 decem
2302 4515 2406 4560 auri
2447 4515 2665 4559 librarum
2707 4512 2923 4576 adversus

176 4574 323 4620 decem
367 4577 471 4620 auri
518 4577 658 4622 libras
693 4579 982 4636 proxenetae
1023 4574 1230 4633 accipere
1270 4589 1363 4619 non
1396 4588 1506 4639 per-
1590 4586 1667 4618 eos
1719 4572 1980 4626 constituta,
2032 4572 2113 4631 qui
2161 4572 2376 4617 adversus
2419 4571 2530 4616 baec
2577 4568 2727 4614 venire
2770 4574 2920 4612 conati

177 4631 331 4682 mittit,
369 4633 542 4678 etiamsi
579 4638 703 4680 certa
741 4632 825 4678 dos
861 4630 931 4678 vel
966 4635 1073 4677 ante
1105 4630 1290 4692 nuptias
1318 4630 1505 4675 donatio
1585 4628 1775 4689 fuerint.
2532 4698 2582 4739 25

302 4707 341 4743 ιι,

174 4423 380 4509 exquere,
404 4410 602 4475 ‘quando
642 4409 726 4454 dos
760 4408 989 4507 duceptas·
1005 4407 1280 4474 auri-libras
1306 4421 1508 4473 non-ex·

175 4478 224 4563 ie
254 4471 774 4579 ²(tiuiicnszcricviiiqul?&divite-§.71²2
810 4467 1507 4578 Ξῖιόητῗταέξωέόζσειξῗγῗόῇἷι
