3094 4732
197 120 283 166 DE·
306 121 623 163 OBLATIONE
661 124 931 164 VOTORUM

301 254 463 317 πατήρ.
508 260 548 301 εἰ
571 257 620 302 δὲ
645 256 868 319 ἆνώτερος
896 250 952 314 ἦν
984 262 1063 304 τοῦ
1084 262 1305 322 βιάρχουῑ,
1334 269 1520 323 βίαρχον

300 310 442 370 μόνον
468 317 682 372 γίνεσθαι
720 315 802 360 ’τὸν
841 314 995 361 παῖδα.
1063 318 1286 377 πρόδηλον
1314 318 1420 379 γάρ,
1450 319 1521 364 ὅτι

301 367 326 413 ὁ
355 373 521 426 μείζων
550 369 721 426 ταύτην
759 374 875 426 &kant
903 372 986 425 τὴν
1014 377 1519 436 παραμυθίανφροντί-

304 428 369 480 ζει
396 431 473 469 καὶ
501 429 597 470 τῶν
628 426 759 471 ἰδίων
787 426 1008 485 ἀδελφῶν.

487 598 786 648 XXXXVIII
823 600 1209 669 (XXXXVIIII).

484 681 561 721 DE
591 681 912 722 OBLATIONE
943 682 1219 725 VOTORUM.

252 759 275 807 1
313 759 476 819 ²Impp.
507 761 732 806 Arcadius
769 768 814 807 et
843 763 1076 808 Honorius
1109 768 1200 810 AA.
1240 766 1416 811 Basilio
1445 781 1522 824 pu.

194 817 378 872 Quando
406 818 520 861 votis
557 819 860 863 communibus
899 820 1005 864 felix
1039 834 1183 866 annus
1222 823 1439 878 aperitur,
1479 824 1525 867 in

194 886 284 916 una
320 873 434 917 libra
477 874 575 916 auri
614 874 688 916 et³
735 875 886 919 solidis
933 877 1207 933 obryziacis‘¹
1250 879 1525 935 principibus

194 927 404 972 offerendi
442 929 713 973 devotionem
751 932 896 976 animo
939 932 1093 976 libenti
1132 935 1394 990 suscipimus
1435 939 1524 979 sta-

193 988 387 1036 tuentes,
423 988 474 1028 ut
508 984 714 1040 deinceps
753 988 1038 1043 sequentibus
1078 990 1205 1033 annis
1244 990 1525 1035 uniuscuius-

195 1052 279 1095 que
307 1039 518 1099 sedulitas
545 1041 820 1097 principibus
851 1044 942 1088 suis
981 1045 1087 1087 talia
1124 1045 1328 1100 ingerant
1355 1058 1527 1102 semper

194 1099 240 1139 et
277 1095 490 1140 deferant.
555 1095 609 1140 D.
643 1109 708 1141 111
742 1112 847 1144 non.
877 1099 1014 1145 Mart.
1061 1099 1309 1145 Mediolani
1341 1101 1525 1160 Olybrio

193 1155 239 1196 et
265 1149 465 1196 Probino
496 1165 640 1197 conss.

612 1326 938 1376 xxxxvnn
975 1329 1097 1388 (ιν

192 1405 269 1446 DE
297 1405 647 1447 NUMERARIIS
678 1409 974 1451 ACTUARIIS
1004 1412 1078 1451 ET
1109 1410 1524 1451 CHARTULARIIS

192 1461 266 1501 ET
293 1462 667 1503 ADIUTORIBUS
705 1464 1043 1507 SCRINIARIIS
1072 1468 1146 1508 ΕΤ
1181 1466 1526 1507 EXCEPTORI-

192 1516 296 1558 BUS
311 1517 470 1558 SEDIS
486 1518 784 1560 EXOELSAE
801 1521 1257 1569 CETERORUMQUE
1283 1521 1526 1562 IUDICUM

358 1573 476 1615 TAM
507 1574 770 1616 CIVILIUM
800 1577 958 1623 QUAM
988 1578 1348 1619 MILITARIUM.

249 1653 272 1702 1
310 1655 443 1715 ⁶Imp.
464 1656 783 1703 Constantinus
795 1662 846 1704 A.
875 1659 1174 1704 Veroniciano
1192 1660 1361 1705 vicario
1377 1659 1523 1704 Asiae.

192 1711 342 1755 Vorax
378 1716 423 1756 et
470 1714 801 1759 fraudulentum
845 1716 1191 1759 numerariorum
1233 1716 1525 1771 propositum,

189 1767 488 1866 alstidi?
503 1770 1527 1871 diffiditis?itssfflussttttffiadtss

579 1858 591 1878 9

189 1879 410 1942 sancimus
441 1880 690 1924 condicioni
719 1894 794 1926 eos
825 1882 957 1926 subdi
992 1885 1311 1926 tormentorum
1341 1886 1387 1926 et
1421 1894 1526 1926 ecu-

188 1933 268 1977 leis
297 1938 431 1990 atque
459 1935 806 1981 lacerationibus
835 1939 1081 1982 subiacere.
1139 1936 1194 1982 D.
1213 1950 1340 1982 xnn
1361 1937 1403 1981 lc.
1422 1937 1523 1982 Iun.

193 1987 359 2047 Optato
389 1994 434 2033 et
461 1989 658 2036 Paulino
689 2005 832 2037 conss.
1338 1997 1394 2047 [a.
1427 1997 1524 2046 334]

245 2043 278 2091 2
310 2045 396 2089 ⁸Im
423 2060 473 2103 p.
517 2046 860 2093 Valentinianus
887 2054 932 2094 et
970 2049 1134 2094 Valens
1161 2049 1252 2093 AA.
1284 2050 1346 2093 ad
1377 2048 1527 2094 Clear-

189 2099 329 2166 ehum.
430 2102 475 2145 ui
502 2103 739 2147 numerarii
768 2106 984 2162 appellari
1014 2109 1335 2150 consueverant
1365 2119 1524 2150 consu-

188 2156 348 2201 larium
377 2169 431 2201 ac
460 2159 712 2214 praesidum
741 2160 992 2213 dumtaxat,
1028 2161 1236 2205 tabularii
1271 2164 1374 2217 post
1410 2162 1526 2205 hanc

189 2215 386 2256 nostram
430 2214 732 2259 sanctionem⁹
769 2218 1065 2270 vocabuntur,
1109 2217 1296 2260 scientes
1339 2230 1388 2261 se
1431 2221 1524 2262 tor-

188 2269 346 2313 mentis
391 2281 487 2314 esse
530 2270 776 2325 subiectos,
820 2273 905 2316 nisi
946 2273 1164 2317 iudicibus
1203 2273 1271 2317 vel
1313 2273 1405 2326 his,
1451 2275 1526 2328 qui

191 2325 386 2381 provecti
419 2328 576 2370 nostro
615 2327 776 2372 iudicio
815 2328 873 2372 ad
907 2328 1157 2384 provincias
1195 2329 1416 2382 venerint,
1455 2330 1526 2373 vel

191 2381 474 2426 exactoribus
488 2384 523 2408 ¹⁰
570 2383 818 2428 debitorum
861 2390 940 2428 aut
955 2387 988 2411 ¹¹
1037 2383 1305 2440 reliquorum
1347 2385 1525 2429 modum

189 2437 445 2493 frequenter
458 2438 722 2493 ingesserint
738 2441 820 2484 sub
838 2445 1039 2485 actorum
1052 2440 1386 2484 testificatione:
1414 2454 1524 2497 quos

191 2493 306 2537 scire
343 2498 519 2549 oportet
553 2508 653 2539 cum
692 2496 761 2540 his
801 2497 876 2551 qui
923 2496 1146 2540 debitores
1190 2501 1294 2540 sunt
1328 2509 1426 2541 sese
1468 2497 1526 2540 ad

191 2549 456 2594 solutionem
494 2563 592 2595 esse
629 2552 909 2605 retinendos,
950 2552 1036 2596 nisi
1065 2551 1211 2596 omnia
1239 2552 1389 2596 debita
1417 2553 1525 2609 ipsis

199 2610 212 2648 1
273 2605 440 2650 fuerint
477 2606 777 2652 indicantibus
815 2608 1059 2663 persoluta.
1132 2607 1328 2652 Triennii
1375 2612 1525 2653 tamen

191 2661 336 2717 spatio
375 2662 696 2707 tabulariorum
745 2664 872 2708 decet
920 2668 1092 2720 tempus
1136 2676 1264 2707 omne
1309 2665 1522 2709 concludi.

190 2718 245 2762 D.
278 2729 404 2761 XIIII
437 2718 480 2762 lc.
511 2718 648 2764 Mart.
697 2718 1089 2778 Constantinopoli
1129 2719 1442 2765 Valentiniano
1483 2726 1527 2765 et

202 2773 388 2818 Valente
416 2775 509 2819 AA.
541 2789 684 2820 conss.
1337 2780 1394 2830 [a.
1426 2781 1523 2828 365]

247 2826 278 2876 3
311 2829 476 2874 ¹²Idem
505 2832 596 2875 AA.
636 2831 805 2889 Rufino
873 2846 920 2891 p.
987 2832 1271 2877 Numerarios
1309 2844 1380 2876 am
1410 2833 1524 2889 lissi-

190 2897 288 2929 mae
315 2889 420 2930 tuae
449 2887 566 2931 sedis
597 2888 818 2943 cingulum
881 2889 1013 2933 abere
1044 2893 1088 2931 et
1121 2889 1301 2932 militiae
1330 2901 1381 2933 or
1411 2890 1525 2933 inem

189 2944 342 2986 tenere
376 2943 589 2987 iubemus.
649 2943 705 2988 D.
745 2944 862 3002 prid.
894 2945 953 2988 id.
984 2943 1089 2989 Dee.
1134 2943 1328 2988 Parisiis
1365 2944 1525 2989 Valen-

193 2998 365 3041 tiniano
395 3005 441 3043 et
479 2998 665 3044 Valente
692 3002 784 3044 AA.
817 3014 960 3044 conss.
1339 3004 1395 3053 [a.
1426 3005 1523 3054 365]

246 3052 280 3099 4
314 3052 481 3112 ¹³Impp
519 3090 527 3098 .
548 3053 795 3100 Gratianus
815 3055 1157 3100 Valentinianus
1180 3060 1225 3100 et
1251 3055 1526 3101 Theodosius

192 3108 336 3174 ΑΑΑ..
355 3069 514 3154 omnig,
533 3124 558 3154 s
585 3111 834 3155 rectoribus
854 3113 1207 3177 provinciarum.
1265 3111 1319 3156 In
1346 3113 1523 3169 provin-

191 3163 271 3208 ciis
300 3165 484 3220 smgulis
513 3165 600 3210 duo
631 3167 881 3220 numeraril,
912 3168 987 3224 qui
1015 3169 1108 3212 et¹‘¹
1136 3167 1358 3221 tabularii,
1390 3169 1524 3212 collo-

193 3223 359 3273 centur,
397 3234 484 3276 quo
524 3222 581 3265 ad
617 3236 752 3266 unum
781 3222 943 3267 fiscalis
973 3236 1103 3267 arcae
1130 3223 1427 3278 ratiocinium,
1467 3223 1525 3268 ad

191 3276 377 3320 alterum
406 3277 705 3333 largitionales
735 3279 956 3334 pertinere
990 3280 1106 3322 tituli
1145 3279 1398 3323 iubeantur:
1439 3280 1523 3323 sci-

190 3331 292 3385 turi,
323 3332 454 3388 quod,
485 3334 523 3377 si
552 3346 607 3377 ex
635 3333 788 3377 alienis
817 3335 1050 3391 quicquam
1066 3334 1239 3380 actibus
1260 3335 1318 3379 ad
1339 3336 1524 3379 alteram

190 3390 362 3453 partem
390 3388 547 3432 illicita
575 3388 710 3433 fuerit
737 3391 1026 3446 usurpatione
1054 3390 1332 3444 translatum,
1364 3391 1419 3443 is,
1449 3391 1525 3447 qui

191 3443 349 3487 iudicis
380 3444 555 3500 culpam
585 3445 929 3491 dissimulatione
967 3446 1126 3491 texerit
1140 3478 1151 3498 ,
1180 3446 1438 3510 gravissimo
1468 3447 1525 3490 sit

191 3499 407 3555 supplicio
447 3501 763 3556 subiugandus.
823 3501 878 3546 D.
909 3514 979 3546 ΙΙΙ
1012 3501 1055 3546 lc.
1084 3502 1229 3559 April.
1273 3502 1524 3547 Constanti-

191 3568 250 3599 no
286 3556 348 3599 oli
377 3556 574 3600 Antonio
605 3563 650 3601 et
678 3556 875 3615 Syaqrio
905 3571 1047 3603 conss.
1338 3562 1394 3611 [a.
1425 3561 1522 3611 382]

244 3569 281 3658 ἔ
310 3610 472 3656 ¹¹⁵Idem
487 3612 618 3656 AAA.
650 3619 695 3656 et
721 3612 945 3658 Arcadius
959 3616 1010 3658 A.
1041 3611 1274 3672 Principio
1295 3628 1379 3672 pp.
1429 3614 1522 3658 Ex-

191 3670 394 3723 ceptores
425 3680 574 3712 omnes
602 3668 822 3712 iudicibus
890 3669 1253 3714 rovincialibus¹⁶
1281 3671 1521 3724 obsequen-

190 3724 272 3775 tes,
304 3723 379 3778 qui
407 3736 490 3767 nec
519 3723 787 3768 cohortalem
808 3725 868 3767 mi
888 3725 1007 3769 ‘tiam
1032 3726 1247 3769 sustinere
1275 3726 1474 3769 videntur
1488 3727 1523 3752 ¹⁷

190 3867 240 3917 (1)
275 3865 464 3907 Guiacius
500 3867 636 3906 vertit:
685 3865 795 3917 quod
831 3865 868 3905 si
905 3865 1093 3907 altiorem
1129 3865 1356 3906 obtinuerit
1392 3866 1521 3906 veluti

192 3921 404 3963 ducenarii
432 3922 505 3960 aut
534 3922 773 3971 centenarii,
804 3923 924 3973 quasi
950 3923 991 3963 in
1013 3922 1180 3963 Graecis
1210 3923 1399 3963 exciderit
1428 3918 1521 3961 οἷον

192 3971 473 4033 δουκηνάριος
501 3969 528 4028 ἢ
556 3974 837 4034 κεντηνάριος
892 3978 947 4027 (2)
976 3998 1031 4013 =
1065 3976 1137 4017 Th.
1169 3978 1206 4028 7,
1239 3986 1295 4026 24,
1326 3987 1342 4019 1
1399 3978 1452 4027 (3)
1482 3979 1523 4015 et

194 4034 285 4082 det,
315 4035 366 4086 osi
397 4041 474 4073 not.
507 4041 526 4072 4
613 4034 667 4082 (4)
698 4033 790 4072 auri
828 4031 951 4072 solidi
988 4032 1248 4085 septuaginta
1286 4032 1366 4073 duo
1402 4032 1520 4084 obry-

192 4089 296 4129 ziaoi
327 4087 482 4139 (solidis
496 4087 667 4127 LXXII
696 4088 920 4141 obryziacis
954 4087 1239 4141 Gotkofredus)
1258 4089 1333 4128 Th.
1394 4088 1447 4138 (5)
1480 4087 1521 4127 B

191 4146 234 4196 6,
249 4152 293 4186 35
378 4145 433 4196 (6)
461 4164 518 4179 =
549 4144 623 4185 Th.
654 4145 692 4195 8,
723 4153 753 4192 1,
784 4153 822 4184 4:
854 4145 972 4197 iunqe
1006 4144 1077 4184 Th.
1110 4144 1148 4193 8,
1178 4152 1232 4194 15,
1263 4151 1284 4183 2
1366 4145 1419 4193 (7)
1449 4141 1521 4181 ob-

192 4199 344 4251 sequiis
373 4215 445 4240 om.
479 4200 553 4240 le.
586 4208 723 4241 contra
752 4199 797 4239 B
829 4200 976 4247 (κ.π.);
1018 4198 1068 4238 ἐν
1108 4192 1336 4255 διαφόροις
1363 4193 1520 4253 ὑπηρε·

193 4258 303 4296 σίοις
330 4257 421 4296 τοῖς
449 4251 656 4310 ἄρχουσιν
684 4249 981 4310 ὖπουργοῦσιν

193 4311 248 4362 (9)
280 4311 443 4352 idemB
473 4313 617 4361 (u.7t.):
647 4311 815 4363 posthac
838 4312 976 4350 nostra
991 4310 1201 4349 sanctione
1219 4309 1294 4351 Th.
1352 4311 1425 4361 (10)
1455 4320 1522 4347 ex-

195 4477 367 4521 biareki
384 4478 575 4535 qradum
597 4475 858 4520 ascenderit.
913 4476 983 4517 sin
1006 4478 1152 4518 autem
1173 4473 1385 4517 maiorem
1405 4473 1520 4515 biar-

196 4531 279 4576 oho
308 4533 499 4591 qradum
528 4531 754 4583 habuerit,
780 4530 923 4586 filium
962 4528 1189 4573 biarchum
1220 4525 1521 4591 tantummodo

191 4588 306 4645 fieri.
365 4589 650 4647 manifestum
680 4588 794 4632 enim
825 4591 890 4631 est
928 4585 1137 4630 maiorem
1169 4588 1302 4638 natu,
1333 4598 1406 4642 qui
1438 4581 1522 4626 noe

1474 175 1477 177 ,
1526 107 1632 168 479

1337 1162 1394 1211 [a.
1427 1161 1524 1210 395]
1575 1201 1579 1204 .

2590 117 2693 172 XII
2729 119 2934 171 48-49

1604 278 1746 323 neque
1775 277 1803 309 a
1841 266 1950 310 fisco
1986 265 2102 310 ullas
2143 272 2471 324 consequuntur
2506 281 2729 322 annonas,
2767 271 2936 325 absque
2983 267 2985 270 ”

1603 327 1724 366 metu
1755 321 1909 365 dare¹⁸
1938 322 2104 377 coeptis
2125 335 2315 379 operam,
2346 323 2518 368 etiamsi
2547 324 2805 369 decuriones
2834 327 2937 377 sint,

1604 377 1780 421 minime
1807 377 2113 434 prohibemus,
2153 379 2385 424 dummodo
2414 381 2563 423 munia
2597 380 2804 436 propriae
2833 379 2937 424 civi-

1606 434 1711 476 tatis
1742 436 1984 489 agnoscant
2011 436 2058 477 et
2084 438 2265 491 peracto
2305 435 2546 479 secundum
2573 447 2740 479 morem
2778 447 2936 492 excep-

1606 489 1739 532 tionis
1779 488 1926 533 0fficio
1963 489 2021 533 ad
2063 503 2143 547 pro
2176 491 2286 534 riam
2335 491 2422 534 sibi
2457 491 2624 534 curiam
2670 490 2938 535 redeundum

1607 556 1705 607 esse
1733 558 1823 588 non
1851 545 2065 590 nesciant.
2169 580 2177 590 .
2209 558 2299 589 IIII
2325 546 2384 590 id.
2402 545 2509 590 Dee.
2540 545 2771 603 Aquileiae
2800 548 2937 590 Area-

1608 599 1684 642 dio
1714 602 1765 643 A.
1796 604 1840 644 et
1868 599 2080 645 Bautone
2108 614 2252 646 conss.
2749 605 2806 654 [a.
2839 605 2936 653 385]

1666 652 1697 701 6
1732 653 1916 713 ¹⁹Impp.
1945 656 2168 701 Arcadius
2207 662 2253 702 et
2279 656 2516 702 Honorius
2544 656 2636 700 AA.
2670 655 2832 701 Severo
2853 671 2936 715 pu.

1607 709 1676 753 Ne
1705 709 1871 754 diutius
1909 711 1967 754 ad
2006 716 2266 756 cunctorum
2303 711 2541 768 perniciem
2579 712 2764 755 actuarii
2791 725 2939 756 nume·

1607 765 1825 808 rariorum
1872 767 2107 811 consortiis
2156 768 2434 817 adiuventur,
2475 766 2658 810 illustris
2699 768 2940 812 auctoritas
2987 802 2989 805 .

1608 824 1688 863 tua
1704 823 1890 864 cunctos
1906 833 1962 864 ex
1982 823 2242 867 numerariis
2267 822 2566 866 actuariorum
2581 822 2790 866 societate
2811 835 2938 877 prae-

1611 877 1747 932 cipiat
1774 876 1998 920 abstinere
2027 882 2073 921 at
2104 891 2161 922 ue
2190 879 2246 922 ab
2286 891 2438 921 eorum
2467 877 2771 922 communione
2800 878 2940 921 disce-

1615 937 1630 975 1
1692 931 1810 976 dere.
1869 931 1997 986 Quod
2025 933 2062 976 si
2122 946 2201 977 aec
2229 933 2382 976 moniti
2411 933 2633 978 custodire
2661 934 2943 988 neglexerint,

1607 987 1746 1031 isdem
1775 989 1928 1044 poenis
1959 1000 2007 1032 se
2035 989 2194 1045 quibus
2218 989 2440 1033 actuarios
2469 1002 2558 1033 non
2586 989 2811 1044 ambigant
2838 989 2942 1032 sub-

1609 1045 1766 1089 iacere.
1827 1043 1881 1088 D.
1915 1055 2005 1088 1111
2029 1043 2073 1089 lc.
2105 1043 2191 1089 Iul.
2237 1044 2433 1090 Nicaeae
2460 1044 2671 1089 Honorio
2699 1045 2751 1088 A.
2784 1056 2876 1088 ιιι]
2901 1050 2945 1088 et

1613 1099 1902 1158 Eutychiano
1931 1112 2075 1144 conss.
2757 1104 2813 1153 [a.
2845 1103 2942 1152 398]

1668 1154 1696 1202 7
1731 1154 1916 1213 ²⁰Impp.
1951 1155 2224 1201 Theodosius
2260 1161 2306 1202 et
2344 1156 2685 1201 Valentinianus
2712 1156 2804 1200 AA.
2835 1155 2943 1200 Hie-

1609 1214 1680 1257 rio
1704 1226 1787 1271 pp.
1846 1213 2086 1256 Actuarios
2115 1218 2206 1256 tam
2237 1213 2446 1257 classium
2475 1213 2598 1257 urbis
2628 1211 2943 1256 Constantino-

1610 1268 1835 1325 politanae
1864 1279 1995 1324 quam
2021 1269 2242 1325 thymelae
2271 1282 2569 1325 equorumque
2595 1267 2811 1312 curulium
2840 1267 2943 1311 civi-

1609 1329 1753 1368 tatum
1789 1323 2058 1367 diversarum
2095 1337 2187 1368 non
2230 1325 2360 1369 aliter
2401 1325 2511 1376 nisi,
2555 1327 2606 1368 ut
2644 1327 2942 1378 consueverat,

1609 1393 1767 1424 manus
1796 1379 1994 1424 sanxerit
2022 1381 2294 1436 principalis,
2324 1381 2569 1425 sublimitas
2593 1385 2671 1424 tua
2699 1379 2945 1436 praecipiat

1612 1442 1627 1480 1
1694 1435 1901 1480 ordinari.
1945 1435 2112 1490 2¹Quod
2142 1437 2181 1481 si
2209 1437 2306 1492 quis
2330 1437 2432 1481 talis
2459 1437 2541 1481 sub
2571 1440 2652 1479 tua
2674 1435 2806 1479 fuerit
2827 1435 2942 1478 iudi-

1610 1492 1782 1537 catione
1823 1491 2070 1546 convictus,
2110 1492 2311 1548 profecto
2350 1492 2490 1536 irritis
2530 1492 2622 1545 his,
2661 1503 2773 1547 quae
2810 1491 2944 1535 vetita

1611 1547 1918 1600 contrectavit,
1949 1548 2079 1592 etiam
2104 1560 2342 1604 congruam
2369 1547 2712 1604 indignationem
2731 1547 2940 1591 incurret.

1609 1604 1664 1649 D.
1697 1616 1733 1648 x
1758 1602 1801 1647 lc.
1833 1601 1920 1647 Iul.
1953 1602 2240 1648 Nicomediae
2271 1604 2518 1649 Theodosio
2549 1615 2629 1648 XII
2663 1609 2707 1648 et
2747 1602 2943 1647 Valenti—

1610 1662 1747 1703 niano
1778 1670 1825 1702 ΙΙ
1850 1657 1942 1703 ΑΛ.
1974 1672 2117 1703 conss.
2756 1662 2812 1711 [a.
2842 1661 2941 1710 426]

1668 1713 1699 1762 8
1731 1714 1856 1759 Idem
1883 1715 1974 1758 AA.
2007 1713 2257 1773 Protoqeni
2282 1730 2359 1774 pp.
2419 1715 2680 1759 Scriniarios
2701 1715 2771 1758 vel
2790 1726 2940 1758 nume-

1611 1772 1752 1815 rarios
1781 1769 1918 1814 officii
1958 1771 2271 1826 magnitudinis
2306 1776 2411 1815 tuae
2448 1772 2648 1815 iubemus
2688 1770 2940 1814 nullatenus

1608 1827 1655 1870 in
1683 1830 1911 1882 posterum
1935 1831 2016 1870 aut
2033 1830 2230 1870 mutuam
2259 1827 2489 1882 pecuniam
2513 1839 2685 1871 sumere
2707 1829 2787 1870 aut
2813 1825 2940 1882 polli-

1611 1883 1703 1926 ceri
1733 1882 1935 1938 cuiquam
1964 1895 2047 1937 pro
2084 1882 2275 1938 publicis
2307 1883 2401 1937 cogi
2439 1883 2664 1938 expensis:
2702 1895 2812 1938 quos
2842 1882 2941 1925 nul-

1608 1939 1697 2037 latln
1726 1942 1829 1993 post
1858 1938 2103 1994 depositam
2125 1938 2324 1983 militiam
2352 1938 2693 1994 inquietudinem
2722 1937 2942 1982 sustinere

1609 2007 1662 2038 vo
1683 2006 1825 2037 umus.

1666 2048 1697 2097 9
1730 2049 1798 2093 Im
1833 2083 1843 2093 .
1874 2049 1966 2094 Leo
1993 2049 2044 2093 A.
2075 2047 2296 2095 Dios-coro
2318 2064 2400 2108 pp.
2459 2050 2632 2095 Nemini
2659 2050 2792 2095 licere
2821 2049 2940 2094 dein-

1611 2118 1714 2162 ceps
1739 2106 1784 2149 iu
1820 2118 1939 2150 emus
1964 2106 2009 2149 in
2036 2117 2310 2162 quacumque
2323 2106 2477 2150 militia
2493 2110 2804 2151 connumerato
2819 2105 2940 2150 solli-

1610 2161 1848 2206 citudinem
1878 2161 2065 2205 actuarii
2095 2162 2243 2206 subire
2266 2163 2333 2206 vel
2361 2167 2463 2218 post
2491 2162 2736 2219 depositam
2759 2162 2942 2206 eandem

1610 2230 1762 2262 curam
1790 2217 1848 2261 ad
1876 2217 2075 2261 militiam
2096 2218 2335 2273 adspirare,
2367 2223 2585 2274 quatenus
2603 2219 2719 2262 inter
2746 2219 2940 2274 privatos

1609 2286 1744 2328 agens
1788 2273 1992 2329 omnique
2041 2272 2219 2316 militari
2269 2275 2492 2330 privilegio
2545 2274 2788 2318 denudatus
2831 2273 2942 2317 nihil

1608 2329 1938 2373 nundinationis
1967 2330 2036 2373 vel
2069 2328 2239 2372 fraudis
2276 2331 2394 2374 circa
2423 2330 2767 2374 commendanda
2804 2330 2939 2373 ratio-

1610 2386 1730 2488 cin1is5
1755 2385 1914 2484 ngus
1940 2385 2155 2484 ἳῃοκὶἓε
2179 2389 2247 2484 (Est
2270 2388 2532 2485 atgemptare
2546 2386 2703 2486 {aflefft
2737 2385 2938 2451 [a31t72J]

1830 2453 1871 2483 m
1907 2475 1915 2484 .
1986 2454 2069 2485 eno
2142 2475 2150 2484 .
2222 2454 2303 2485 rea
2334 2455 2379 2486 io
2478 2477 2486 2485 .
2602 2455 2631 2485 u
2666 2455 2682 2485 1
2710 2453 2938 2485 scrimario

1609 2497 1742 2541 liceat
1769 2509 1851 2553 pro
1869 2455 2078 2554 ²tempore
2105 2497 2377 2542 numerarios
2401 2456 2516 2553 lpus
2552 2510 2683 2554 quam
2714 2497 2938 2553 quaternis

1608 2553 1791 2606 vicibus,
1822 2562 1904 2597 nec
1925 2553 1994 2596 his
2023 2557 2172 2597 tamen
2195 2553 2514 2606 continuandis,
2545 2554 2771 2597 adiuvare:
2801 2553 2937 2596 idem-

1610 2620 1694 2663 que
1723 2609 1808 2652 hoc
1839 2620 1971 2664 super
2002 2608 2322 2652 ”chartulariis
2351 2609 2604 2665 praebenda
2631 2622 2709 2665 pro
2739 2611 2939 2664 tempore

1608 2665 1868 2708 numerariis
1899 2677 2034 2720 opera
2062 2664 2288 2708 observari
2317 2665 2615 2717 decernimus,
2644 2665 2708 2708 ita
2736 2667 2787 2708 ut
2815 2663 2938 2707 adiu-

1608 2725 1754 2764 torum
1797 2720 1973 2775 quidem
2013 2719 2201 2772 biennii,
2247 2719 2618 2765 chartulariorum
2655 2733 2763 2764 vero
2807 2720 2938 2763 unius

1609 2777 1714 2820 anni
1741 2776 1970 2820 intervallo
2001 2776 2271 2820 continuatio
2299 2777 2668 2842 interrumpatur:
2708 2776 2831 2819 nulla
2860 2775 2938 2818 ad-

1609 2832 1825 2876 iutoribus
1874 2831 1932 2874 ad
1976 2831 2346 2876 chartulariorum
2395 2832 2756 2884 sollicitudinem,
2808 2843 2937 2886 quam

1610 2888 1743 2933 semel
1772 2887 1995 2941 dedignati
2020 2891 2136 2937 sunt,
2166 2887 2460 2932 descendendi
2485 2888 2629 2932 danda
2647 2888 2844 2931 licentia:
2874 2888 2937 2930 ita

1608 2948 1660 2988 ut
1681 2944 1915 2988 Orientalis
1946 2943 2118 2998 quidem
2146 2945 2314 2988 tractus
2343 2957 2424 2999 pro
2453 2948 2649 2999 tempore
2677 2943 2937 2986 numerariis

1609 3014 1698 3044 non
1727 2999 1813 3043 nisi
1842 2999 1898 3042 ab
1929 2999 1998 3042 his
2028 2999 2282 3051 scriniariis,
2314 3000 2387 3054 qui
2415 3000 2531 3043 intra
2558 3000 2737 3054 triginta
2765 2998 2879 3042 viros
2909 3010 2937 3040 a

1607 3055 1854 3100 numerario
1870 3059 1991 3098 retro
2016 3055 2323 3106 numerandos,
2351 3054 2545 3099 Asianae
2560 3067 2661 3098 vero
2687 3053 2936 3097 dioeceseos

1607 3111 1868 3156 numerariis
1905 3123 1993 3154 non
2032 3110 2118 3154 nisi
2147 3111 2202 3154 ab
2233 3111 2319 3163 his,
2361 3111 2436 3165 qui
2472 3111 2589 3154 intra
2622 3109 2937 3165 quinquaginta

1609 3181 1636 3211 a
1664 3166 1913 3210 numerario
1945 3165 2142 3209 similiter
2170 3169 2287 3210 retro
2318 3165 2611 3210 numerandos
2639 3165 2932 3215 inveniuntur,

1607 3223 1819 3268 Ponticae
1848 3234 1951 3266 vero
1981 3226 2026 3265 et
2041 3221 2286 3266 Thracicae
2314 3221 2562 3266 dioeceseos
2623 3221 2754 3265 assim
2783 3225 2828 3263 et
2854 3232 2935 3275 pro

1609 3292 1688 3323 suo
1717 3278 1846 3322 libitu
1884 3289 1938 3320 ex
1974 3277 2094 3321 omni
2130 3277 2408 3321 multitudine
2437 3278 2575 3332 eligen
2610 3290 2734 3321 orum
2762 3275 2933 3319 adiuto-

1612 3341 1629 3378 1
1690 3347 1788 3378 rum
1822 3333 2044 3376 tribuatur
2085 3333 2287 3377 facultas.
2354 3333 2510 3376 Omnia
2552 3345 2660 3377 sane
2698 3331 2934 3376 commoni-

1606 3391 1723 3434 toria
1750 3389 1817 3433 vel
1845 3388 2178 3444 praeceptiones
2207 3393 2286 3432 aut
2313 3388 2558 3432 evectiones
2597 3400 2676 3432 seu
2714 3386 2935 3443 quaelibet

1607 3445 1786 3502 publica
1813 3445 2105 3488 instrumenta
2126 3458 2215 3489 non
2239 3444 2381 3488 solum
2405 3444 2608 3496 adiutori,
2637 3456 2785 3488 verum
2803 3442 2932 3485 etiam

1606 3500 1859 3558 provinciae
1885 3500 2004 3544 illius
2035 3500 2089 3544 de
2128 3513 2216 3556 qua
2255 3500 2322 3544 dis
2355 3500 2503 3544 onitur
2538 3499 2768 3544 tractatori
2796 3498 2931 3552 inspi-

1609 3557 1751 3601 ciendi
1788 3556 2024 3611 itidemque
2064 3513 2393 3607 subscribengi,
2423 3556 2607 3599 aliorum
2636 3566 2827 3611 quoque,
2858 3553 2932 3608 qui

1607 3625 1696 3657 una
1725 3625 1824 3655 cum
1853 3624 1905 3656 eo
1933 3613 2152 3665 tractant,
2191 3612 2236 3654 in
2275 3611 2426 3655 eadem
2465 3611 2784 3667 subscriptione
2812 3621 2930 3674 men-

1609 3673 1632 3711 2
1690 3667 1809 3711 tione
1839 3666 2065 3719 habenda,
2094 3667 2399 3711 necessitatem
2428 3667 2695 3710 incumbere.
2754 3665 2798 3708 Si
2827 3663 2931 3718 quid

1608 3728 1753 3767 autem
1783 3722 1878 3767 sine
1907 3723 1990 3765 hac
2020 3723 2324 3767 observatione
2354 3736 2407 3766 ex
2436 3722 2647 3766 Orientali
2675 3722 2741 3766 vel
2765 3720 2929 3763 Asiano

1629 3819 1697 3822 ἢῆ..
2060 3818 2094 3821 --.
2111 3815 2927 3823 ῡῇῄ--νμ-ἡψ-ω

1605 3862 1825 3911 actoribus]
1858 3863 2018 3903 idemB
2049 3864 2192 3913 (κ.π.);
2223 3863 2288 3903 his
2317 3863 2387 3914 qui
2413 3862 2564 3902 ibidem
2593 3862 2747 3902 diutius
2777 3862 2930 3902 fuerint

1606 3919 1843 3959 commorati
1865 3919 1935 3958 Th.
2021 3920 2090 3967 (11)
2121 3931 2167 3958 ac
2188 3919 2274 3969 Th„
2304 3914 2399 3969 ἢτοι
2419 3919 2459 3957 Β
2476 3920 2595 3969 (κ.π.)
2681 3920 2752 3968 (12)
2782 3939 2834 3953 --
2857 3918 2927 3957 Th.

1607 3976 1645 4026 8,
1675 3983 1706 4025 1,
1735 3983 1771 4015 11
1857 3974 1929 4023 (13)
1961 3993 2011 4007 =
2044 3974 2118 4014 Th.
2149 3976 2187 4023 8,
2219 3984 2248 4024 1,
2279 3983 2319 4015 12
2405 3975 2478 4023 (14)
2516 3973 2739 4013 numerarii
2778 3973 2849 4024 qui
2889 3975 2929 4012 et

1607 4045 1678 4070 om.
1712 4029 1785 4069 Th.
1819 4029 1862 4068 B
1948 4029 2021 4079 (15)
2050 4049 2105 4064 =
2140 4030 2211 4069 le.
2244 4031 2282 4078 8,
2315 4038 2346 4077 7,
2377 4038 2438 4069 17:
2470 4030 2586 4082 {unqe
2620 4029 2689 4069 Th.
2726 4030 2857 4077 lum,
2889 4037 2926 4069 17

1605 4087 1680 4134 (16)
1711 4082 2035 4135 provincialibus
2064 4099 2136 4125 om.
2172 4085 2259 4131 Th..
2293 4092 2446 4124 tuentur
2475 4084 2518 4124 Β
2548 4085 2670 4133 (κ.π.)
2737 4085 2809 4133 (17)
2828 4084 2926 4123 idem
2996 4119 3001 4123 ί

1607 4141 1648 4180 Β
1679 4141 1823 4192 (κ.π.);
1856 4139 1929 4188 qui
1958 4151 2031 4178 nec
2060 4139 2252 4179 militiam
2281 4139 2485 4178 sustinent
2518 4139 2589 4180 Th.
2676 4139 2749 4189 (18)
2779 4150 2927 4177 navare

1607 4196 1695 4245 Th„
1726 4189 1902 4234 διδόναι
1932 4194 1977 4234 Β
2007 4198 2127 4245 (κατ.)
2188 4197 2262 4246 (19)
2291 4214 2345 4229 -·
2377 4194 2447 4234 Th.
2469 4196 2607 4244 8,1,14
2672 4196 2751 4243 (20)
2780 4194 2924 4233 =Tl1.

1094 4255 1152 4305 (8)
1180 4273 1236 4290 =
1266 4255 1341 4296 Th.
1373 4256 1410 4304 8,
1439 4263 1468 4303 1,
1500 4261 1520 4293 9
1606 4253 1645 4301 8,
1677 4259 1710 4299 τ,
1741 4258 1779 4291 21
1865 4251 1939 4300 (21)
1971 4255 1990 4297 5
2023 4260 2039 4291 1
2069 4271 2122 4285 ==
2159 4253 2218 4301 12,
2250 4259 2307 4300 59,
2338 4259 2357 4290 6
2443 4251 2521 4301 (22)
2550 4250 2778 4290 Hem-mann
2802 4250 2928 4303 iungit

1610 4307 1672 4358 12,
1704 4313 1763 4355 60,
1794 4313 1814 4345 6
1901 4306 1979 4356 (23)
2008 4317 2032 4344 a
2062 4307 2133 4346 ins.
2165 4306 2381 4345 Mommsen

1603 4470 1772 4515 solacio
1793 4470 1983 4527 fruitur,
2010 4471 2210 4527 fratrum
2236 4482 2414 4526 quoque
2426 4483 2608 4514 suorum
2629 4484 2779 4514 curam
2806 4470 2925 4513 laabi-

1608 4532 1765 4570 turum.
