3138 4776
242 173 261 222 1
304 173 361 220 12
1565 152 1633 210 66

238 323 260 358 4
316 313 419 356 Ἐὰν
462 312 511 357 δὲ
553 316 606 368 τῆ
652 309 982 367 ἐκκλησιαστικῇ
1033 313 1163 366 φωνῆ
1204 307 1566 362 ὑπομνησθέντες

235 369 345 425 μετὰ
382 359 599 413 vocativa}
637 372 707 410 καὶ
746 360 1006 416 τηλικαύτας
1042 356 1191 423 παρἀγ
1221 364 1334 406 altas
1362 361 1418 403 τοὶ
1447 357 1565 404 ὅπλα

234 424 294 481 μὴ
330 421 615 475 ἀποθῶνται,
654 418 1032 474 ἐξευμενισνθείσης
1069 422 1143 472 τῆς
1217 422 1416 478 ρησκείας
1444 414 1567 475 παρά

234 497 283 523 τι
310 481 385 533 τῆς
413 476 617 534 ἡμετεόαε
643 471 939 534 γαληνότητοε
974 478 1047 515 καὶ
1081 477 1177 517 τῶν
1207 470 1469 517 ἐπισκόπων
1496 473 1563 525 τῷ

235 536 333 589 θεῷ
372 537 447 588 τῆς
481 519 715 589 ἀπολογίας
753 526 982 582 δοθείσης,
1022 526 1229 574 ἐνόπλων
1267 527 1564 583 εἰσπεμφθέν-

234 606 329 633 των
370 584 802 639 ἀποσπασθήσονται
854 588 927 624 καὶ
971 581 1133 627 πάσαις
1180 588 1276 627 ταῖς
1326 598 1470 650 σιζιιιφο
1501 587 1567 625 αῖς

238 652 258 690 -5
317 640 722 699 ὑποβληθήσονται.
783 635 843 680 Οὐ
887 637 976 693 μὴν
1005 636 1107 692 δίχα
1142 637 1322 698 γνώμης
1359 654 1385 692 η
1428 599 1566 682 κελεύ-

233 714 343 743 σεως
385 701 461 741 τοῦ
504 693 772 741 ἐπισκόπου1
824 697 898 734 καὶ
951 689 1080 748 ἡμῶν
1121 697 1219 737 τῶν
1253 710 1303 736 τε
1341 691 1568 737 δικαστῶν

232 757 329 798 τῶν
366 753 476 795 κατὰ
513 751 595 805 τὴν
630 747 755 791 δεῖνα
793 747 927 791 πόλιν
964 751 1069 790 καὶ2
1105 745 1385 803 ὁπουδήποτε
1412 766 1566 808 τυγχα-

231 808 407 852 νόντων
435 808 513 850 τὸν
544 801 823 859 ὡπλισμένον
853 806 901 846 ἐκ
928 805 1025 846 τῶν
1053 803 1299 874 ἐκκλησιῶν
1315 804 1396 864 χρὴ
1425 821 1567 864 παρα-

232 863 457 913 δίδοσθαι,
487 862 559 903 ἵνα
584 857 657 915 μή,
687 857 863 902 πολλοῖς
890 859 1002 903 κατὰ
1031 861 1128 902 τῶν
1157 858 1336 904 αθλίων
1363 859 1568 915 τοιαύτης

230 916 479 976 ἀδιαφόρως
507 917 703 966 ἐξουσίας
732 912 953 969 δοθείσης,
987 913 1189 974 σύγχυσίς
1224 931 1300 974 τις)
1326 919 1374 959 ἐκ
1410 914 1567 959 τούτου

229 974 438 1031 γίνεσθαι
466 969 600 1029 μέλλῃ
630 974 701 1012 καὶ
731 967 914 1035 ταραχή.
971 971 1025 1015 I).
1044 984 1081 1015 Χ
1106 971 1149 1015 lc.
1175 973 1319 1031 April.
1353 971 1567 1017 Constan-

231 1027 420 1086 tinopoli
452 1027 596 1070 Basso
625 1032 669 1070 et
695 1026 917 1070 Antiocho
948 1028 1113 1071 conss.³
1381 1031 1435 1082 [a.
1467 1027 1566 1083 431]

286 1083 315 1128 4
349 1082 489 1125 “ldem
529 1082 619 1125 ΛΑ.
661 1080 850 1125 Hierio⁶
880 1097 963 1140 pp.
1031 1083 1077 1126 Si
1116 1096 1266 1127 servus
1308 1084 1566 1139 cuiusquam

229 1138 456 1183 ecclesiam
486 1137 694 1180 altariave
722 1141 921 1181 armatus
960 1139 1091 1183 nullis
1122 1139 1206 1183 hoc
1236 1139 1566 1194 suspicantibus

228 1195 476 1249 inopinatus
516 1193 720 1246 inruerit,
764 1193 919 1237 exinde
954 1194 1156 1250 protinus
1186 1195 1470 1239 abstrahatur
1500 1195 1567 1238 vel

230 1255 346 1293 certe
377 1249 584 1292 continuo
616 1248 790 1292 domino
821 1249 890 1291 vel
918 1250 971 1302 ei,
1005 1250 1121 1293 unde
1151 1263 1250 1294 eum
1279 1256 1369 1293 tam
1400 1250 1566 1293 furiosa

227 1304 410 1349 formido
446 1304 680 1360 proripuit,
722 1303 941 1347 indicetur
979 1305 1105 1361 eique
1142 1319 1243 1350 mox
1281 1306 1567 1349 abstrahendi

233 1367 248 1404 1
311 1374 360 1403 co
395 1360 437 1403 ia
476 1373 565 1403 non
603 1364 798 1414 negetur.
867 1359 953 1404 Sed
990 1361 1028 1404 si
1056 1374 1277 1405 armorum
1306 1361 1469 1405 fiducia
1498 1375 1565 1404 re-

227 1374 408 1460 sistengi
445 1415 613 1459 animos
649 1415 820 1459 insania
857 1416 1103 1472 impellente
1141 1417 1407 1473 conceperit,
1449 1418 1564 1461 abri-

225 1472 369 1529 piendi
399 1471 767 1527 extrahendiquess
803 1485 901 1515 eum
931 1471 1118 1526 domino,
1160 1473 1319 1529 quibus
1348 1477 1494 1528 potest
1523 1473 1566 1516 id

227 1527 401 1571 efficere
430 1527 608 1579 viribus,
641 1527 920 1571 concedatur.
966 1529 1084 1583 quod
1109 1529 1146 1572 si
1170 1529 1292 1571 illum
1314 1529 1445 1572 etiam
1463 1542 1565 1572 con-

226 1583 324 1626 fici⁷
354 1583 399 1627 in
428 1583 755 1627 concertatione
784 1596 1018 1639 pugnaque
1047 1584 1293 1640 contigerit,
1332 1585 1455 1628 nulla
1485 1585 1567 1628 erit

227 1639 318 1682 eius
357 1651 474 1683 noxa
512 1651 594 1682 nec
633 1638 891 1683 conflandae
922 1640 1268 1684 criminationis⁸
1295 1641 1567 1696 relinquetur

228 1694 414 1748 occasio,
445 1695 484 1738 si
511 1696 564 1745 is,
595 1695 668 1749 qui
697 1707 751 1738 ex
786 1698 906 1738 statu
936 1696 1081 1739 servili
1118 1696 1164 1738 in
1192 1695 1364 1740 hostilis
1404 1700 1449 1739 et
1485 1696 1564 1739 ho-

225 1751 408 1795 micidae
447 1751 747 1794 condicionem
786 1751 1034 1803 transiliit⁹,
1061 1752 1233 1796 occisus
1263 1752 1334 1795 sit.
1394 1751 1446 1795 D.
1470 1764 1499 1794 V
1522 1751 1563 1794 lc.

227 1807 367 1864 April.
390 1805 778 1864 Constantinopoli
803 1805 983 1850 Valerio
1001 1811 1046 1851 et
1057 1808 1186 1865 Aetio
1208 1821 1350 1851 conss.
1384 1808 1443 1864 [a.
1463 1807 1564 1862 432]

282 1860 311 1907 5
345 1861 456 1919 Imp.
487 1861 752 1905 Marcianus
778 1863 830 1905 Α.
868 1862 930 1905 ad
949 1863 1184 1920 populum.
1243 1862 1565 1906 Denuntiamus

228 1918 347 1961 vobis
379 1917 595 1969 omnibus,
628 1922 677 1960 ut
705 1918 750 1961 in
779 1918 1073 1962 sacrosanctis
1104 1919 1302 1963 ecclesiis
1327 1925 1371 1962 et
1399 1919 1446 1962 in
1467 1919 1565 1962 aliis

227 1974 398 2030 quidem
442 1973 764 2017 venerabilibus
807 1974 940 2026 locis,
985 1974 1030 2016 in
1066 1975 1225 2030 quibus
1255 1988 1353 2018 cum
1382 1987 1494 2030 pace
1524 1979 1567 2017 et

227 2030 369 2085 quiete
397 2034 500 2073 vota
530 2029 738 2085 competit
767 2029 993 2082 celebrari,
1025 2030 1283 2074 abstineatis
1315 2030 1434 2074 omni
1452 2030 1564 2074 sedi-

226 2087 352 2129 tione.
420 2098 546 2129 nemo
586 2085 1007 2129 conclamationibus
1037 2091 1200 2140 utatur,
1239 2098 1365 2130 nemo
1394 2091 1567 2129 moveat

227 2141 461 2185 tumultum
500 2145 580 2184 aut
614 2141 823 2196 impetum
868 2142 1111 2185 committat
1159 2142 1227 2185 vel
1264 2142 1566 2185 conventicula

227 2198 411 2241 collecta
455 2196 734 2240 multitudine
774 2196 819 2239 in
865 2197 1058 2251 qualibet
1100 2200 1227 2252 parte
1270 2197 1455 2241 civitatis
1499 2198 1566 2240 vel

229 2253 308 2296 vici
338 2254 402 2296 vel
433 2253 746 2307 cuiuscumque
774 2253 861 2296 loci
901 2253 1102 2308 colligere
1132 2259 1210 2296 aut
1239 2254 1461 2297 celebrare
1492 2266 1564 2296 co-

228 2314 366 2352 netur.
438 2320 539 2351 nam
576 2308 613 2352 si
649 2309 744 2363 quis
783 2308 946 2363 aliquid
985 2313 1140 2351 contra
1177 2310 1293 2364 leges
1327 2322 1354 2352 a
1384 2309 1566 2364 quibus·

229 2365 326 2407 dam
357 2364 440 2407 sibi
470 2364 689 2407 existimet
716 2365 972 2420 perpetrari,
1003 2364 1134 2407 liceat
1164 2365 1204 2407 ei
1228 2364 1348 2408 adire
1378 2364 1567 2408 iudicem

227 2427 270 2464 et
298 2421 534 2475 legitimum
561 2419 785 2475 postulare
814 2419 1093 2475 praesidium.
1169 2420 1310 2464 sciant
1338 2432 1443 2463 sane
1473 2433 1565 2463 om-

228 2489 326 2528 nes,
365 2476 504 2532 quod,
546 2476 583 2519 si
627 2475 721 2530 quis
760 2480 914 2519 contra
942 2476 1071 2519 huius
1102 2475 1234 2519 edicti
1263 2488 1458 2520 normam
1489 2480 1567 2518 aut

228 2544 356 2586 agere
407 2531 573 2586 aliquid
627 2537 706 2574 aut
757 2531 1013 2575 seditionem
1050 2544 1223 2576 movere
1275 2532 1563 2631 temptaverit,

231 2588 377 2630 ultimo
409 2587 622 2687 suquplicio
652 2586 911 2631 subiacebit.
971 2586 1023 2630 D.
1048 2599 1113 2630 III
1141 2588 1198 2631 icl.
1233 2586 1316 2630 Iul.
1378 2588 1565 2630 'onscan-

233 2643 421 2702 tinopoli
503 2644 687 2688 aroiano
720 2645 771 2687 A.
804 2655 921 2686 cons.
1371 2644 1430 2696 [a.
1463 2642 1562 2692 451]

286 2698 317 2747 6
349 2699 495 2756 ⁹·Imp.
533 2700 622 2742 Leo
655 2703 705 2741 A.
728 2698 948 2756 Erythrio
971 2710 1055 2761 pp.
1115 2695 1346 2739 Praesenti
1374 2698 1468 2750 lege
1499 2697 1573 2740 de-

233 2753 446 2799 cernimus
483 2764 562 2806 per
598 2754 743 2795 omnia
771 2753 869 2795 loca
896 2753 1084 2795 vahtura
1113 2757 1315 2807 (excepta
1343 2753 1427 2797 hac
1457 2755 1566 2797 urbe

230 2807 370 2859 regia,
410 2807 454 2848 in
492 2819 578 2861 qua
616 2820 698 2849 nos
735 2807 957 2851 divinitate
987 2807 1180 2862 propitia
1210 2808 1427 2862 degentes,
1460 2822 1564 2862 quo-

232 2862 342 2903 tiens
386 2875 490 2904 usus
536 2861 744 2915 exegerit,
790 2862 982 2905 invocati
1026 2862 1204 2917 singulis
1251 2864 1395 2906 causis
1435 2868 1566 2919 atque

233 2916 431 2971 personis
470 2922 785 2971 praesentanea
825 2917 1063 2960 constituta
1131 2922 1389 2970 raestamus)
1422 2920 1565 2962 nullos

234 2972 405 3026 penitus
444 2972 755 3026 cuiuscumque
791 2972 1059 3015 condicionis
1119 2986 1142 3016 e
1170 2975 1465 3017 sacrosanctis
1496 2988 1564 3017 ec-

235 3027 375 3070 clesiis
420 3027 689 3070 orthodoxae
732 3027 834 3070 fidei
876 3027 1034 3083 expelli
1086 3032 1164 3071 aut
1202 3029 1317 3070 tradi
1354 3029 1421 3072 vel
1463 3043 1565 3084 pro·

233 3083 349 3125 trahi
401 3082 611 3136 confugas
655 3094 735 3124 nec
778 3095 858 3137 pro
911 3083 978 3126 his
1023 3083 1288 3127 venerabiles
1334 3084 1565 3140 episcopos

233 3143 309 3181 aut
345 3138 567 3192 religiosos
607 3150 868 3182 oeconomos
907 3139 1040 3193 exigi,
1080 3151 1192 3193 quae
1229 3139 1470 3182 debeantur
1510 3142 1564 3184 ab

233 3194 313 3236 eis:
356 3195 428 3249 qui
457 3194 541 3236 hoc
571 3192 710 3236 moliri
739 3198 816 3236 aut
843 3193 990 3237 facere
1018 3198 1096 3236 aut
1125 3194 1244 3237 nuda
1273 3196 1417 3238 saltim
1448 3197 1564 3251 cogi-

233 3250 397 3292 tatione
434 3254 565 3304 atque
605 3252 800 3292 tractatu
837 3249 935 3292 ausi
972 3249 1136 3292 fuerint
1170 3254 1404 3305 temptare,
1445 3253 1564 3307 capi-

233 3305 311 3348 tali
365 3309 409 3348 et
456 3305 607 3348 ultima
655 3318 736 3360 sup
769 3303 860 3347 licii
915 3305 1289 3349 animadversione
1344 3306 1567 3362 plectendi

233 3365 346 3404 sunt.
412 3373 466 3404 ex
502 3360 570 3403 his
610 3372 710 3414 ergo
756 3360 847 3404 ocis
880 3373 1116 3416 eorumque
1144 3361 1318 3413 finibus,
1349 3375 1460 3416 quos
1490 3376 1565 3406 an—

233 3417 441 3459 teriorum
468 3416 607 3470 legum
667 3415 908 3470 raescripta
936 3420 1195 3470 sanxerunt,
1233 3418 1377 3461 nuHos
1407 3419 1566 3474 expelli

234 3477 310 3514 aut
340 3472 421 3515 eici
450 3472 626 3526 aliquan
658 3484 683 3514 o
713 3472 904 3526 patimur
941 3485 1023 3515 nec
1059 3472 1106 3515 in
1134 3472 1242 3528 ipsis
1273 3473 1466 3518 ecclesiis
1496 3487 1564 3518 re-

234 3527 431 3570 verendis
471 3528 534 3570 ita
562 3539 821 3582 quemquam
850 3527 1031 3571 detineri
1069 3532 1199 3582 atque
1234 3529 1483 3584 constringi.
1517 3535 1566 3573 ut

233 3581 275 3625 ei
316 3583 479 3638 aliquid
520 3587 599 3626 aut
639 3582 889 3626 victualium
924 3596 1070 3626 rerum
1106 3588 1184 3626 aut
1211 3585 1344 3628 vestis
1383 3590 1565 3641 negetur

238 3642 255 3680 1
317 3642 394 3681 aut
429 3638 612 3693 requies.
682 3637 767 3681 Sed
802 3638 840 3682 si
876 3638 1049 3694 quidem
1083 3639 1168 3695 ipsi
1212 3640 1389 3696 refugae
1425 3654 1563 3697 appa-

233 3698 332 3737 rent
371 3693 545 3749 publice
582 3698 626 3737 et
664 3706 711 3738 se
748 3693 796 3737 in
824 3694 962 3738 sacris
994 3695 1102 3739 locis
1133 3694 1323 3740 offerunt
1351 3709 1563 3752 quaeren-

234 3836 284 3887 (1)
313 3830 339 3886 ἦ
368 3835 441 3875 ins.
459 3834 566 3887 Eph.

233 3891 286 3941 (3)
315 3890 428 3930 basso
465 3892 505 3930 et
533 3890 726 3930 antiocho
764 3902 890 3930 conss.
930 3892 1076 3943 scripsi
1111 3907 1158 3932 ex
1196 3907 1300 3933 more
1329 3893 1558 3945 compilato-

233 3962 330 3994 rum,
348 3946 539 3985 antiocho
554 3958 614 3986 vc.
630 3958 738 3987 cons.
756 3948 797 3985 et
811 3945 883 3997 qui
897 3945 1024 3986 fuerit
1039 3946 1253 3987 nuntiatus
1273 3949 1368 3989 Th„-
1394 3949 1435 3989 in
1452 3948 1558 4002 pr.

233 4002 493 4042 subscribitur
522 4003 619 4050 dies,
650 4017 725 4055 quo
757 4002 824 4042 leae
848 4003 1058 4055 proposita
1083 4011 1150 4051 est,
1181 4004 1263 4043 scil.
1290 4013 1362 4045 VII
1382 4004 1436 4044 id.
1452 4003 1559 4044 Mai.

236 4058 334 4097 anni
347 4058 515 4097 eiusdem
602 4060 652 4106 (4)
689 4058 760 4097 Th.
776 4058 815 4109 9,
832 4066 888 4109 45,
906 4066 927 4098 5
1026 4057 1080 4109 (5)
1109 4059 1167 4098 sic
1202 4057 1289 4109 Th„
1318 4059 1498 4099 hemerio
1515 4059 1562 4107 S,

235 4111 377 4152 imerio
412 4113 454 4163 C,
485 4112 657 4153 erminio
687 4113 728 4152 R
887 4114 940 4163 (6)
971 4111 1203 4166 abripiendi
1242 4114 1563 4165 extrahendique

241 4168 282 4218 C,
308 4167 509 4219 eripiendi
534 4167 853 4219 extrahendique
878 4170 931 4217 R,
956 4167 1265 4221 abripiendique
1286 4171 1358 4211 Th.
1438 4171 1492 4223 (Ἰ)
1506 4171 1565 4210 sic

239 4223 327 4273 Th„
357 4222 506 4274 configi
537 4224 630 4265 libri
735 4226 790 4276 (8)
813 4225 874 4265 sic
897 4224 1039 4275 MTA,
1065 4223 1269 4265 conflandi
1289 4225 1473 4266 criminis
1493 4225 1565 4266 CR

700 3835 751 3886 (2)
781 3837 860 3875 καί
876 3835 962 3886 Th„
990 3829 1017 3886 ἢ
1047 3837 1124 3876 καί
1135 3835 1254 3889 ΕρῘι.,
1284 3834 1349 3877 vel
1365 3852 1442 3878 rec.
1460 3837 1555 3877 Lat.

1245 4325 2895 4342 ———-—-——-—-=—.——-———-——————-—.———-——————o·

238 4389 261 4426 4
319 4399 546 4429 armorum
578 4386 813 4444 praesidio
857 4387 1126 4431 muniantur.
1194 4387 1276 4432 Sin
1313 4394 1460 4435 autem
1497 4402 1565 4434 eo-

239 4438 482 4500 elesiastica
521 4455 625 4486 voce
660 4443 816 4486 moniti
836 4449 948 4500 post
976 4448 1043 4487 tot
1071 4447 1305 4501 tantasque
1333 4445 1565 4489 denuntia-

242 4499 377 4537 tiones
416 4510 541 4540 arma
580 4511 670 4541 non
708 4497 954 4556 deponant,
990 4498 1179 4556 placata
1219 4500 1436 4556 reliqione
1463 4505 1565 4544 eta

241 4556 392 4610 nostra
434 4553 670 4596 serenitate
711 4558 755 4597 et
796 4553 850 4596 ab
889 4554 1111 4612 episeopis
1151 4556 1441 4600 excusatione
1479 4555 1562 4599 deo

242 4602 413 4646 reddita
443 4609 625 4651 armatis
653 4609 921 4653 intromissis
949 4608 1264 4654 abstrahentur
1289 4615 1334 4656 et
1362 4611 1564 4656 omnibus

2001 171 2073 209 DE
2109 173 2200 212 ms
2240 171 2336 219 QUI
2374 170 2460 206 AD·
2495 167 2783 207 ECCLESIAS
2823 165 2986 206 CONF-

1650 304 1771 347 tibus
1815 304 2132 351 conveniendos
2148 340 2158 360 ‚
2202 308 2310 364 ipsi,
2355 311 2529 352 servata
2575 307 2683 353 locis
2725 308 2980 362 reverentia,

1650 358 1843 402 iudicum
1882 359 2055 414 quibus
2079 363 2307 408 subiacent
2343 362 2570 407 sententiis
2600 370 2872 416 moneantur,
2910 377 2980 408 re-

1651 427 1861 470 sponsum
1905 414 2071 468 daturi,
2154 419 2254 463 uale
2297 419 2381 463 sibi
2423 419 2607 474 quisque
2662 419 2934 484 perspexerit
2948 420 2982 446 ¹⁰

1652 474 1675 513 2
1734 470 1977 514 convenire.
2036 471 2130 527 Quo
2191 476 2229 518 si
2258 474 2302 518 in
2329 474 2489 518 finibus
2529 473 2838 520 ecclesiasticis
2881 474 2982 518 lati·

1649 530 1766 578 tant,
1822 525 2046 581 religiosus
2097 541 2361 574 oeconomus
2404 542 2484 574 seu
2526 528 2732 573 defensor
2772 529 2986 574 ecclesiae

1652 581 1717 624 vel
1732 583 1761 607 ¹¹
1795 586 1926 633 certe,
1958 594 2084 636 quem
2113 584 2181 628 his
2210 586 2394 640 negotiis
2427 583 2763 628 commodiorem
2792 584 2985 629 auctori-

1651 640 1720 679 tas
1753 637 2014 692 episcopalis
2045 639 2233 694 elegerit,
2263 640 2534 685 reconditam
2563 640 2857 696 latentemque
2885 651 2986 696 per-

1651 704 1803 736 sonam
1843 691 2047 736 decenter
2082 694 2175 741 sine
2214 696 2303 740 ullo
2333 695 2605 740 incommodo
2635 695 2840 748 monitus,
2870 695 2988 740 intra.

1652 752 1675 791 3
1734 747 1843 790 fines
1873 748 2083 792 ecclesiae
2113 750 2150 794 si
2177 751 2409 804 invenitur,
2444 754 2710 807 praesentet.
2770 750 2879 794 Cum
2907 763 2986 794 au-

1651 808 1738 867 tem
1775 802 1969 868 monitus
2008 803 2140 848 fuerit
2177 806 2223 850 in
2261 808 2438 862 publico
2485 807 2709 862 privatove
2755 811 2987 850 contractu

1651 863 1824 902 actione
1855 859 1984 910 civili,
2014 859 2060 903 in
2089 860 2180 905 eius
2209 862 2266 905 sit
2294 863 2473 906 arbitrio
2505 863 2594 907 sive
2624 874 2703 918 per
2732 873 2780 905 se
2818 873 2910 914 seu,
2950 860 2988 904 si

1650 915 1787 969 magis
1817 913 2016 969 elegerit,
2055 915 2270 962 instructo
2309 919 2578 962 sollemniter
2605 923 2894 973 procuratore
2923 916 2988 960 di-

1651 976 1771 1013 recto
1802 969 1849 1012 in
1878 969 1971 1013 eius
2001 970 2178 1023 iudicis,
2218 973 2343 1018 cuius
2372 974 2575 1030 pulsatur
2605 973 2846 1027 sententiis,
2884 983 2986 1016 exa-

1651 1030 1676 1068 4
1734 1025 1849 1068 mine
1887 1026 2167 1090 respondere.
2232 1027 2318 1072 Sed
2363 1030 2402 1073 si
2448 1030 2533 1073 hoc
2579 1029 2728 1072 facere
2770 1027 2990 1072 detractat

1652 1085 1729 1124 aut
1766 1079 1924 1134 differt,
1963 1081 2225 1126 iudiciorum
2259 1084 2489 1140 legumque
2518 1085 2674 1129 solitus
2705 1084 2813 1128 ordo
2843 1095 2988 1127 serve·

1652 1141 1735 1180 tur.
1800 1136 1948 1191 itaque
1985 1137 2024 1180 si
2058 1149 2129 1181 res
2164 1138 2408 1183 immobiles
2435 1140 2651 1205 possidet,
2692 1144 2795 1196 post
2823 1138 2988 1183 edicto·

1650 1207 1746 1235 rum
1785 1192 2013 1236 sollemnia
2052 1194 2321 1237 sententia¹2
2358 1194 2593 1239 iud1cantis
2634 1208 2773 1251 usque
2810 1193 2868 1238 ad
2896 1206 2988 1237 mo-

1652 1248 1753 1291 dum
1796 1247 1932 1291 debiti
1974 1248 2190 1292 bonorum
2231 1249 2325 1293 eius
2364 1251 2453 1293 sive
2492 1251 2770 1306 praediorum
2813 1249 2989 1294 traditio

1651 1309 1674 1347 5
1741 1316 1820 1347 seu
1863 1303 2054 1347 venditio
2108 1305 2364 1348 celebretur.
2447 1305 2574 1360 Quod
2616 1307 2655 1350 si
2696 1318 2766 1350 res
2808 1305 2990 1349 mobiles

1651 1360 1785 1403 habet
1815 1372 1976 1414 easque
2006 1362 2132 1402 extra
2161 1360 2369 1404 terminos
2399 1362 2594 1404 occultat
2628 1361 2854 1414 ecclesiae,
2893 1373 2990 1405 sen·

1650 1416 1790 1458 tentia
1829 1415 2064 1459 iudicantis
2095 1418 2140 1458 et
2170 1416 2438 1460 exsecutoris
2479 1416 2772 1461 sollicitudine
2815 1415 2990 1473 perqui-

1651 1471 1771 1523 sitae,
1804 1483 2078 1526 quocumque
2109 1471 2409 1522 occultantur,
2450 1477 2602 1515 erutae
2638 1485 2719 1527 pro
2754 1470 2990 1526 aequitatis

1650 1527 1824 1570 tramite
1859 1527 2076 1591 modoque
2116 1527 2252 1571 debiti
2286 1527 2473 1582 publicis
2513 1527 2757 1572 rationibus
2790 1527 2991 1583 privatis·

1652 1588 1676 1626 6
1735 1595 1819 1637 que
1854 1582 2101 1639 proficiant.
2169 1583 2285 1626 Sane
2323 1583 2359 1626 si
2388 1584 2505 1626 intra
2533 1583 2643 1627 fines
2671 1583 2892 1628 habentur
2918 1594 2991 1627 ec-

1651 1638 1811 1682 clesiae
1849 1639 1917 1682 vel
1956 1639 2074 1693 apud
2114 1639 2351 1693 quemlibet
2386 1651 2440 1682 ex
2490 1639 2660 1682 clericis
2706 1637 2994 1683 absconditae

1651 1695 1740 1737 sive
1770 1694 1997 1750 depositae
2026 1694 2162 1737 fuisse
2192 1695 2435 1746 firmantur,
2468 1695 2613 1738 studio
2643 1699 2689 1738 et
2773 1693 2992 1738 ovidentia

1650 1750 1731 1793 viri
1760 1750 2097 1793 reverentissimi
2134 1750 2358 1794 oeconomi
2387 1750 2478 1794 sive
2509 1750 2751 1794 defensoris
2782 1750 2993 1794 ecclesiae

1651 1805 1875 1860 diligentia
1913 1805 2149 1860 inquisitae
2185 1805 2378 1860 quolibet
2415 1806 2544 1850 modo
2575 1805 2633 1849 ad
2662 1810 2993 1851 sacrosanctam

1651 1861 1882 1904 ecclesiam
1922 1861 2225 1916 pervenientes
2267 1861 2568 1916 proferantur,
2620 1865 2668 1905 ut
2703 1862 2802 1918 pari
2843 1861 2992 1917 aequi-

1651 1917 1753 1960 tatis
1799 1917 1952 1960 ordine
1998 1930 2052 1960 ex
2093 1917 2231 1961 isdem
2278 1918 2401 1960 bonis
2448 1917 2555 1961 fisco
2594 1918 2661 1961 vel
2697 1917 2760 1960 rei
2787 1917 2994 1973 publicae

1651 1973 1741 2016 sive
1780 1973 2069 2016 creditoribus
2112 1977 2156 2016 et
2195 1973 2538 2028 quibuscumque
2575 1972 2702 2016 iustis
2733 1972 2992 2028 petitoribus

1653 2033 1675 2071 7
1745 2028 1801 2071 ad
1849 2028 2026 2072 modum
2065 2028 2201 2072 debiti
2239 2029 2510 2072 consulatur.
2579 2028 2730 2072 Sicubi
2768 2027 2993 2084 depositae

1651 2083 1719 2127 vel
1759 2084 2085 2127 commendatae
2122 2084 2349 2135 dicuntur,
2386 2084 2633 2139 inquirendi
2672 2089 2840 2128 tantam
2868 2083 2990 2128 volu-

1651 2153 1746 2183 mus
1786 2152 1884 2184 esse
1923 2140 2202 2191 cautelam23,
2241 2145 2308 2191 ut,
2349 2140 2388 2183 si
2425 2140 2519 2184 sola
2548 2139 2844 2196 suspicatione
2873 2138 2992 2195 apud

1651 2195 1840 2250 aliquem
1879 2196 2140 2239 adserantur
2177 2196 2485 2250 absconditae,
2526 2195 2580 2239 de
2616 2208 2698 2239 sua
2727 2196 2857 2239 etiam
2887 2207 2992 2239 con-

1652 2251 1836 2294 scientia
1877 2251 2134 2295 satisfacere
2173 2252 2437 2295 auctoritate
2475 2251 2734 2295 venerabilis
2782 2250 2992 2294 antistitis

1653 2310 1675 2350 8
1733 2306 1950 2350 iubeatur.
2020 2307 2295 2359 Adicientes,
2336 2307 2454 2363 quod
2483 2320 2556 2359 ea,
2597 2320 2711 2362 quae
2744 2306 2799 2350 de
2826 2306 2990 2362 princi-

1650 2362 1825 2417 palibus
1855 2362 2055 2418 personis
2086 2362 2369 2415 decrevimus,
2401 2362 2580 2406 etiam¹⁴
2607 2363 2654 2406 in
2682 2362 2992 2406 fideiussorum

1651 2418 1741 2461 sive
1771 2417 2083 2461 mandatorum
2106 2430 2183 2461 seu
2211 2430 2356 2461 rerum
2394 2419 2452 2461 ad
2482 2431 2555 2462 eos
2585 2418 2895 2474 pertinentium
2924 2417 2991 2462 vel

1652 2473 1931 2516 familiarium
1974 2477 2018 2516 et
2047 2473 2267 2517 sociorum
2312 2473 2379 2516 vel
2421 2473 2684 2529 participum
2728 2476 2773 2518 et
2816 2473 2990 2518 omnino

1650 2529 1695 2571 in
1739 2529 1881 2572 isdem
1922 2529 2066 2572 causis
2111 2529 2399 2573 obnoxiorum
2448 2529 2647 2585 personis
2697 2529 2989 2585 praecipimus

1651 2585 1893 2636 observari,
1939 2584 2106 2628 scilicet
2141 2585 2180 2628 si
2217 2585 2337 2640 ipsos
2409 2598 2552 2640 uoque
2591 2598 2739 2629 secum
2777 2584 2991 2640 confugae

1650 2641 1766 2683 intra
1810 2640 2096 2684 ecclesiarum
2139 2641 2348 2684 terminos
2424 2641 2554 2684 abere
2584 2641 2812 2693 voluerint,
2851 2644 2902 2684 ut
2937 2652 2992 2684 ex

1651 2709 1802 2740 eorum
1841 2709 2015 2752 quoque
2055 2697 2183 2739 bonis
2221 2697 2400 2751 publica
2439 2696 2587 2740 debita
2616 2697 2874 2752 privataque
2902 2695 2990 2740 sol-

1651 2756 1809 2794 vantur
1849 2757 1893 2794 et
1931 2765 2011 2806 per
2046 2765 2122 2795 eos
2160 2763 2305 2794 rerum
2342 2752 2605 2807 ubicumque
2634 2751 2858 2807 depositae
2888 2755 2992 2796 sunt

1650 2807 1863 2861 procedat
1914 2807 2150 2861 inquisitio.
2225 2811 2270 2850 et
2321 2808 2430 2851 haec
2481 2808 2654 2863 quidem
2697 2807 2754 2851 de>
2792 2806 2990 2862 ingenuis

1651 2866 1675 2904 9
1707 2866 1763 2914 (5)
1820 2862 2055 2917 liberisque
2084 2862 2297 2917 personis.
2367 2863 2480 2907 Sane
2518 2864 2556 2907 si
2585 2876 2736 2908 servus
2764 2868 2842 2907 aut
2872 2863 2989 2906 colo-

1651 2931 1734 2960 nus
1760 2918 1827 2959 vel
1851 2917 2173 2972 adscripticius,
2204 2918 2430 2962 familiaris
2458 2919 2547 2962 sive
2572 2919 2758 2962 libertus
2781 2923 2825 2962 ct
2839 2918 2989 2962 huius-

1649 2972 1767 3015 modi
1806 2973 1954 3028 aliqua
1991 2985 2180 3028 persona
2217 2973 2458 3017 domestica
2496 2975 2565 3017 vel
2603 2974 2849 3019 condicioni
2884 2974 2990 3018 sub-

1651 3028 1740 3071 dita
1780 3028 2084 3083 conquassatis
2123 3029 2255 3072 rebus
2293 3029 2425 3072 certis
2465 3034 2596 3084 atque
2637 3030 2874 3073 subtractis
2913 3033 3007 3073 aut*

1651 3096 1699 3127 se
1734 3083 1876 3139 ipsum
1913 3083 2087 3127 furatus
2124 3084 2181 3127 ad
2217 3089 2501 3128 sacrosancta
2540 3097 2586 3128 se
2616 3085 2851 3128 contulerit
2877 3084 2988 3150 loca²

1649 3140 1798 3182 statim
1829 3141 1903 3182 a¹⁵
1931 3139 2145 3193 religiosis
2176 3140 2423 3184 oeconomis
2454 3140 2543 3183 sive
2563 3140 2882 3192 defensoribus,
2913 3140 2990 3184 ubi

1649 3195 1838 3250 primum
1880 3195 1965 3238 hoc
2010 3195 2123 3238 scire
2164 3196 2402 3251 potuerint,
2480 3208 2528 3239 er
2570 3208 2645 3240 eos
2689 3195 2891 3240 videlicet
2933 3194 2991 3239 ad

1649 3263 1760 3348 quos
1799 3250 2040 3305 pertinent,
2081 3252 2187 3307 ipsis
2225 3252 2444 3307 praesenti
2477 3265 2529 3295 us
2568 3264 2649 3306 pro
2690 3250 2990 3296 ecclesiastica}

1678 3306 1882 3360 isciplina
1918 3311 1962 3349 et
1991 3307 2210 3360 ‘qualitate
2247 3306 2466 3350 commissi
2504 3311 2582 3350 aut
2619 3306 2784 3354 ultione
2815 3319 2988 3363 compe-

1649 3362 1758 3404 tenti
1795 3364 1874 3405 aut
1906 3361 2221 3406 intercessione
2261 3362 2574 3406 humanissima
2602 3361 2879 3418 procedente,
2917 3374 2987 3406 re-

1650 3417 1854 3461 missione
1898 3417 2050 3461 veniae
2093 3422 2138 3461 et
2179 3418 2444 3462 sacramenti
2487 3418 2800 3462 interveniente
2843 3417 2988 3462 securi

1650 3472 1706 3516 ad
1750 3473 1895 3517 locum
1940 3477 2189 3528 statumque
2226 3474 2452 3530 proprium
2495 3477 2794 3527 revertantur,
2838 3473 2984 3528 rebus,

1649 3541 1758 3584 quas
1803 3542 1949 3573 secum
1992 3529 2249 3582 habuerint,
2292 3529 2593 3572 reformandis.
2667 3529 2829 3573 diutius
2871 3528 2986 3572 enim

1647 3597 1723 3628 eos
1767 3585 1884 3628 intra
1929 3585 2158 3629 ecclesiam
2200 3597 2288 3627 non
2342 3584 2544 3627 convenit
2595 3584 2877 3637 commorari,
2930 3596 2986 3628 ne

1648 3640 1844 3695 patronis
1874 3653 1953 3683 seu
1979 3639 2164 3683 dominis
2189 3652 2269 3704 per
2294 3639 2488 3694 ipsorum
2512 3639 2753 3683 absentiam
2775 3639 2984 3695 obsequia

1647 3697 1765 3740 iusta
1803 3695 2071 3751 denegentur
2108 3699 2153 3738 et
2187 3695 2272 3750 1psi
2310 3708 2389 3750 per
2417 3695 2740 3739 incommodum
2769 3694 2983 3739 ecclesiae

1640 3840 1696 3889 (9)
1727 3834 1928 3876 transiliit
1954 3835 2018 3886 As,
2047 3833 2243 3887 prosiluit
2274 3832 2317 3885 C,
2348 3833 2575 3873 transilivit
2603 3832 2659 3879 R,
2688 3831 2882 3872 transivit
2912 3831 2983 3872 Th.

1636 3895 1715 3944 (θ’)
1746 3894 1866 3947 iunye
1888 3894 1922 3943 1,
1939 3900 1974 3943 3,
1992 3900 2046 3933 27.
2066 3892 2106 3943 9,
2123 3899 2183 3942 3ο,
2202 3898 2221 3930 2
2281 3892 2356 3942 (ιο)
2388 3889 2643 3942 prospexerit
2669 3889 2767 3930 libri
2820 3890 2888 3938 (11)
2918 3885 2985 3927 vel

1638 3948 1713 3991 M·
1743 3963 1828 3989 cum
1866 3948 2010 3999 Consi,
2042 3963 2114 3988 om.
2147 3945 2345 3987 PCRMa
2433 3950 2506 3996 (12)
2536 3944 2752 3985 sollemnia
2780 3942 2985 3983 sententia

1635 4006 1785 4058 scripsi
1806 4005 2044 4045 auctoritate
2077 4003 2134 4054 B,
2175 4001 2374 4043 solemnia
2404 4004 2445 4042 et
2477 4001 2722 4042 sententiam
2750 3999 2800 4052 P,
2837 3997 2984 4039 solem-

1636 4062 1754 4102 nium
1782 4059 2023 4101 citationem
2052 4058 2258 4099 sententia
2293 4059 2366 4100 CR
2451 4059 2525 4108 (13)
2554 4054 2794 4108 inquirendi
2824 4056 2983 4094 tantam

1637 4130 1672 4158 v.
1695 4129 1729 4157 e.
1754 4115 1956 4156 cautelam
1979 4114 2055 4168 Rb,
2085 4114 2336 4167 inquirenda
2360 4117 2523 4154 tantum
2550 4125 2586 4152 v.
2606 4126 2639 4154 e.
2671 4109 2832 4152 cautela
2854 4110 2982 4161 PLC,

1636 4172 1879 4224 inquirendi
1908 4174 2025 4212 tanta
2054 4184 2092 4212 v.
2124 4184 2157 4212 e.
2189 4170 2323 4211 tutela
2350 4170 2416 4211 Ra
2542 4171 2614 4220 (14)
2655 4168 2778 4208 etiam
2806 4164 2869 4208 Rb
2899 4180 2983 4207 cum

1637 4229 1693 4278 B,
1726 4244 1799 4270 om.
1828 4228 1968 4270 PCR⁶
2083 4229 2158 4280 (15)
2185 4239 2208 4266 a
2238 4224 2300 4267 Εὖ
2330 4242 2414 4267 cum
2453 4226 2502 4276 B,
2535 4241 2606 4265 om.
2636 4223 2775 4266 PCR⁰

1648 4391 1672 4431 5
1731 4386 1908 4431 casibus
1943 4384 2204 4430 subdantur.
2272 4381 2364 4427 Sed
2395 4394 2537 4437 neque
2565 4380 2732 4437 absque
2759 4377 2977 4443 sententia

1647 4440 1718 4488 vel
1738 4442 1937 4486 iussione
1964 4440 2164 4499 episcopi
2187 4442 2232 4484 et
2252 4441 2408 4482 nostra
2423 4435 2704 4492 iudicumque
2718 4446 2794 4498 qut
2815 4446 2863 4477 tn
2892 4432 2978 4477 hac

1647 4496 1754 4542 urbe
1780 4498 1848 4542 vel
1867 4496 2129 4553 ubicumque
2150 4499 2256 4538 sunt
2279 4496 2498 4537 armatum
2517 4491 2572 4535 ab
2589 4490 2784 4535 ecclesus
2799 4494 2976 4552 oportet

1647 4552 1860 4605 abstrahi,
1873 4565 1941 4604 ne,
1956 4552 1996 4595 si
2011 4550 2161 4594 multis
2165 4548 2340 4608 passim
2357 4546 2460 4591 talis
2475 4545 2653 4590 lieentia
2668 4543 2880 4608 adversus
2897 4557 2974 4591 mc:

1644 4620 1771 4654 seros
1793 4607 1936 4659 detur,
1964 4605 2172 4663 confusio
2198 4617 2252 4648 ao
2266 4601 2551 4663 perturbatio
2566 4615 2620 4646 ea
2635 4614 2696 4646 ex
2715 4613 2765 4644 re
2785 4604 2969 4644 ortatur.
