3054 4796
123 129 159 155 1:⁷2*

52 171 244 230 ‘1331
267 184 479 223 mmm
517 182 868 224 sxcnr'rrous

83 4137 88 4143 ·
145 4114 225 4155 PR
312 4114 367 4164 (5)
396 4113 454 4153 sic
477 4112 529 4157 A,
561 4110 743 4150 actiones
767 4110 884 4151 PCR

166 154 169 162 1

157 375 274 433 quod
301 381 405 432 post
436 377 730 434 cognitionem
757 375 1037 421 novissimam
1066 379 1245 433 triginta
1277 395 1492 427 annorum

155 431 347 497 spatium
385 432 633 489 effluxerit,
677 438 724 477 et
759 433 1011 477 huiusmodi
1055 437 1310 492 exceptione
1354 453 1492 496 oppo-

154 492 241 534 sita
281 501 387 533 suas
427 489 634 534 fortunas
672 489 730 534 ad
767 488 879 533 alios
908 490 1149 535 translatas
1178 493 1374 539 videntes
1402 509 1492 540 me-

160 548 175 587 l
235 543 321 589 rito
353 545 543 601 quidem,
575 547 669 591 sine
695 543 887 590 remedio
917 551 1065 589 autem
1093 548 1314 604 lugebant.
1365 551 1493 606 Quod

151 612 236 644 nos
278 602 547 657 corrigentes
587 601 771 646 eandem
810 602 1137 657 exceptionem,
1178 618 1290 661 quae
1328 620 1385 651 ex
1411 607 1491 650 tri-

151 655 275 711 ginta
303 658 432 702 annis
462 658 616 709 oritur,
647 657 695 701 in
715 656 968 701 huiusmodi
995 671 1100 702 casu
1128 663 1292 717 opponi
1318 662 1493 705 minime

151 712 366 777 patimur,
408 714 488 759 sed
523 714 629 758 licet
665 712 912 769 personalis
953 716 1068 759 act-io
1108 717 1164 760 ab
1204 718 1328 762 initio
1359 718 1494 762 fuerit

150 768 376 824 instituta,
416 775 564 813 tamen
603 781 700 813 eam
735 768 783 812 in
811 769 1193 826 quadragesimum
1223 787 1389 817 annum
1419 787 1492 817 ex-

151 824 394 881 tendimus,
435 839 534 870 cum
565 838 654 869 11011
683 824 744 869 sit
771 825 940 879 similis,
972 828 1045 883 qui
1073 830 1249 884 penitus
1279 831 1334 874 ab
1365 829 1491 873 initio

149 881 313 935 tacuit,
344 881 405 933 ei,
445 882 520 937 qui
550 885 596 925 et
622 881 970 937 postulationem
1000 884 1202 940 deposuit
1232 891 1276 930 et
1303 886 1350 929 in
1378 885 1491 929 iudi-

150 937 267 980 cium
294 937 415 981 venit
443 940 490 981 et
517 937 655 982 subiit
684 938 946 994 certamina,
986 940 1105 984 litem
1134 947 1282 985 autem
1310 942 1494 997 implere

149 995 173 1055 ζ).
231 1005 314 1048 per
355 992 570 1048 quosdam
615 1006 744 1038 casus
788 996 1073 1051 praepeditus
1112 1001 1193 1041 est.
1264 997 1351 1041 Sed
1389 997 1494 1040 licet

147 1060 246 1104 ipse
259 1053 388 1094 actor
412 1049 636 1102 defecerit,
663 1063 772 1095 suae
791 1053 1043 1107 posteritati
1064 1053 1315 1098 huiusmodi
1332 1065 1493 1098 causae

149 1117 330 1148 cursum
359 1118 458 1149 eum
486 1106 736 1162 relinquere
765 1120 900 1164 posse
930 1109 1175 1163 definimus,
1210 1115 1261 1152 ut
1292 1109 1385 1153 01118
1414 1109 1491 1151 he-

146 1160 328 1205 redibus
355 1161 424 1205 vel
449 1164 786 1208 successoribus
811 1164 942 1208 liceat
967 1178 1064 1209 eam
1086 1166 1342 1221 adimplere,
1369 1165 1491 1209 nullo

147 1219 172 1260 3
217 1216 347 1261 modo
370 1217 552 1273 triginta
574 1232 790 1264 annorum
806 1221 1067 1277 exceptione
1083 1222 1318 1267 sublatam.
1365 1220 1494 1276 Quod

145 1277 336 1328 tempus,
365 1273 411 1317 id
440 1277 510 1318 est
538 1276 830 1332 quadraginta
859 1290 1076 1322 annorum
1105 1278 1315 1333 spatium,
1356 1290 1411 1321 ex
1442 1290 1492 1320 00

144 1329 369 1394 numerari
412 1329 712 1387 decernimus,
758 1346 814 1377 ex
862 1347 947 1389 quo
992 1334 1231 1378 novissima
1273 1332 1495 1390 processit

149 1389 358 1440 cognitio,
389 1391 493 1441 post
522 1400 655 1442 quam
685 1394 872 1445 utraque
901 1404 1006 1446 pars
1038 1395 1238 1438 cessavit.
1300 1400 1358 1449 [a.
1390 1401 1487 1451 529]

710 1560 928 1610 XXXX.¹

142 1640 221 1680 DE
243 1641 464 1681 ANNALI
489 1640 863 1683 EXCEPTIONE
887 1643 1104 1682 ITALlCI
1129 1641 1492 1683 CONTRACTUS

143 1696 449 1738 TOLLENDA
491 1698 567 1738 ΕΤ
602 1698 679 1738 DE
720 1697 979 1738 DIVERSIS
1019 1698 1380 1738 TEMPORIBUS
1418 1699 1493 1737 ΕΤ

143 1751 608 1794 EXCEPTIONIBUS
660 1754 735 1793 ET
789 1753 1370 1794 PRAESCRIPTIONIBUS
1419 1754 1493 1793 ET

416 1809 479 1849 IN
482 1809 974 1850 TERRUPTIONIBUS
1004 1810 1218 1850 EARUM.

200 1889 224 1937 1
262 1889 398 1948 ²Imp.
423 1889 709 1935 Iustinianus
737 1892 788 1935 A.
816 1889 1001 1935 Iuliano
1023 1906 1108 1951 pp.
1169 1891 1314 1947 Super
1344 1891 1494 1934 annali

142 1946 417 2002 exceptione,
449 1959 564 2003 quae
594 1960 648 1990 ex
667 1947 836 1991 Italicis
868 1948 1175 1993 contractibus
1206 1948 1361 2000 oritur,
1393 1952 1492 1990 tan-

142 2009 214 2047 tae
242 2002 384 2047 moles
414 2002 756 2047 altercationum
784 2004 831 2047 in
868 2004 1074 2048 omnibus
1104 2003 1281 2048 iudiciis
1311 2008 1493 2047 exortae

140 2061 260 2112 sunt,
291 2064 481 2115 quantas
512 2065 556 2103 et
587 2060 836 2104 enumerari
872 2059 1052 2104 difficile
1083 2065 1127 2105 et
1155 2059 1387 2116 explanari
1413 2060 1491 2102 1111-

145 2121 160 2158 1
222 2116 437 2172 possibile
475 2121 558 2161 est.
617 2115 815 2160 Primum
852 2117 1017 2160 etenim
1057 2122 1247 2161 naturae
1287 2117 1381 2159 eius
1414 2116 1492 2159 ob-

141 2173 365 2216 servatio⁸
417 2186 518 2217 cum
571 2172 691 2216 omni
742 2173 1089 2229 scrupulositate
1137 2178 1182 2217 et
1226 2172 1492 2216 difficultate

142 2228 389 2284 composita
419 2232 507 2282 est,
547 2242 646 2272 cum
674 2229 817 2273 multa
846 2242 1115 2276 concurrere
1145 2230 1329 2282 debent,
1359 2234 1410 2272 ut
1441 2241 1493 2272 ea

144 2290 200 2328 la
256 2289 485 2329 nascatur.
534 2285 708 2328 Deinde
735 2285 847 2329 illud
875 2286 1070 2340 spatium
1100 2286 1262 2330 annale
1292 2285 1368 2329 alii
1396 2285 1491 2340 qui-

141 2340 241 2384 dem
275 2341 342 2385 ita
381 2341 520 2385 effuse
552 2340 978 2397 interpretabantur,
1009 2346 1061 2386 ut
1089 2342 1234 2398 possit
1263 2354 1404 2398 usque
1435 2340 1493 2383 ad

142 2397 405 2441 decennium
444 2397 642 2448 extendi,
683 2396 761 2441 alii
797 2397 1046 2441 iudicantes
1086 2411 1226 2453 usque
1267 2398 1325 2441 ad
1365 2397 1491 2452 quin-

142 2454 381 2509 quennium
419 2453 627 2497 standum
667 2466 764 2498 esse
803 2458 1087 2509 putaverunt.
1159 2459 1203 2497 et
1240 2455 1288 2497 in
1325 2453 1492 2496 nostris

143 2509 417 2565 temporibus
458 2510 636 2566 saepius
667 2523 803 2565 super
831 2511 1084 2554 huiusmodi
1115 2510 1288 2554 calculo
1319 2523 1347 2553 a
1375 2510 1490 2553 iudi-

141 2566 268 2610 cibus
292 2566 512 2610 variatum
535 2571 616 2619 est,
641 2567 759 2610 unde
781 2579 866 2610 1100
892 2566 1024 2610 facile
1051 2580 1179 2610 suum
1210 2566 1416 2610 effectum
1444 2566 1492 2609 in

147 2622 194 2666 lb
239 2622 390 2678 litigiis
416 2622 652 2667 ostendere
674 2622 929 2667 huiusmodi
955 2624 1158 2679 exceptio
1181 2623 1334 2667 valuit.
1383 2622 1493 2666 Cum

141 2678 291 2745 itaque
329 2679 459 2724 nobis
498 2679 613 2723 aliae
650 2680 918 2735 temporales
948 2679 1234 2735 exceptiones
1265 2680 1331 2722 vel
1359 2692 1491 2734 prae-

141 2735 406 2791 scriptiones
446 2735 694 2790 sufficiant,
734 2735 988 2780 huiusmodi
1029 2735 1368 2779 difficultatibus
1406 2734 1490 2777 illi-

141 2792 233 2848 gari
263 2796 418 2836 nostro
449 2792 674 2836 subiectos
699 2791 885 2847 imperio
910 2791 1089 2835 minime
1111 2792 1322 2856 patimur.
1369 2790 1490 2834 ideo-

141 2860 227 2904 que
265 2850 508 2891 memorata
548 2847 700 2891 annali
737 2847 996 2903 exceptione
1024 2851 1204 2904 penitus
1237 2848 1493 2904 quiescente

140 2904 256 2948 aliae
293 2917 444 2948 omnes
481 2904 702 2960 legitimae
741 2904 1028 2960 exceptiones
1065 2905 1136 2949 vel
1173 2903 1490 2960 praescriptio-

140 2973 219 3005 nes
249 2959 296 3004 in
333 2960 508 3004 iudiciis
539 2974 668 3006 suum
697 2960 889 3015 vigorem
929 2961 1209 3015 ostendant⁴,
1251 2960 1342 3004 sive
1377 2973 1491 3016 quae

140 3029 276 3073 super
299 3016 512 3061 decennio
538 3017 608 3061 vel
632 3017 786 3072 viginti
807 3017 877 3062 vel
897 3017 1080 3072 triginta
1101 3018 1169 3061 vel
1195 3017 1492 3072 quadraginta

141 3073 269 3117 annis
298 3073 580 3117 introductae
611 3077 738 3127 sunt,
777 3074 868 3117 sive
908 3086 1022 3129 quae
1054 3074 1299 3118 minoribus
1332 3074 1488 3129 spatiis

145 3133 194 3172 lc
222 3132 282 3182 (1)
340 3130 683 3173 concluduntur.
742 3130 814 3173 Ad
852 3130 964 3174 haec
1004 3143 1105 3173 cum
1141 3130 1254 3173 nihil
1283 3130 1492 3185 prohibet

142 3185 274 3228 etiam
317 3196 391 3238 ea,
445 3197 559 3240 quae
602 3185 796 3241 aliquam
840 3185 1161 3229 dubitationem
1205 3191 1490 3241 acceperunt,

143 3240 405 3284 clarioribus
454 3246 500 3284 et
539 3241 863 3296 compendiosis
908 3242 1216 3287 sanctionibus
1259 3254 1490 3295 renovare,

141 3297 345 3340 iubemus
391 3309 542 3340 omnes
586 3297 844 3352 personales
883 3296 1107 3350 actiones,
1154 3309 1264 3351 quas
1307 3298 1492 3341 verbosa

143 3352 424 3409 quorundam
451 3352 760 3407 interpretatio
791 3352 962 3396 iactare
992 3355 1120 3396 extra
1143 3356 1286 3396 metas
1310 3353 1492 3407 triginta

142 3421 360 3453 annorum
399 3410 669 3462 conabatur,
709 3408 895 3463 triginta
931 3420 1149 3452 annorum
1189 3408 1345 3463 spatiis
1385 3422 1491 3453 con-

145 3465 286 3516 cludi,
329 3464 416 3508 nisi
458 3464 680 3520 legitimus
723 3464 905 3517 modus,
957 3464 1034 3519 qui
1087 3470 1132 3507 et
1174 3465 1397 3508 veteribus
1448 3471 1492 3509 et

142 3521 308 3565 nostris
336 3521 509 3576 legibus
539 3522 822 3567 enumeratus
853 3522 945 3572 est,
983 3520 1351 3576 interruptionem
1381 3525 1491 3564 tem-

142 3577 266 3634 poris
304 3577 625 3620 introduxerit:
667 3577 764 3621 sola
803 3576 1126 3634 hypothecaria
1164 3576 1341 3620 actione
1383 3589 1491 3632 qua-

145 3633 202 3676 1d
258 3633 464 3688 draginta
493 3645 710 3676 annorum
738 3636 892 3677 utente
924 3632 1171 3676 curriculis.
1238 3633 1377 3676 Nemo
1406 3633 1492 3676 ita-

143 3702 229 3746 que
282 3690 448 3733 audeat
499 3701 640 3744 neque
693 3688 913 3733 actionis5
963 3688 1157 3732 familiae
1206 3688 1492 3732 erciscundae

143 3758 288 3800 neque
319 3745 538 3790 communi
568 3744 806 3789 dividundo
836 3757 981 3800 neque
1008 3744 1164 3788 finium
1194 3744 1493 3800 regundorum

142 3814 286 3857 neque
316 3814 399 3857 pro
432 3801 555 3845 socio
585 3813 728 3856 neque
755 3800 866 3844 furti
894 3813 1038 3857 neque
1067 3800 1112 3844 vi
1138 3801 1358 3845 bonorum
1387 3813 1490 3856 rap-

142 3863 290 3902 torum
328 3870 471 3913 neque
510 3857 694 3900 alterius
727 3857 1044 3913 cuiuscumque
1072 3857 1321 3914 personalis
1351 3856 1491 3900 actio—

144 4004 195 4055 (1)
223 4002 266 4042 Β
289 4004 356 4051 50,
383 4009 422 4041 15
443 4023 490 4027 0—
516 3999 578 4053 Cs.
595 3998 695 4051 Diq.
723 4001 792 4049 44,
816 4007 836 4039 3
918 4000 972 4050 (2)
994 4000 1114 4052 iunye
1133 4002 1169 4049 1,
1188 4008 1221 4050 2,
1239 4007 1283 4041 23
1368 3999 1420 4048 (3)
1435 3999 1494 4039 sic

144 4058 235 4108 AC,
258 4062 408 4097 natura
433 4055 520 4096 eius
545 4053 841 4094 observationis
855 4054 936 4095 PR
1021 4055 1074 4106 (1)
1090 4055 1254 4107 sicAG,
1271 4055 1494 4095 extendant

969 4110 1025 4162 (6)
1056 4110 1103 4150 111
1124 4111 1237 4162 Aca,
1266 4127 1338 4152 om.
1356 4108 1492 4152 1201>ss

146 4172 201 4223 (7)
226 4173 265 4221 7,
292 4178 352 4221 39,
380 4178 400 4210 9
475 4169 544 4219 (7⁸)
571 4166 755 4219 poterint
772 4167 868 4206 libri
948 4166 1004 4218 (s)
1019 4166 1226 4206 sancimus
1255 4197 1293 4208 ..
1310 4196 1319 4205 .
1347 4166 1491 4217 depro-

144 4228 261 4279 peret
286 4245 344 4261 ==
374 4227 407 4276 1,
427 4233 459 4275 4,
476 4232 515 4265 31
602 4225 659 4274 (9)
689 4233 848 4260 summa
878 4222 901 4261 l.
928 4237 1027 4274 yem.
1114 4223 1190 4273 (10)
1219 4223 1278 4262 sic
1319 4218 1492 4263 VACRb

147 4297 230 4322 cum
255 4282 280 4322 l.
296 4296 412 4335 9em.,
439 4292 515 4319 sua
538 4278 787 4319 auctoritate
812 4289 877 4316 eas
901 4289 966 4316 res
991 4289 1191 4329 usurpare
1205 4277 1275 4318 sed
1297 4279 1371 4319 ins.
1389 4277 1492 4317 PR⁰

147 4336 217 4387 (11)
249 4340 290 4376 et
317 4336 505 4377 sufficere
534 4366 544 4375 .
564 4367 574 4377 .
597 4366 604 4374 .
633 4332 980 4383 interruptionem
1007 4348 1079 4373 om.
1098 4333 1125 4374 l.
1142 4349 1240 4386 yem.
1318 4335 1394 4384 (12)
1421 4345 1492 4384 po-

147 4391 278 4432 tuerit
320 4393 353 4433 V
462 4393 540 4444 (13)
564 4389 630 4431 vel
658 4389 737 4430 def.
768 4388 949 4428 civitatis
978 4403 1051 4429 om.
1078 4388 1103 4428 l.
1128 4403 1225 4442 qem.
1342 4390 1417 4442 (14)
1447 4388 1492 4427 111

149 4462 222 4487 om.
253 4447 280 4488 l.
308 4463 409 4501 yem.
535 4448 611 4499 (15)
639 4444 879 4499 provinciae
908 4446 983 4485 ins.
1023 4442 1064 4483 V
1185 4444 1262 4496 (16)
1290 4446 1489 4497 subscrip--

150 4504 292 4543 tionem
321 4505 480 4545 restitui
507 4519 556 4544 ex
583 4502 812 4552 Russardo‚
847 4500 919 4552 qui
945 4501 986 4540 in
1018 4507 1199 4540 contextu
1230 4501 1384 4553 quidem
1419 4501 1489 4539 lea·

151 4559 214 4598 bet
252 4557 291 4598 d.
329 4558 678 4612 constantinopoli
715 4557 757 4599 k.
787 4558 866 4597 oct.
905 4556 999 4608 post
1033 4566 1142 4595 cons.
1183 4553 1305 4608 lamp.
1348 4559 1388 4595 et
1429 4569 1487 4595 or.

153 4625 214 4653 vv.
244 4625 324 4665 om,
363 4616 405 4655 in
442 4618 623 4669 marqine
654 4623 780 4655 autem
811 4612 1003 4652 adnotat:
1046 4610 1107 4650 ‘in
1138 4625 1215 4651 uno
1245 4627 1313 4652 ms.
1347 4612 1492 4664 leqitur

153 4680 206 4709 xv
238 4669 277 4707 k.
310 4681 405 4710 nov.
446 4671 507 4711 ita
543 4681 670 4712 autem
702 4668 860 4710 restitui
888 4667 995 4707 hanc
1023 4667 1172 4708 subscr.
1205 4681 1254 4708 ex
1284 4668 1308 4708 l.
1340 4667 1411 4708 ult.
1443 4667 1490 4707 de

236 4737 279 4771 u.

1470 173 1574 233 313

6 358 9 359 γ
41 301 103 381 J
144 319 365 379 :·-.1>ossint),
407 320 565 366 deinde
603 322 701 366 iure
733 333 814 366 suo
851 320 967 376 lapsi
1007 333 1101 365 0880
1128 323 1389 370 videbantur
1427 340 1493 383 eo,

2593 181 2692 235 VII
2729 185 2810 236 39.
2849 181 2912 234 40

1577 330 1646 373 nis
1677 330 1810 374 vitam
1847 329 2102 396 longiorem·
2121 343 2220 376 esse
2249 333 2427 389 triginta
2457 335 2583 379 annis
2611 334 2915 391 interpretari:

1578 386 1656 429 sed
1693 399 1748 430 ex
1787 399 1874 443 quo
1911 386 1968 430 ab
2006 386 2132 431 1nit10
2169 390 2376 445 competit
2405 394 2450 435 et
2478 393 2612 435 semel
2642 397 2749 435 nata
2777 395 2846 435 est
2875 395 2919 434 et

1577 455 1666 486 non
1706 443 1879 486 iteratis
1917 442 2082 486 fabulis
2121 455 2254 500 saepe
2285 452 2509 501 recreata,
2550 446 2918 502 quemadmodum

1577 498 1653 540 1116
1688 497 1797 542 furti
1835 498 2086 551 dicebatur,
2125 505 2229 554 post
2264 506 2554 546 memoratum
2582 506 2756 558 tempus
2784 501 2916 546 finiri.

1583 557 1629 596 le
1699 554 1913 610 Exceptis
1957 555 2161 599 omnibus
2205 557 2470 610 actionibus,
2514 558 2619 601 licet
2659 558 2919 612 personales

1577 608 1680 660 sint,
1711 623 1825 664 quae
1853 610 1901 653 in
1929 610 2140 654 iudicium
2166 611 2380 656 deductae
2407 616 2514 656 sunt
2541 617 2586 655 et
2608 610 2920 665 cognitionalis

1577 670 1850 727 acceperunt
1877 667 2118 709 certamina
2143 672 2186 710 et
2207 673 2365 723 postea
2387 668 2560 712 silentio
2585 666 2777 710 traditae
2801 670 2919 719 sunt,

1575 732 1622 761 m
1654 720 1815 773 quibus
1845 733 1934 764 non
1962 721 2164 776 triginta,
2205 724 2284 767 sed
2323 722 2618 777 quadraginta
2653 733 2794 763 annos
2824 733 2922 764 esse

1577 775 1899 828 expectandos,
1940 788 1996 819 ex
2035 791 2122 832 quo
2161 778 2449 821 novissimum
2486 776 2732 830 litigatores
2767 778 2920 819 tacue-

1577 831 1601 871 2
1659 834 1788 881 runt,
1832 835 1985 873 nostra
2012 831 2116 874 lex⁷
2146 838 2279 875 antea
2309 831 2616 887 promulgavit.
2676 830 2746 874 Ne
2774 835 2923 874 autem

1573 883 1833 939 imperfecta
1863 885 2032 928 sanctio
2062 886 2278 938 videatur,
2311 899 2412 930 cum
2441 887 2487 929 in
2510 886 2722 929 maternis
2748 886 2923 941 quidem

1574 940 1710 983 rebus
1754 939 1857 983 filiis
1899 939 2091 983 familias
2134 946 2338 996 tempora
2359 944 2365 952 ‘
2383 942 2693 996 exceptionum
2744 954 2924 985 currere

1575 995 1839 1051 dispositum
1864 1000 1974 1049 erat,
2006 1007 2058 1038 ex
2083 1009 2170 1051 quo
2196 996 2336 1040 sacris
2361 997 2561 1052 paternis
2588 997 2782 1040 absoluti
2805 1006 2922 1051 sunt,

1574 1052 1620 1095 in
1650 1052 1748 1095 aliis
1784 1056 1956 1105 autem,
2002 1064 2117 1106 quae
2154 1052 2335 1095 minime
2372 1052 2545 1107 adquiri
2583 1059 2793 1108 possunt,
2836 1052 2924 1096 hoc

1575 1121 1664 1152 non
1694 1108 1844 1152 fuerat
1882 1107 2134 1163 specialiter
2175 1109 2489 1161 constitutum,
2530 1109 2810 1164 apertissima
2849 1109 2923 1152 de-

1575 1164 1775 1209 finitione
1815 1164 2040 1208 sancimus
2078 1163 2178 1208 filiis
2213 1164 2405 1208 familias
2437 1165 2642 1209 omnibus
2672 1165 2719 1208 111
2748 1165 2819 1208 1118
2851 1178 2923 1208 00-

1577 1221 1722 1276 sibus,
1766 1221 1814 1264 in
1858 1221 2019 1277 quibus
2055 1221 2223 1264 habent
2258 1234 2330 1264 res
2369 1220 2548 1264 minime
2587 1221 2791 1276 patribus
2831 1221 2925 1265 suis

1576 1276 1841 1332 adquisitas,
1884 1277 2053 1320 nullam
2087 1278 2377 1334 temporalem
2407 1278 2715 1333 exceptionem
2744 1278 2923 1333 opponi,

1574 1333 1662 1377 nisi
1686 1346 1740 1377 ex
1766 1347 1852 1389 quo
1880 1333 2099 1377 actionem
2123 1347 2299 1378 movere
2322 1333 2551 1389 potuerint
2561 1335 2605 1387 ⁷¹,
2635 1333 2682 1377 id
2706 1336 2777 1378 est
2799 1339 2924 1389 post-

1576 1403 1710 1444 quam
1739 1401 1874 1433 manu
1897 1395 2085 1446 paterna
2109 1390 2177 1433 vel
2207 1390 2301 1433 eius
2327 1390 2374 1432 in
2400 1389 2526 1434 cuius
2551 1394 2774 1445 potestate
2798 1394 2926 1433 erant

1578 1445 1811 1489 constituti
1851 1445 2018 1489 fuerint
2056 1446 2245 1489 liberati.
2307 1446 2406 1501 quis
2446 1446 2563 1490 enim
2600 1447 2807 1490 incusare
2848 1459 2925 1490 eos

1576 1501 1761 1556 poterit,
1803 1502 1841 1546 si
1878 1502 1966 1546 1100
2006 1515 2096 1545 11011
2134 1501 2343 1557 fecerint,
2386 1503 2504 1557 quod
2533 1506 2578 1546 et
2607 1503 2645 1547 si
2674 1502 2924 1558 maluerint,

1575 1557 1756 1602 minime
1794 1558 2034 1614 adimplere
2078 1558 2174 1613 lege
2215 1558 2424 1605 obviante
2463 1559 2703 1604 valebant?
2770 1558 2826 1603 D.
2858 1570 2931 1602 xv

1575 1613 1619 1656 lc.
1643 1614 1788 1671 April.
1818 1613 2213 1672 Constantinopoli
2235 1614 2489 1673 Lampadio
2521 1620 2566 1659 et
2591 1616 2746 1659 Oreste
2769 1629 2833 1659 vv.
2859 1628 2938 1658 οι).Δ

1577 1683 1721 1713 conss.
1867 1703 1871 1707 .
2739 1675 2795 1724 [a.
2827 1675 2923 1723 530]

1634 1723 1666 1770 2
1702 1725 1830 1770 Idem
1858 1726 1910 1771 Α.
1943 1724 2143 1769 Iohanni
2172 1740 2254 1784 pp.
2329 1726 2390 1770 Ut
2430 1727 2675 1783 perfectius
2722 1727 2926 1772 omnibus

1577 1782 1862 1825 consulamus
1900 1785 1944 1826 et
1981 1781 2144 1825 nemini
2183 1783 2388 1826 absentia
2416 1783 2484 1827 vel
2520 1783 2723 1838 potentia
2753 1783 2822 1827 vel
2858 1784 2925 1827 in-

1575 1837 1720 1880 fantia
1755 1838 1935 1892 penitus
1975 1837 2217 1881 adversarii
2257 1838 2328 1882 sui
2365 1844 2550 1893 noceat,
2582 1840 2661 1882 sed
2691 1839 2750 1881 sit
2778 1840 2928 1894 aliqua

1575 1892 1691 1936 inter
1729 1893 1904 1937 desides
1943 1898 1988 1936 et
2015 1893 2246 1949 vigilantes
2278 1893 2541 1946 differentia,
2576 1895 2848 1937 ⁸sancimus:
2890 1895 2927 1937 si

1577 1949 1754 2004 quando
1785 1949 1950 1992 afuerit
1976 1949 2035 2001 is,
2077 1949 2153 2004 qui
2189 1962 2260 1993 res
2297 1950 2465 1993 alienas
2496 1950 2565 1994 vel
2606 1950 2816 1994 creditori
2848 1951 2927 1994 ob-

1576 2006 1732 2049 noxias
1773 2005 1960 2059 detinet,
2001 2010 2047 2048 et
2085 2005 2310 2049 desiderat
2346 2005 2549 2049 dominus
2588 2006 2654 2049 rei
2683 2006 2751 2049 vel
2786 2006 2927 2050 credi-

1575 2065 1648 2105 tor
1688 2074 1815 2105 suam
1850 2061 2142 2105 intentionem
2181 2075 2433 2117 proponere
2471 2066 2515 2106 et
2553 2075 2642 2105 non
2680 2063 2720 2106 ei
2747 2062 2928 2106 licentia

1577 2118 1647 2169 sit,
1680 2118 1867 2162 absente
1904 2130 1989 2161 8110
2020 2118 2270 2162 adversario
2303 2119 2378 2174 qui
2407 2132 2499 2162 rem
2530 2118 2720 2173 detinet,
2755 2119 2824 2163 vel
2861 2120 2927 2162 in-

1575 2173 1718 2218 fantia
1758 2175 1827 2218 vel
1867 2174 2018 2218 furore
2053 2174 2286 2219 laborante
2316 2180 2361 2219 et
2391 2175 2610 2218 neminem
2639 2179 2832 2219 tutorem
2860 2175 2930 2219 vel

1578 2233 1831 2275 curatorem
1859 2231 2074 2283 habente,
2115 2231 2184 2274 vel
2214 2232 2261 2274 in
2290 2232 2482 2287 magna⁹
2510 2235 2734 2287 potestate
2763 2232 2928 2275 consti-

1574 2290 1674 2330 tuto
1693 2289 1741 2339 ¹⁰,
1779 2287 1962 2330 licentia
2002 2286 2044 2331 ei
2083 2287 2214 2330 detur
2252 2287 2376 2331 adire
2416 2288 2664 2343 praesidem
2693 2287 2763 2331 vel
2801 2288 2928 2332 libel·

1575 2344 1667 2386 lum
1711 2343 1753 2387 ei
1795 2343 2024 2398 porrigere
2069 2347 2113 2386 et
2151 2343 2238 2386 hoc
2278 2344 2325 2387 111
2360 2344 2679 2399 querimoniam
2709 2343 2928 2387 deducere

1576 2399 1694 2441 intra
1734 2400 1977 2442 constituta
2009 2406 2096 2441 tem
2131 2411 2211 2441 ora
2240 2402 2286 2442 et
2315 2400 2685 2454 interruptionem
2713 2400 2928 2455 temporis

1576 2455 1748 2498 facere:
1791 2460 1836 2498 et
1865 2454 2073 2498 sufficere
2137 2468 2190 2498 00
2220 2455 2278 2497 ad
2307 2456 2608 2510 plenissimam
2638 2455 2926 2510 interruptio-

1582 2519 1595 2552 1
1660 2512 1824 2553 nemu.
1895 2510 1974 2553 Sin
2018 2515 2166 2553 autem
2196 2511 2330 2561 ‚nullo
2371 2511 2537 2566 poterit
2553 2513 2588 2538 ¹²
2625 2511 2757 2555 modo
2797 2524 2926 2567 prae-

1577 2567 1715 2610 sidem
1745 2566 1888 2620 adire,
1927 2567 2083 2610 saltem
2120 2565 2178 2609 ad
2218 2567 2477 2623 episcopum
2518 2568 2720 2611 locorum
2761 2571 2833 2611 eat
2861 2568 2929 2611 vel

1578 2623 1854 2666 defensorem
1895 2623 2085 2667 civitatis
2101 2623 2137 2648 ¹³
2175 2625 2221 2667 et
2257 2635 2382 2666 suam
2413 2623 2696 2667 manifestare
2726 2624 2926 2667 volunta-

1576 2684 1665 2723 tem
1693 2680 1791 2722 111Μ
1821 2678 2000 2735 scriptis
2032 2679 2310 2733 deproperet.
2371 2679 2441 2722 sin
2477 2684 2627 2723 autem
2667 2679 2831 2723 afuerit
2860 2679 2929 2723 vel

1575 2747 1757 2791 praeses
1772 2737 1806 2761 ²⁵
1849 2736 1919 2778 vel
1965 2735 2200 2790 episcopus
2242 2735 2312 2778 vel
2349 2735 2578 2789 defensor,
2624 2736 2759 2779 liceat
2803 2736 2844 2779 ei
2883 2738 2930 2779 et

1575 2804 1823 2847 proponere
1851 2791 2053 2847 publice,
2094 2791 2171 2833 ubi
2211 2790 2482 2833 domicilium
2517 2791 2654 2834 habet
2681 2804 2927 2846 possessor,

1575 2861 1656 2892 8011
1697 2860 1797 2891 011111
1837 2847 2161 2890 tabulariorum
2202 2847 2531 2902 subscriptione
2561 2847 2653 2900 vel,
2694 2848 2733 2891 si
2774 2846 2928 2891 civitas

1574 2904 1822 2948 tabularios
1852 2916 1943 2947 non
1971 2904 2157 2954 habeat,
2199 2917 2300 2946 cum
2329 2905 2463 2946 trium
2490 2905 2670 2947 testium
2702 2903 2928 2960 subscrip·

1574 2960 1719 3004 tione:
1752 2964 1797 3004 et
1826 2960 1911 3004 hoc
1942 2960 2149 3003 sufficere
2180 2959 2238 3002 ad
2268 2958 2454 3003 omnem‘
2470 2960 2760 3014 temporalem
2790 2960 2926 3002 inter-

1574 3016 1827 3073 ruptionem
1868 3016 1958 3060 sive
1996 3016 2175 3059 triennii
2213 3015 2305 3059 sive
2341 3015 2461 3069 longi
2490 3016 2700 3069 temporis
2729 3015 2820 3057 sive
2849 3015 2926 3057 tri-

1577 3077 1602 3116 2
1673 3073 1797 3128 ginta
1839 3073 1909 3117 vel
1954 3071 2247 3127 quadraginta
2298 3083 2517 3114 annorum
2566 3072 2635 3114 sit.
2712 3069 2926 3115 Omnibus

1577 3128 1699 3182 aliis,
1743 3141 1856 3183 quae
1892 3127 1947 3171 de
1975 3127 2096 3182 longi
2125 3127 2337 3182 temporis
2366 3126 2719 3181 praescriptione
2749 3126 2817 3168 vel
2847 3125 2925 3169 tri·

1575 3185 1697 3240 ginta
1726 3185 1796 3228 vel
1825 3184 2118 3240 quadraginta
2153 3195 2372 3225 annorum
2412 3182 2645 3225 curriculis
2683 3182 2927 3226 constituta

1577 3243 1682 3285 sunt
1710 3240 1802 3283 sive
1825 3240 1883 3283 ab
1911 3238 2104 3294 antiquis
2130 3238 2276 3293 legum
2302 3237 2605 3281 conditoribus
2622 3237 2712 3282 sive
2729 3250 2756 3281 a
2772 3241 2927 3282 nostra

1575 3297 1820 3349 maiestate,
1860 3295 1907 3338 in
1936 3307 2018 3338 suo
2057 3295 2219 3338 robore
2248 3293 2489 3337 duraturis.
2549 3292 2605 3338 D.
2637 3306 2710 3338 xv
2733 3293 2777 3338 lc.
2809 3293 2924 3338 Nov.

1579 3350 1975 3408 Constantinopoli
1993 3355 2110 3407 post
2131 3349 2415 3394 consulatum
2431 3348 2674 3408 Lampadii
2693 3356 2738 3395 et
2756 3349 2928 3395 Orestis

1576 3423 1640 3454 vv.
1672 3408 1777 3452 oo.¹⁶
2735 3410 2793 3459 [a.
2825 3409 2924 3458 531]

1634 3461 1663 3510 3
1696 3462 1823 3506 Idem
1845 3462 1896 3505 A.
1923 3460 2122 3504 Iohanni
2142 3475 2226 3519 pp.
2275 3461 2322 3505 Si
2350 3474 2407 3505 ex
2434 3461 2583 3505 multis
2611 3461 2759 3505 causis
2788 3475 2925 3518 quen-

1577 3520 1676 3563 dam
1700 3517 1941 3563 obnoxium
1965 3517 2150 3571 habens,
2182 3521 2227 3561 et
2248 3518 2439 3561 maxime
2465 3531 2520 3561 ex
2544 3517 2760 3561 similibus
2784 3531 2924 3574 quan-

1575 3575 1799 3626 titatibus,
1838 3573 1886 3616 in
1923 3574 2053 3617 unius
2085 3573 2261 3628 quidem
2292 3586 2456 3618 causae
2485 3587 2699 3617 summam
2727 3574 2925 3618 libellum

1577 3630 1880 3675 conventionis
1925 3629 2244 3684 composuerit,
2300 3642 2480 3674 causam
2524 3636 2672 3673 tamen
2715 3643 2804 3673 non
2849 3642 2920 3671 ex-

1575 3686 1809 3744 presserit,
1846 3685 1967 3741 apud
1996 3688 2166 3729 veteres
2197 3686 2473 3741 agitabatur,
2514 3699 2574 3729 an
2602 3685 2802 3729 videatur
2831 3698 2922 3727 om-

1576 3756 1656 3787 nes
1697 3755 1856 3786 causas
1889 3741 1937 3785 in
1966 3741 2180 3785 iudicium
2209 3741 2446 3786 deduxisse
2476 3747 2554 3784 aut
2583 3740 2923 3783 vetustissimam

1577 3812 1728 3843 earum
1774 3802 1853 3841 aut
1888 3797 2000 3840 nihil
2037 3797 2218 3852 fecisse,
2262 3811 2363 3842 cum
2399 3797 2493 3840 eius
2531 3809 2687 3839 sensus
2726 3796 2923 3838 incertus

1581 3862 1597 3899 1
1662 3868 1758 3899 0880
1789 3854 2051 3910 apparebat.
2097 3853 2186 3898 Sed
2210 3858 2256 3899 et
2278 3853 2326 3897 in
2350 3852 2525 3896 iudiciis
2554 3852 2601 3895 in
2628 3851 2777 3894 multis
2809 3851 2922 3895 casi-

1578 4013 1639 4051 ep.
1673 3998 1765 4037 aud.
1798 4005 1836 4037 et
1866 3997 1966 4036 libro
1996 3996 2123 4037 veteri
2148 3995 2417 4047 manuscripto
2429 3994 2451 4032 '.
2505 4007 2608 4045 quae
2637 3992 2760 4032 verba
2789 3993 2920 4032 nescio

1579 4069 1632 4094 an
1663 4055 1722 4094 ita
1752 4052 2022 4104 intelleyenda
2049 4052 2143 4101 sint,
2174 4061 2218 4092 ut
2246 4052 2370 4092 veteri
2395 4051 2495 4089 libro
2520 4063 2604 4088 cum
2629 4048 2921 4088 Haloandrina

1579 4111 1678 4162 leqis
1714 4109 1897 4161 yeminae
1933 4108 2226 4161 subscriptione
2262 4107 2345 4147 nisi
2378 4106 2419 4146 in
2457 4104 2683 4144 consulibus
2719 4117 2797 4143 non
2827 4117 2918 4143 con-

1578 4167 1751 4205 venerit:
1781 4164 1820 4204 k.
1842 4164 1927 4204 Oct.
1951 4178 2031 4204 non
2059 4178 2104 4203 eo
2128 4163 2214 4203 solo
2239 4164 2480 4215 refutantur,
2512 4160 2620 4211 quod
2649 4174 2693 4198 eo
2724 4159 2789 4217 die
2811 4158 2921 4198 aliae

1579 4220 1872 4261 constitutiones
1895 4219 2033 4259 nullae
2057 4219 2177 4259 datae
2202 4225 2294 4258 sunt
2315 4218 2383 4272 (cf
2401 4215 2641 4267 Zeitsclzrist
2652 4215 2737 4267 fiir
2754 4214 2920 4254 Rechts-

1576 4277 1706 4330 9esch.
1739 4285 1773 4317 11
1806 4290 1852 4327 p.
1885 4274 1981 4325 172),
2023 4275 2097 4315 sed
2125 4277 2241 4315 etiam
2284 4273 2322 4311 V
2346 4272 2464 4312 aliud
2495 4271 2641 4311 habere.
2669 4271 2838 4319 videtur,
2879 4270 2920 4309 in

1578 4348 1654 4384 quo
1685 4331 1834 4385 Mbyer
1864 4331 1958 4384 leyit
1994 4342 2065 4383 pp.
2095 4341 2130 4369 x
2163 4330 2202 4368 k.
2234 4327 2322 4367 iun.
2353 4328 2437 4378 (vix
2466 4325 2589 4376 iam),
2627 4326 2726 4365 mihi
2755 4333 2921 4377 praeter

1578 4388 1661 4428 diei
1687 4401 1887 4427 nurnerum
1915 4398 1960 4438 x,
1991 4401 2106 4440 quem
2134 4397 2165 4425 v
2193 4385 2308 4435 sequi
2335 4384 2505 4432 videtur,
2535 4382 2634 4422 certi
2661 4381 2764 4421 nihil
2788 4394 2920 4432 appa·

1577 4445 1670 4484 ruit.
1728 4444 1979 4495 quamobrem
2018 4442 2122 4483 Hal.
2162 4441 2219 4480 ad
2255 4440 2450 4492 qeminam
2492 4439 2611 4490 leyem
2654 4450 2788 4476 errore
2817 4436 2919 4476 diem

1576 4499 1845 4539 antecedentis
1869 4498 2161 4539 constitutionis
2191 4498 2248 4545 (1,
2266 4501 2360 4544 4,2s
2392 4495 2546 4533 omissis
2574 4491 2760 4536 Graecis)
2786 4498 2918 4531 trans-

1580 4557 1714 4596 tulisse
1751 4555 2074 4605 consulatumque
2104 4567 2134 4591 0.
2168 4559 2212 4591 28
2240 4564 2345 4590 more
2373 4563 2445 4590 suo
2481 4548 2552 4599 (cs.
2583 4546 2785 4588 Zeitsckr.
2816 4546 2842 4586 I.
2876 4559 2912 4586 c.

1574 4626 1618 4665 p.
1649 4611 1730 4661 176)
1763 4610 1990 4650 emendasse
2020 4607 2255 4648 crediderim

2529 4729 2584 4769 40
