3094 4732
157 141 260 196 XII
295 143 375 194 20
414 142 473 193 21

160 292 302 337 solent
330 291 603 348 principatus
632 284 831 340 insignia,
860 283 904 327 in
928 292 1189 344 unoquoque
1219 276 1380 321 scrinio
1411 273 1480 317 fa-

159 349 379 392 bricarum
395 351 438 390 et
458 344 744 387 barbarorum
761 341 995 405 quaternos
1012 336 1348 382 subadiuvarum
1364 330 1482 374 solli·

160 403 396 448 citudinem
419 412 497 463 per
521 409 680 442 annum
705 395 935 438 dumtaxat
956 394 1169 446 integrum
1190 386 1481 444 procedentes

158 458 372 525 gradatim
400 454 546 500 subire
574 452 656 494 hac
679 450 723 493 in
751 453 975 493 aeternum
1000 447 1187 491 valitura
1210 444 1304 496 lege
1328 441 1481 484 decer-

158 514 321 557 nimus:
339 509 552 572 exceptis
541 506 739 551 videlicet
754 504 967 547 universis
984 498 1328 564 negotiatoribus
1342 495 1480 561 quod·

159 570 265 612 libet
303 563 627 610 mercimonium
666 573 742 617 per
782 571 829 602 se
863 557 1113 623 gerentibus
1144 552 1482 615 interpositasve

188 634 391 675 ersonas,
421 633 519 664 cum
541 617 602 662 eis
627 621 726 660 ante
753 611 1058 657 sacratissimis
1090 607 1481 653 constitutionibus

156 677 435 722 interdictum
471 675 527 718 sit
565 672 768 715 militare.
809 668 1001 722 exceptis
1039 664 1175 708 nihilo
1214 664 1358 706 minus
1396 662 1480 714 his,

188 733 232 775 ui
261 730 585 788 possessionum
614 727 851 770 alienarum
891 721 1227 767 sollicitudinem
1267 730 1480 782 procura-

157 795 373 831 tionemve
402 783 687 840 susceperint.
746 794 818 824 eos
848 779 960 822 enim
990 778 1046 820 ad
1080 777 1190 819 haec
1221 774 1370 818 officia
1403 786 1480 817 vo-

159 845 301 887 lumus
325 841 566 906 adspirare,
597 850 778 903 quorum
806 836 977 879 labores
1005 833 1182 876 scholae
1208 835 1413 885 agentum
1435 831 1481 871 in

161 904 178 942 1
240 899 371 941 rebus
401 894 644 940 testimonio
675 891 1026 947 comprobantur.
1079 888 1147 931 Illi
1177 898 1349 941 quoque
1378 890 1482 928 sunt

157 955 212 997 ab
243 954 327 996 hac
350 950 609 996 liberalitate
634 952 809 991 nostrae
833 943 1178 1008 mansuetudinis
1204 941 1478 1008 excludendi,

158 1010 242 1065 qui,
276 1020 373 1052 cum
403 1006 579 1050 scholae
608 1003 743 1046 eidem
775 1002 1011 1052 socientur,
1046 1000 1090 1041 in
1121 998 1259 1042 sacris
1290 997 1477 1050 scriniis,

158 1064 315 1119 quibus
340 1062 405 1105 vir
421 1059 688 1142 spectabilis
695 1057 964 1124 primicerius
981 1061 1023 1099 et
1047 1054 1324 1098 tertiocerius
1350 1065 1478 1108 prae·

157 1125 270 1169 sunt,
300 1117 554 1162 adiuvantes
584 1115 688 1158 eos¹
759 1113 1002 1156 ublicarum
1033 1111 1283 1154 chartarum
1311 1111 1478 1152 tracta-

156 1175 274 1218 tibus
314 1173 586 1227 occupantur
627 1174 671 1214 et
743 1169 884 1213 uobus
929 1166 1085 1211 officiis
1131 1178 1308 1221 operam
1353 1177 1478 1207 suam

156 1229 363 1273 adhibere
378 1239 465 1271 non
489 1230 693 1291 possunt.
724 1238 821 1267 nam
844 1226 1017 1279 praeter
1041 1222 1348 1272 emolumenta,
1366 1233 1479 1285 quae

156 1287 210 1330 de
238 1282 472 1348 praedictis
498 1280 669 1325 scriniis
695 1283 1031 1343 consequuntur,
1058 1277 1330 1343 principatus
1348 1276 1479 1320 etiam

157 1345 180 1383 2
238 1338 400 1382 solacio
431 1337 591 1380 debent
620 1348 715 1380 esse
746 1336 950 1379 contenti.
1009 1333 1132 1388 Quod
1163 1332 1202 1376 si
1230 1333 1382 1376 morbo
1414 1332 1479 1375 vel

156 1394 311 1438 aetatis
340 1393 460 1437 senio
491 1392 610 1447 capti
638 1391 705 1435 vel
733 1390 920 1446 imperiti
960 1389 1208 1433 huiusmodi
1236 1401 1383 1432 rerum
1412 1389 1479 1432 vel

156 1460 426 1515 quocumque
469 1447 555 1491 alio
598 1447 700 1490 vitio
743 1445 985 1512 praepedit-i
1031 1458 1111 1501 per
1160 1457 1208 1488 se
1251 1445 1480 1488 memorati

156 1505 288 1549 officii
319 1515 467 1547 curam
505 1502 654 1546 subire
691 1501 984 1557 nequiverint,
1023 1501 1311 1544 consideratis
1350 1513 1479 1557 prae-

157 1560 408 1604 cedentibus
440 1571 590 1602 eorum
619 1559 843 1601 laboribus
859 1570 952 1623 per
981 1557 1267 1600 substitutum
1299 1557 1478 1600 chartu-

154 1616 311 1661 larium
353 1614 544 1659 eiusdem
588 1613 755 1664 scrinii,
801 1612 872 1656 cui
914 1613 1195 1679 praefuturus
1247 1617 1315 1655 est
1368 1613 1479 1668 ipse,

124 1673 356 1716 'idoneum
397 1676 439 1714 et
472 1672 563 1713 tam
601 1669 796 1713 moribus
837 1669 1010 1724 optimis
1059 1669 1305 1724 praeditum
1350 1682 1479 1724 quam

155 1727 378 1772 scientiam
409 1725 693 1790 peritiamque
722 1738 867 1768 rerum
897 1725 1130 1769 habentem
1155 1724 1368 1768 electione
1398 1738 1482 1768 sua

157 1794 418 1836 suarumque
445 1780 639 1846 periculo
670 1779 929 1824 facultatum
956 1779 1203 1836 praefatum
1227 1793 1386 1824 munus
1405 1793 1479 1824 eos

155 1840 211 1880 im
246 1839 333 1881 lere
362 1836 670 1892 praecipimus.

211 1852 323 1948 862)
309 1892 484 1949 )²Imp.
516 1892 782 1935 Anastasius
806 1892 860 1938 A.
891 1890 1031 1935 Celeri
1053 1891 1270 1955 maqistro
1303 1891 1480 1948 officio·

154 1963 262 1993 r.um
320 1948 416 1992 Hac
445 1946 731 1991 saluberrima
748 1946 974 1991 sanctione
1001 1946 1274 1990 decernimus
1300 1951 1480 2001 agentes

155 2006 200 2048 in
240 2005 370 2049 rebus
410 2016 490 2058 pro
531 2002 892 2046 conventionibus
931 2005 974 2046 et
995 2002 1141 2084 ³modo
1182 2003 1480 2057 sportularum

155 2058 483 2104 exsecutoribus
495 2058 872 2124 praebendarum
899 2059 1012 2113 pro³
1050 2058 1294 2114 quantitate
1330 2072 1456 2113 sump

155 2121 296 2166 tuum,
327 2126 438 2170 quae
467 2112 586 2157 circa
613 2114 751 2168 litigia
789 2112 963 2157 sibimet
997 2114 1081 2157 ab⁴
1118 2113 1216 2157 aliis
1253 2073 1482 2158 inferenda

154 2170 220 2214 vel
250 2183 277 2214 a
307 2183 353 2213 se
383 2172 537 2213 contra
566 2169 676 2212 alios
715 2181 794 2224 per
822 2173 959 2212 semet
985 2170 1105 2224 ipsos
1136 2181 1215 2213 seu
1254 2182 1334 2234 per
1363 2171 1478 2213 ordi·

154 2226 321 2269 nandos
351 2237 378 2268 a
407 2237 454 2268 se
481 2227 791 2280 procuratores
823 2225 1065 2267 exercenda
1095 2225 1299 2268 convenit
1326 2226 1382 2268 ab
1410 2226 1479 2269 his

153 2281 344 2336 agnosci,
375 2280 609 2331 beneficiis,
642 2292 752 2334 quae
780 2281 825 2322 in
849 2292 973 2323 sacro
1006 2286 1155 2323 nostro
1187 2280 1479 2325 militantibus

152 2336 391 2380 ministerio
421 2336 507 2378 iam
534 2335 700 2391 pridem
729 2347 808 2390 per
831 2334 998 2379 divinas
1029 2335 1278 2379 sanctiones
1308 2336 1481 2380 indulta

153 2395 266 2445 sunt,
293 2391 515 2447 perpotiri,
540 2390 839 2434 fideiussorem
855 2391 1058 2434 idoneum
1075 2392 1128 2434 de
1143 2391 1293 2434 eadem
1312 2392 1478 2446 schola,

159 2454 170 2489 1
220 2461 308 2491 non
333 2450 479 2490 autem
504 2449 759 2490 extraneum
783 2446 941 2490 offerre
967 2447 1194 2502 compelli.
1223 2448 1292 2489 Ita
1315 2449 1478 2500 tamen,

151 2508 200 2546 ut
228 2502 466 2558 privilegia,
498 2515 794 2567 quaecumque
825 2503 1086 2546 centenariis
1116 2516 1194 2546 seu
1230 2502 1479 2548 ducenariis

151 2559 218 2602 vel
248 2558 525 2601 chartulariis
555 2570 631 2600 seu
661 2558 763 2600 viris
791 2557 1042 2601 clarissimis
1072 2558 1347 2614 principibus
1377 2564 1480 2623 post

151 2614 392 2669 depositam
410 2626 581 2677 quoque
602 2614 829 2656 militiam
817 2626 904 2656 iam
928 2627 1007 2669 per
1022 2613 1332 2669 dispositiones
1358 2615 1477 2671 prin-

151 2670 313 2725 cipales
341 2670 560 2724 impertita
589 2675 633 2712 et
663 2682 779 2712 nunc
809 2681 947 2725 usque
977 2670 1209 2713 observata
1248 2683 1346 2714 esse
1375 2684 1478 2714 nos-

150 2728 321 2778 cuntur,
358 2725 526 2768 intaeta
563 2724 855 2779 inviolataque
891 2725 1211 2776 custodiantur,
1252 2739 1350 2769 cum
1379 2739 1478 2782 per-

150 2781 387 2824 absurdum
411 2793 575 2835 perque
597 2781 875 2824 temerarium
891 2779 950 2824 sit
975 2781 1090 2824 hanc
1106 2786 1285 2824 nostrae
1301 2782 1478 2838 pietatis

149 2836 454 2879 liberalitatem
495 2847 751 2901 quemquam
793 2841 943 2880 astuta
984 2837 1344 2902 interpretatione
1388 2852 1478 2882 non

149 2891 206 2934 ad
235 2894 513 2957 augmentum
553 2891 819 2934 anteriorum
847 2892 1194 2947 privilegiorum,
1232 2893 1310 2936 sed
1338 2894 1478 2937 immi-

150 2950 174 2989 2
216 2950 440 2990 nut1onem
457 2951 706 2990 convertere
725 2947 926 2990 concedi.
958 2948 1097 2991 Simili
1112 2948 1313 2992 videlicet
1335 2948 1479 2993 forma

147 3014 228 3067 pro
257 3003 469 3046 matribus
500 3006 544 3045 et
572 3003 783 3047 uxoribus
814 3016 962 3046 eorum
988 3016 1069 3047 nec
1088 3017 1176 3048 non
1207 3005 1339 3048 etiam
1367 3006 1478 3049 libe-

146 3057 208 3101 ris
237 3058 318 3101 sub
346 3070 496 3101 eorum
526 3062 744 3113 potestate
775 3059 1024 3103 constitutis
1047 3073 1127 3103 nec
1149 3060 1280 3104 aliam
1310 3061 1478 3106 sortitis

147 3113 212 3157 vel
242 3113 463 3157 sortituris
498 3114 694 3157 militiam
732 3126 816 3158 nec
854 3127 944 3158 non
982 3116 1111 3159 etiam
1149 3117 1286 3159 servis
1314 3117 1372 3159 ad
1401 3129 1478 3161 eos

148 3173 171 3211 3
230 3169 549 3224 pertinentibus
581 3170 818 3213 servanda:
850 3170 921 3213 Ita
950 3176 1000 3214 ut
1028 3171 1073 3214 in
1103 3172 1338 3237 provinciis
1396 3186 1476 3217 uo-

147 3237 231 3279 que
260 3237 395 3280 supra
432 3225 576 3268 dictae
604 3237 819 3280 personae
858 3226 1063 3280 degentes
1104 3227 1234 3271 simili
1262 3227 1374 3272 bene
1409 3229 1477 3272 cio

146 3280 443 3334 perfruantur,
474 3281 694 3346 sportulas
724 3286 871 3325 tamen
900 3287 944 3325 et
972 3283 1113 3326 litium
1145 3296 1362 3339 expensas
1425 3297 1475 3327 ro

146 3339 171 3378 4
214 3335 345 3379 tertia
361 3336 560 3391 superius
578 3342 809 3381 enarratae
836 3338 1092 3392 quantitatis
1109 3340 1355 3383 soluturae:
1431 3352 1475 3383 e-

146 3403 299 3434 narum
330 3391 539 3434 librarum
569 3392 667 3435 auri
707 3393 1069 3438 condemnatione
1107 3395 1282 3450 aliaque
1310 3396 1476 3450 gravis·

147 3446 256 3490 sima
292 3447 589 3500 indignatione
632 3447 701 3491 his
746 3448 976 3503 feriendis,
1021 3451 1285 3516 quicumque
1323 3453 1478 3495 nostra

145 3502 267 3546 iussa
295 3502 490 3558 quolibet
516 3502 643 3547 modo
670 3515 748 3547 seu
776 3509 973 3560 tempore
996 3506 1252 3550 violaverint
1280 3519 1359 3551 seu
1384 3507 1475 3552 vio-

147 3557 257 3600 lari⁸
286 3559 598 3602 concesserint.

628 3729 742 3777 XXI
781 3730 1001 3789 (xx11)⁶‚

268 3809 344 3848 DE
373 3808 731 3850 PRINCIPIBUS
762 3811 1035 3852 AGENTUM
1065 3812 1128 3851 IN
1156 3813 1350 3855 REBUS.

205 3887 226 3933 1
261 3887 411 3948 ⁷Impp
437 3904 488 3947 p.
509 3889 753 3935 Gratianus
778 3891 1118 3936 Valentinianus
1134 3893 1410 3959 Ῑζῆεοάοείας
1433 3902 1477 3941 et

147 3944 368 3988 Arcadius
342 3902 553 3989 pfflAA.
574 3946 768 4012 Cyneqio
792 3961 874 4013 pp.
930 3948 1159 4003 Agentes
1145 3963 1192 3992 ιιι
1216 3950 1349 3994 rebus
1372 3954 1476 4007 post

147 3998 335 4052 palmam
365 4000 529 4045 laboris
560 4003 726 4045 emeriti
766 4003 1039 4058 pr1ncipatus
1077 4004 1246 4049 honore
1274 4019 1475 4052 remune-

147 4065 306 4098 ramus.
377 4060 510 4110 atque
551 4056 648 4101 ideo
694 4057 904 4102 officiales
956 4065 1046 4102 tam
1089 4059 1146 4103 ad
1188 4063 1475 4108 necessitates

147 4109 347 4161 publicas
386 4124 516 4166 quam
555 4113 747 4208 privatas
778 4126 866 4156 non
896 4114 980 4157 nisi
1017 4115 1215 4170 principe
1244 4117 1476 4162 mittantur

151 4251 197 4295 11)
229 4250 344 4296 8081,
376 4265 448 4289 om.
467 4251 510 4289 K
577 4253 629 4300 (2)
661 4253 860 4304 zunqenda
890 4254 1044 4293 videtur
1064 4255 1126 4303 12,
1146 4264 1197 4304 19,
1218 4265 1254 4297 12
1326 4259 1379 4307 (3)
1396 4270 1470 4309 pro

151 4302 207 4352 1⁰,
237 4306 277 4341 et
304 4315 378 4355 pro
398 4305 449 4353 K,
480 4318 634 4356 proque
652 4305 694 4345 1⁶
751 4310 803 4358 (4)
834 4307 884 4347 ab
902 4309 1011 4357 dett„
1043 4307 1105 4347 vel
1122 4308 1171 4347 ab
1194 4311 1261 4350 K!
1315 4316 1367 4362 (5)
1385 4313 1470 4352 vio

150 4354 233 4396 lare
265 4358 357 4398 ἶίῐνί
454 4363 508 4407 (ι)
543 4361 584 4400 Β
615 4364 653 4410 6,
684 4370 742 4410 Ἦ),
775 4372 794 4403 6
903 4366 956 4411 (7)
984 4379 1049 4415 pr
1081 4384 1134 4398 =
1169 4366 1238 4404 Th.
1270 4369 1308 4417 6,
1341 4376 1398 4418 28,
1430 4377 1470 4409 3:

152 4412 488 4463 iun9e12,‚¹91
577 4391 1138 4468 (s)''.‚§l=T}1628,4
1223 4397 1469 4471 (9)”=le.

153 4467 190 4512 6,
206 4473 263 4512 28,
282 4476 299 4506 5
383 4469 456 4519 (10)
486 4470 528 4508 in
562 4470 649 4520 Th„
679 4483 702 4510 a
733 4474 839 4524 dett,
871 4488 944 4514 om.
973 4473 1047 4514 KI
1133 4475 1201 4524 (11)
1227 4478 1471 4525 praeiudicii

156 4516 228 4557 Th.
284 4521 357 4572 (12)
384 4541 438 4558 ι-
469 4523 543 4563 Th.
574 4527 612 4574 6,
630 4534 687 4575 28,
706 4534 724 4565 7
790 4527 863 4578 (13)
894 4530 1059 4579 agentes
1079 4527 1151 4569 ΤΙι.
1222 4532 1294 4581 (14)
1323 4534 1467 4575 =T12.

155 4573 193 4620 ὃ,
210 4581 266 4620 28,
284 4582 302 4613 8
362 4578 431 4627 (15)
460 4581 600 4618 contra
630 4592 695 4619 eos
725 4596 796 4620 om.
816 4582 888 4623 Th.
954 4584 1029 4633 (16)
1059 4583 1276 4625 Iustiniani
1303 4589 1470 4642 scripse-

1474 121 1578 181 462

2145 134 2219 173 DE
2255 129 2593 175 PRmCIPrBUs
2630 136 2890 177 AGENTUM

1565 276 1770 323 auctore,
1810 270 2116 327 nullarumque
2151 271 2245 315 sine
2285 270 2383 337 ipso
2423 270 2627 338 cuiquam
2662 276 2894 320 mandetur

1567 326 1776 372 exhibitio
1808 338 2107 381 personarum,
2139 327 2310 370 etiamsi
2331 327 2590 372 intercessio
2612 328 2658 373 in
2677 331 2788 376 locis
2818 333 2893 376 de-

1571 389 1586 426 1
1648 381 1790 438 gentis
1821 380 1960 425 officii
1996 381 2130 427 fuerit
2165 383 2401 437 impertita.
2464 382 2733 428 ⁸Causarum
2762 388 2894 432 etiam

1565 440 1777 504 patronos
1806 437 2004 481 volumus
2030 450 2126 482 esse
2156 440 2409 489 conventos,
2439 450 2494 481 ne
2522 438 2748 493 ignorante
2776 444 2894 498 prin-

1567 494 1664 548 cipe
1680 493 1814 536 ullam
1839 493 2182 558 postulationem
2205 493 2502 542 introducant
2526 506 2634 538 neve
2658 496 2741 539 sub
2767 499 2894 543 unius

1565 561 1756 605 persona
1796 548 1992 603 suscepti
2027 549 2184 593 fraude
2222 549 2410 604 quadam
2449 549 2593 593 aliena
2628 551 2803 604 negotia
2829 553 2896 597 in-

1566 609 1590 648 2
1650 603 1840 648 serenda
1869 615 1967 646 8888
2027 610 2303 661 ertemptent.
2363 605 2488 670 Quod
2518 606 2554 649 si
2583 605 2718 649 fuerit
2746 606 2898 652 defini-

1567 661 1628 704 tio
1673 663 1946 726 contempta,
2022 672 2141 703 ecem
2184 661 2321 704 libras
2366 660 2465 704 auri
2501 660 2611 705 fisco
2649 668 2802 706 nostro
2841 664 2899 708 ab

1569 716 1715 761 officio
1746 719 1824 759 tuo
1854 715 2055 758 iubemus
2083 716 2248 760 inferri.
2309 716 2363 760 D.
2387 716 2512 780 prid.
2543 716 2585 760 lc
2617 716 2752 761 Mart.
2787 717 2900 763 Con·

1567 771 1868 829 stantinopoli
1898 770 2107 814 Honorio
2137 786 2211 829 np.
2242 777 2288 816 et
2316 771 2493 816 Euodzo
2525 786 2666 816 conss.
2714 777 2769 826 [a.
2803 777 2899 827 386]

1624 825 1655 873 2
1687 827 1854 891 ‘'Impp.
1876 825 2100 870 Arcadius
2121 835 2166 870 et
2189 827 2424 871 Honorius
2447 829 2538 871 AA.
2566 827 2794 873 Theodoto
2814 843 2898 887 pu.

1569 884 1726 927 Omnia
1769 882 1994 936 citatoria‚
2039 882 2231 926 omnium
2277 883 2446 927 scilicet
2491 896 2723 927 causarum
2767 888 2901 941 atque

1567 951 1871 994 personarum,
1900 937 2005 981 licet
2025 937 2115 981 sint
2145 940 2393 983 senatoriae
2423 939 2663 994 dignitatis,
2693 941 2749 984 ad
2779 942 2900 996 prin-

1569 995 1687 1050 cipes
1733 994 1985 1060 specialiter
2023 995 2219 1037 revocari
2265 996 2579 1052 praecipimus,
2625 1000 2751 1040 actus
2797 1010 2900 1041 vero

1569 1055 1752 1102 ceteros,
1783 1051 1858 1105 qui
1885 1062 1934 1092 111
1949 1050 1984 1076 ¹⁰
2012 1050 2312 1095 sacratissimo
2344 1058 2473 1095 coetu
2511 1056 2689 1096 senatus
2720 1053 2902 1097 tractari

1569 1108 1907 1158 consueverunt,
1939 1106 2207 1149 censualium
2239 1107 2534 1151 sollicitudine
2561 1108 2788 1174 celebrari,
2819 1122 2902 1153 nec

1568 1162 1734 1218 aliquid
1763 1161 2079 1228 praeiudicium
2096 1163 2127 1188 ¹¹
2159 1175 2211 1205 ex
2248 1163 2501 1218 subreptivo
2540 1163 2757 1220 rescripto
2795 1177 2849 1208 su

1597 1219 1754 1262 licibus
1783 1217 1950 1262 inferri.
2010 1217 2064 1260 D
2090 1229 2171 1260 ΧΗ
2192 1217 2233 1261 lc.
2258 1217 2356 1262 Iun.
2391 1218 2903 1278 ConstantinopoliOy-

1595 1276 1664 1318 rio
1694 1282 1738 1318 et
1766 1273 1967 1318 Ριοῠὶηο
1998 1286 2142 1316 conss.
2730 1279 2785 1328 [.a
2805 1279 2901 1330 395]

1625 1328 1796 1377 3¹2Im
1823 1343 1873 1394 p.
1910 1328 2145 1373 Honorius
2180 1334 2224 1372 et
2266 1328 2540 1374 Theodosius
2567 1332 2658 1375 AA.
2691 1280 2902 1376 Palladio

1561 1328 1830 1452 procons-ug
1859 1386 2058 1452 Africae.
2125 1384 2461 1430 Proconsularis
2501 1386 2639 1442 apicis
2679 1386 2903 1441 dignitatis

1567 1442 1814 1486 adiectione
1843 1386 2067 1497 principes
2093 1443 2298 1496 agentum
2314 1443 2348 1468 ¹³
2375 1442 2422 1484 in
2446 1443 2579 1486 rebus
2608 1443 2903 1499 praecipimus

1871 1496 1924 1541 D.
1974 1508 2047 1541 7η
2086 1496 2128 1539 lc.
2177 1495 2269 1541 Oct.
2325 1496 2567 1542 Ravennae
2617 1498 2796 1544 Varane
2838 1513 2902 1544 ve.

2717 1559 2772 1608 [a.
2805 1559 2903 1610 410]

1568 1498 1781 1542 decorari

1570 1568 1688 1598 cons.

1624 1609 1655 1656 4
1692 1608 1874 1674 ¹⁴Impp.
1904 1607 2179 1653 Theodosius
2202 1613 2246 1653 et
2271 1607 2610 1653 Valentinianus
2640 1611 2732 1655 AA.
2774 1609 2904 1655 Vale·
2941 1624 2943 1626 ·

1568 1667 1638 1710 rio
1683 1679 1755 1709 ma
1789 1671 1902 1709 astro
1944 1664 2214 1731 officiorum.
2286 1663 2360 1707 Ex
2406 1665 2639 1720 agentibus
2682 1666 2729 1710 in
2771 1667 2904 1711 rebus

1568 1722 1758 1778 princip1
1742 1679 1843 1765 igue
1874 1720 2138 1764 domesticos
2167 1719 2214 1763 in
2244 1719 2336 1764 suis
2366 1721 2539 1764 actibus
2580 1721 2744 1765 habere
2772 1722 2906 1767 liceat

1569 1791 1660 1830 eos,
1681 1790 1865 1842 quorum
1880 1775 2010 1819 fidem
2034 1775 2384 1831 industriamque
2407 1777 2640 1831 probatam
2663 1778 2747 1821 sibi
2771 1779 2904 1823 aesti-

1568 1837 1705 1884 mant,
1735 1834 1817 1876 etsi
1843 1844 1975 1887 saepe
2000 1833 2149 1876 eodem
2174 1831 2320 1875 officio
2350 1832 2518 1876 fuerint
2541 1837 2645 1877 ante
2661 1834 2903 1899 perfuncti.

1574 1895 1591 1933 1
1653 1889 1714 1932 Et
1751 1889 1789 1932 81
1833 1888 1928 1953 quis
1966 1900 2099 1942 agens
2136 1889 2181 1931 in
2221 1888 2353 1931 rebus
2391 1893 2495 1943 post
2522 1889 2672 1943 viginti
2713 1891 2905 1956 quinque

1569 1958 1786 1988 annorum
1813 1943 2034 1988 curricula
2057 1945 2112 1987 ob
2139 1944 2365 1987 adversam
2397 1945 2594 1999 corporis
2623 1945 2904 1990 valitudinem

1568 2001 1747 2044 militiae
1775 1999 1906 2043 finem
1934 2000 2110 2065 minime
2139 1999 2324 2042 valuerit
2354 2005 2601 2054 expectare,
2632 2001 2708 2044 sed
2737 2001 2794 2045 ad
2822 2001 2904 2046 ho-

1568 2057 1789 2100 norariam
1821 2069 1874 2098 ex
1913 2055 2114 2110 principe
2152 2055 2408 2120 dignitatem
2442 2056 2694 2122 testimonio
2724 2057 2906 2102 scholae

1568 2112 1827 2178 prosilierit,
1867 2111 2006 2155 isdem
2048 2124 2147 2154 eum
2187 2111 2421 2166 privilegiis
2462 2112 2622 2155 muniri
2661 2123 2904 2166 censemus,

1570 2168 1756 2224 quibus
1744 2168 1774 2210 ii
1795 2167 1870 2222 qui
1889 2166 1945 2210 ad
1959 2166 2239 2231 principatus
2256 2171 2402 2208 actum
2420 2167 2643 2221 progressi
2666 2170 2771 2210 sunt
2822 2167 2906 2211 oti·

1571 2229 1594 2267 2
1653 2227 1799 2267 untur.
1846 2222 1933 2265 Sed
1956 2223 2001 2265 in
2017 2222 2359 2286 salutationibus
2383 2221 2578 2265 iudicum
2601 2223 2798 2267 consessi
2829 2236 2904 2268 us·

1570 2293 1653 2344 que
1693 2278 1863 2344 priores
1902 2291 2001 2330 eos,
2033 2277 2108 2331 qui
2143 2289 2224 2332 per
2261 2277 2418 2341 longae
2458 2277 2639 2321 militiae
2675 2283 2816 2323 metas
2847 2279 2905 2324 ad

1569 2335 1844 2398 principatus
1884 2340 2033 2376 actum
2071 2333 2371 2388 pervenerint,
2417 2334 2501 2376 etsi
2540 2339 2666 2378 actus
2709 2339 2906 2391 tempore

1570 2395 1594 2434 3
1652 2389 1919 2446 posteriores
1950 2388 2051 2440 sint,
2082 2401 2180 2432 esse
2210 2389 2518 2444 praecipimus.
2567 2389 2688 2433 Nihil
2719 2403 2904 2436 censua-

1567 2447 1683 2491 libus
1713 2445 1781 2488 vel
1810 2444 2140 2500 apparitoribus
2170 2444 2380 2487 adversus
2405 2445 2631 2500 privilegia
2653 2459 2804 2491 eorum
2828 2460 2903 2492 ex-

1570 2501 1890 2556 cogitantibus,
1929 2506 2151 2555 tamquam
2191 2500 2237 2542 in
2281 2505 2386 2543 actu
2427 2501 2700 2557 principatus
2739 2502 2905 2547 fuerint

1568 2557 1740 2610 versati,
1773 2557 2021 2600 vicenarum
2051 2556 2262 2599 librarum
2287 2557 2383 2599 auri
2406 2557 2770 2602 condemnatione
2799 2571 2904 2604 con-

1569 2617 1640 2657 tra
1668 2615 1797 2656 eos¹⁵
1831 2612 2076 2668 proposita.
2135 2611 2322 2656 D.1111
2347 2611 2389 2655 lc.
2422 2613 2548 2656 Febr.
2592 2612 2904 2660 C-onstantino

1561 2669 1664 2727 poli
1682 2668 1996 2713 TheodosioA.
2016 2674 2140 2711 ,Uet
2155 2668 2436 2776 quiguerit
2406 2669 2696 2714 nuntzatusw.
2729 2674 2785 2724 [a.
2804 2674 2902 2723 4361

1625 2724 1654 2771 5
1689 2723 1811 2768 Idem
1834 2726 1925 2768 AA.
1956 2724 2073 2781 Cyro
2096 2737 2177 2780 pp.
2269 2736 2318 2766 os
2363 2724 2438 2779 qui
2467 2724 2619 2768 ordine
2648 2730 2904 2790 transcursa

1567 2780 1723 2824 militia
1752 2785 1854 2835 post
1884 2780 2099 2823 ducenam
2129 2779 2186 2821 ad
2218 2779 2514 2823 desideratum
2554 2781 2764 2837 principis
2801 2794 2902 2850 per:

1568 2837 1768 2880 venerint
1796 2835 1982 2890 gradum
2012 2839 2090 2878 aut
2118 2835 2343 2879 adiutores
2374 2836 2452 2878 viri
2490 2837 2674 2881 illustris
2705 2838 2904 2892 magistri

1569 2891 1815 2936 officiorum
1845 2891 2086 2942 extiterint,
2122 2903 2221 2934 cum
2250 2891 2366 2935 inter
2395 2892 2636 2936 honoratos
2678 2893 2904 2958 coeperint

1568 2947 1811 3001 numerari,
1849 2947 2098 2992 vicarianae
2127 2946 2347 3002 dignitatis
2386 2947 2528 2992 titulis
2567 2948 2771 2992 decorari
2799 2961 2902 2994 cen-

1569 3016 1728 3048 semus
2586 3007 2642 3057 [a.
2674 3008 2771 3049 440.
2801 3007 2902 3059 441]

1626 3057 1657 3105 6
1693 3057 1852 3102 '’Idem
1882 3059 1972 3102 AA.
2007 3058 2152 3102 Nomo
2181 3058 2398 3115 maqistro
2430 3059 2702 3115 officiorum.
2773 3059 2902 3104 Prin·

1570 3114 1690 3170 cipes
1713 3116 1925 3169 agentum
1962 3114 2009 3158 in
2045 3115 2199 3167 rebus,
2242 3126 2351 3168 quos
2382 3126 2514 3170 saepe
2544 3127 2676 3159 saeva
2702 3115 2903 3172 pericula

1568 3172 1771 3226 vitaeque
1789 3170 2009 3214 interdum
2033 3148 2301 3214 renuntiatio
2324 3170 2380 3213 ad
2405 3177 2691 3214 memoratum
2719 3171 2903 3238 gradum

1569 3226 1774 3278 adduxit,
1817 3227 2033 3292 completo
2072 3229 2277 3292 tempore
2305 3238 2412 3269 suae
2449 3226 2630 3270 militiae
2675 3227 2903 3272 comitivae

1567 3282 1698 3347 primi
1736 3281 1901 3326 ordinis
1939 3282 2007 3326 cin
2067 3282 2110 3326 lo
2150 3282 2196 3325 in
2235 3282 2348 3325 diem
2377 3281 2493 3325 vitae
2523 3282 2676 3338 potiri,
2719 3296 2900 3328 manen-

1567 3337 1688 3382 tibus
1717 3337 1920 3382 videlicet
1949 3338 2006 3382 du
2038 3351 2110 3381 um
2140 3337 2365 3393 praestitis
2390 3337 2521 3382 salvis
2551 3339 2798 3395 privilegiis,
2828 3339 2902 3383 de-

2557 3398 2613 3446 [a.
2645 3398 2740 3438 443.
2772 3398 2851 3439 444
2861 3395 2899 3447 ?1

2527 3448 2802 3504 Quicumque
2846 3463 2902 3494 ex

1569 3394 1805 3438 cernimus.

1626 3447 1654 3494 7
1697 3449 1809 3508 Imp.
1851 3448 1943 3492 Leo
1984 3451 2036 3493 A.
2078 3447 2339 3492 Nicostrato
2350 3463 2454 3514 pp.

1569 3517 1755 3561 corpore
1792 3505 2082 3548 cohortalium
2122 3504 2316 3548 militans
2346 3504 2391 3547 in
2432 3504 2584 3548 schola
2622 3511 2828 3560 agentum
2855 3506 2902 3550 in

1567 3561 1700 3605 rebus
1730 3559 1866 3604 filium
1905 3561 2224 3626 procreaverit,
2269 3564 2503 3626 antequam
2535 3560 2590 3604 ad
2619 3566 2758 3605 metas
2786 3562 2899 3606 mili·

1566 3616 1656 3660 tiae
1685 3628 1792 3661 suae
1820 3616 2109 3672 perveniat¹⁸‚
2150 3616 2423 3670 principatus
2452 3616 2618 3660 honore
2654 3616 2899 3670 decoretur,

1565 3672 1671 3716 licet
1711 3673 1807 3728 ipse
1842 3677 1945 3727 post
1989 3672 2156 3715 finitam
2196 3671 2395 3715 militiam
2434 3674 2589 3727 utpote
2631 3672 2742 3716 liber
2780 3673 2902 3717 nulla

1566 3727 1724 3772 debeat
1761 3727 2013 3772 huiusmodi
2042 3726 2331 3771 conventione
2359 3727 2547 3782 pulsari,
2586 3728 2724 3772 filium
2754 3735 2900 3772 tamen

1573 3789 1586 3826 1
1651 3783 1868 3828 cohortali
1895 3783 2142 3827 condicioni
2166 3783 2384 3838 relinquat
2414 3783 2665 3827 obnoxium.
2707 3784 2752 3828 Si
2780 3797 2899 3838 vero,

1565 3842 1799 3905 postquam
1823 3838 2011 3894 adeptus
2035 3839 2169 3882 fuerit
2196 3833 2507 3904 principatum,
2537 3839 2722 3883 ediderit
2747 3839 2899 3894 fflium,

1565 3907 1603 3938 18
1633 3909 1708 3951 qul
1743 3897 1876 3938 natus
1898 3899 1996 3949 est,
2037 3895 2206 3938 etiamsi
2243 3895 2289 3937 in
2329 3894 2480 3938 schola
2519 3894 2897 3940 devotissimorum

1566 3953 1770 4006 agentum
1807 3949 1855 3993 in
1894 3951 2027 3995 rebus
2065 3950 2264 3993 militiam
2305 3950 2486 3994 sortitus
2526 3963 2613 3994 non
2650 3951 2807 4005 fuerit,
2836 3951 2899 3994 ita

1566 4007 1624 4049 sit
1651 4007 1763 4050 liber
1792 4018 1845 4049 ac
1875 4018 2059 4050 securus
2089 4018 2170 4049 nec
2200 4005 2301 4049 ullis
2331 4006 2573 4050 cohortalis
2613 4005 2748 4050 officii
2776 3983 2896 4049 nexi-

1565 4062 1648 4106 bus
1681 4061 1921 4115 obligetur,
1962 4061 2086 4117 quasi
2115 4061 2203 4104 iam
2233 4074 2288 4104 ex
2325 4065 2452 4116 patre
2487 4062 2624 4106 libero
2656 4067 2700 4105 et
2727 4062 2784 4105 ab
2811 4060 2898 4106 hac

1567 4117 1824 4161 condicione
1852 4118 2030 4172 penitus
2061 4117 2202 4161 alieno
2233 4117 2500 4172 progenitus
2708 4120 2764 4169 [a.
2796 4119 2894 4169 468]

1559 4259 1643 4299 rint
1671 4257 1900 4300 Theodosio
1936 4271 1998 4298 xv
2038 4261 2078 4298 et
2108 4256 2403 4298 Valentiniano
2442 4269 2510 4297 ιιιι
2540 4258 2626 4297 AA.
2664 4269 2814 4298 consa:
2852 4258 2893 4300 in

1562 4314 1637 4354 Th.
1670 4313 1832 4354 additur
1861 4313 2018 4353 Eodem
2055 4312 2239 4366 exemplo
2279 4312 2437 4353 Isidoro
2463 4324 2571 4364 ppo„
2610 4311 2769 4363 Regino
2797 4325 2892 4366 ppo.

1556 4368 1643 4417 Ill.,
1669 4368 1845 4409 Leontio
1870 4381 1955 4420 pu„
1981 4369 2192 4409 Theodoto
2214 4380 2315 4408 oom
2335 4368 2525 4421 Aegypti,
2555 4365 2773 4408 Abthartio
2789 4381 2892 4410 com.

1556 4424 1753 4473 Orientis,
1785 4400 2003 4476 Cleopat'ro
2031 4425 2157 4477 praef.
2175 4426 2294 4474 Aug.
2325 4423 2530 4476 Hesychio
2558 4434 2668 4474 proc
2700 4424 2893 4476 Achaiae,

1556 4478 1781 4519 Eustathio
1809 4479 1880 4518 vie.
1916 4480 2048 4531 Asiae,
2079 4479 2272 4520 Nectario
2304 4479 2377 4518 vic.
2407 4478 2604 4518 Ponticae
2668 4481 2742 4529 (17)
2772 4481 2894 4521 verba

1556 4544 1731 4577 extrema
1770 4535 1964 4575 iterantur
1995 4538 2034 4575 in
2069 4538 2132 4586 12,
2165 4544 2218 4583 19,
2252 4542 2271 4576 8
2387 4534 2461 4584 (18)
2492 4541 2562 4573 aut
2590 4535 2631 4573 et
2659 4549 2742 4575 cum
2774 4534 2891 4575 Cuia·

1556 4590 1614 4629 cio
1652 4593 1725 4631 ins.
1758 4598 1827 4630 aut
1856 4591 1967 4642 infra
1996 4592 2211 4631 decoretur
2240 4603 2324 4630 cum
2355 4588 2594 4630 Mommseno
2626 4589 2703 4630 del.
