3152 4784
215 209 292 249 m:
326 207 571 248 INCESTIS

216 344 318 389 dine
345 346 596 388 servarum¹
626 343 814 388 ducente
843 340 1113 396 confugiant.
1162 342 1199 385 si
1230 344 1342 387 enim
1372 344 1549 388 decurio

215 401 328 445 clam
381 399 609 445 actoribus
662 403 794 455 atque
842 396 1208 453 procuratoribus
1251 400 1549 444 nescientibus

213 454 384 500 alienae
412 455 548 499 fuerit
572 467 724 500 servae
748 454 1026 505 coniunctus,
1059 457 1103 495 et
1130 455 1357 500 mulierem
1385 457 1431 500 in
1459 468 1548 499 me-

213 511 370 556 tallum
392 511 513 555 trudi
535 524 617 578 per
639 509 901 555 sententiam
930 508 1087 553 iudicis
1114 509 1314 555 iubemus
1345 516 1389 556 et
1406 512 1549 568 ipsum

213 567 495 612 decurionem
542 581 590 611 in
631 566 820 611 insulam
861 564 1101 620 deportari,
1167 569 1368 612 omnibus
1424 568 1549 611 bonis

214 623 341 667 eius⁸
370 623 551 678 civitati,
581 623 706 667 cuius
736 621 914 666 curialis
944 620 1104 674 fuerat,
1141 623 1468 680 mancipandis,
1514 623 1551 666 si

211 679 359 734 patria
406 682 630 736 potestate
674 678 808 722 fuerit
848 677 1062 720 liberatus
1115 679 1345 734 nullosque
1387 679 1551 722 habeat

213 734 376 779 liberos
411 735 482 779 vel
519 738 724 790 parentes
754 734 822 777 vel
858 734 990 777 etiam
1027 735 1324 790 propinquos,
1367 735 1445 791 qui
1481 746 1548 777 se-

214 790 407 835 cundum
435 791 578 845 legum
607 789 804 834 ordinem
834 789 891 832 ad
914 790 1009 833 eius
1034 791 1362 836 successionem
1386 802 1547 835 vocan-

214 849 239 890 2
295 849 384 891 tur.
453 845 580 901 Quod
615 845 654 890 si
689 847 864 889 actores
903 846 970 888 vel
1008 852 1319 900 procuratores
1358 846 1464 900 loci,
1502 845 1548 888 in

214 914 301 958 quo
343 901 558 958 flagitium
599 900 840 944 admissum
881 906 969 953 est,
1019 901 1228 945 fuerunt³
1273 902 1439 947 conscii
1481 900 1548 944 vel

215 962 485 1014 compertum
513 957 686 1000 facinus
716 959 947 1012 promere⁴
975 958 1224 1013 noluerunt,
1263 958 1441 1002 metallo
1472 968 1548 1000 eos

215 1018 239 1058 3
307 1013 510 1058 convenit
546 1013 775 1068 implicari.
843 1013 890 1056 Si
930 1026 1033 1058 vero
1083 1014 1283 1059 dominus
1325 1015 1412 1058 hoc
1453 1012 1550 1056 fieri

211 1069 411 1126 permisit
446 1069 515 1112 vel
548 1073 706 1124 postea
742 1069 963 1124 cognitum
1004 1070 1179 1123 celavit,
1218 1071 1256 1114 si
1297 1069 1468 1126 quidem
1504 1068 1550 1111 in

355 1125 402 1168 id
428 1124 597 1168 factum
624 1129 713 1179 est,
753 1125 917 1168 fundus
956 1139 1054 1168 cum
1083 1126 1313 1182 mancipiis
1343 1129 1389 1169 et
1414 1137 1547 1181 peco-

211 1181 250 1224 ri
281 1192 334 1225 us
363 1179 611 1235 ceterisque
638 1182 788 1225 rebus.
818 1194 932 1236 quae
963 1181 1100 1225 cultui
1128 1185 1296 1226 rustico
1327 1181 1547 1225 sustinen-

212 1243 308 1292 tur,
349 1235 449 1280 fisci
486 1236 651 1280 viribus
689 1236 952 1280 vindicetur:
992 1238 1029 1281 si
1064 1250 1167 1282 vero
1205 1239 1252 1281 in
1292 1237 1467 1281 civitate
1503 1235 1548 1278 id

211 1293 379 1336 factum
408 1296 490 1344 est,
521 1292 744 1336 dimidiam
771 1293 990 1337 bonorum
1013 1295 1205 1338 omnium
1227 1298 1398 1349 partem
1419 1304 1547 1348 prae-

212 1348 399 1405 cipimus
439 1348 674 1392 confiscari
700 1362 889 1405 poenam
919 1354 1154 1404 augentes,
1195 1349 1402 1405 quoniam
1430 1348 1548 1391 intra

211 1404 474 1449 domesticos
502 1405 695 1460 parietes
726 1405 873 1449 scelus
906 1405 1144 1449 admissum
1185 1410 1272 1456 est,
1312 1404 1429 1461 quod
1467 1417 1547 1447 no-

210 1460 294 1504 luit
330 1473 435 1504 mox
472 1460 696 1516 cognitum
733 1461 975 1517 publicare.
1033 1461 1088 1505 D.
1119 1460 1161 1505 lc.
1195 1460 1281 1504 Iul.
1313 1458 1548 1517 Aquileiae

214 1515 507 1560 Constantino
537 1517 589 1560 A.
629 1529 658 1560 V
682 1522 728 1561 et
754 1516 931 1561 Licinio
964 1516 1007 1561 C.
1039 1530 1183 1560 conss.
1359 1521 1415 1568 [a.
1448 1518 1546 1567 319]

265 1570 299 1618 4
329 1570 430 1630 Imp
455 1586 507 1630 p.
550 1571 893 1617 Valentinianus
929 1571 1206 1616 Theodosius
1244 1576 1289 1615 et
1324 1571 1549 1615 Arcadius

209 1628 341 1672 ΑΑΑ.
371 1586 461 1671 adp
455 1627 820 1672 Andromachum
849 1628 1051 1672 comitem
1072 1640 1223 1670 rerum
1243 1627 1545 1684 privatarum.

210 1682 295 1737 Qui
347 1686 503 1727 contra
554 1683 700 1738 legum
746 1687 986 1739 praecepta
1027 1683 1095 1726 vel
1139 1686 1296 1725 contra
1339 1683 1548 1726 mandata

210 1738 634 1794 constitutionesque
661 1739 912 1794 principum
948 1737 1127 1793 nuptias
1166 1737 1283 1781 forte
1314 1744 1546 1782 contraxe-

207 1795 289 1846 rit,
332 1794 442 1837 nihil
482 1807 538 1838 ex
578 1793 731 1837 eodem
765 1793 1066 1846 matrimonio,
1108 1793 1199 1837 sive
1237 1797 1339 1837 ante
1369 1794 1546 1848 nuptias

207 1848 418 1893 donatum
457 1849 546 1892 sive
585 1849 789 1904 deinceps
831 1862 1005 1905 quoquo
1046 1849 1176 1893 modo
1217 1848 1369 1892 datum
1397 1849 1545 1902 fuerit,

208 1907 515 1960 consequatur,
545 1903 677 1959 idque
690 1906 707 1931 ⁵
735 1908 898 1959 totum,
939 1904 1059 1959 quod
1088 1905 1144 1948 ab
1175 1905 1357 1948 alterius
1387 1904 1546 1948 libera-

205 1959 330 2003 litate
366 1962 414 2002 in
441 1959 633 2004 alterum
664 1960 951 2016 processerit,
991 1964 1043 2003 ut
1078 1960 1255 2016 indigno
1290 1960 1546 2026 indignaeve

210 2019 226 2057 1
288 2015 513 2059 sublatum
550 2016 660 2059 fisco
689 2015 899 2059 vindicari
929 2016 1172 2061 sancimus:
1210 2016 1424 2072 Exceptis
1453 2020 1546 2059 tam

205 2070 378 2115 feminis
420 2085 552 2128 quam
587 2071 714 2126 viris,
755 2073 830 2127 qui
866 2075 946 2116 aut
987 2085 1134 2117 errore
1169 2073 1420 2125 aerissimo,
1456 2085 1546 2116 non

205 2126 429 2172 adfectato
467 2127 797 2181 insimulatore,
836 2141 980 2184 neque
1018 2142 1073 2173 ex
1103 2141 1241 2173 causa
1266 2129 1341 2172 vili
1372 2129 1546 2184 decepti

206 2186 230 2226 2
288 2187 393 2227 sunt
427 2188 509 2228 aut
547 2184 704 2228 aetatis
742 2184 913 2229 lubrico
952 2185 1081 2241 lapsi.
1149 2185 1270 2240 Quos
1306 2191 1454 2229 tamen
1480 2185 1547 2228 ita

206 2239 379 2283 demum
419 2239 530 2295 legis
572 2242 751 2284 nostrae
784 2240 953 2296 laqueis
992 2241 1124 2285 eximi
1160 2241 1350 2298 placuit,
1391 2242 1431 2285 si
1468 2244 1547 2285 aut

206 2307 356 2340 errore
399 2301 647 2351 comperto,
693 2300 772 2340 aut
807 2297 885 2340 ubi
923 2297 981 2340 ad
1018 2297 1236 2353 legitimos
1263 2298 1548 2353 pervenerint

206 2363 361 2404 annos,
392 2352 754 2396 coniunctionem·
773 2352 1076 2397 huiuscemodi
1099 2354 1194 2397 sine
1223 2354 1315 2397 ulla
1337 2354 1545 2397 recrasti-

206 2407 387 2451 natione
416 2407 683 2451 diremerint.
743 2407 798 2452 D.
838 2420 910 2452 VII
934 2408 977 2452 lc.
1007 2408 1145 2453 Mart.

262 2461 292 2509 5
336 2462 462 2507 Idem
499 2465 632 2508 AAA.
666 2463 862 2522 Cyneqio
894 2478 978 2522 pp.
1035 2465 1208 2509 Fratris
1245 2478 1429 2509 uxorem
1465 2465 1545 2508 du-

207 2519 333 2563 cendi
370 2519 439 2563 vel
476 2518 650 2564 duabus
689 2520 915 2564 sororibus
956 2521 1249 2577 coniungendi
1285 2521 1462 2577 penitus
1493 2522 1543 2564 li-

206 2575 399 2619 centiam
419 2576 741 2630 submovemus,
767 2589 851 2620 nec
876 2576 1089 2621 dissoluto
1115 2590 1391 2634 quocumque
1414 2577 1543 2621 modo

207 2631 425 2687 coniugio.
499 2630 556 2676 D.
587 2666 598 2676 .
629 2666 639 2676 .
672 2667 681 2676 .
719 2631 786 2676 lc.⁶
822 2632 928 2677 Dee.
971 2633 1364 2692 Constantinopoli
1406 2632 1544 2677 Theo-

206 2686 334 2732 dosio
363 2688 415 2731 A.
448 2698 519 2732 111
541 2692 587 2732 et
612 2687 902 2732 Abundantio
935 2688 967 2714 ⁶²
1001 2701 1147 2732 conss.
1356 2694 1418 2742 [a.
1446 2692 1543 2742 393]

263 2739 294 2789 6
349 2741 516 2802 ⁷Impp.
569 2743 796 2788 Arcadius
861 2749 907 2788 et
963 2744 1200 2789 Honorius
1251 2745 1343 2789 AA.
1400 2744 1544 2803 Euty-

205 2797 368 2864 chiano
395 2812 480 2898 pp.
548 2798 596 2843 Si
615 2799 732 2864 ‚quis
769 2799 930 2844 incesti
967 2800 1176 2856 vetitique
1215 2801 1406 2857 coniugii
1448 2813 1545 2845 sese

203 2857 370 2910 nuptus
427 2859 667 2909 unestavit,
711 2856 914 2912 proprias
954 2857 1160 2912 quamdiu
1199 2857 1356 2901 vixerit
1394 2862 1546 2901 teneat

203 2909 459 2964 facultates,
513 2911 591 2955 sed
633 2924 776 2967 neque
823 2925 1006 2956 uxorem
1049 2926 1192 2969 neque
1234 2913 1349 2957 filios
1394 2926 1449 2957 ex
1492 2927 1546 2957 ea

207 2971 225 3009 1
286 2966 428 3011 editos
456 2967 621 3011 habere
652 2967 873 3012 credatur.
941 2969 1064 3012 Nihil
1092 2982 1276 3024 prorsus
1306 2969 1544 3026 praedictis

203 3035 284 3066 nec
327 3035 408 3079 per
458 3023 765 3079 interpositam
808 3023 980 3080 quidem
1019 3038 1256 3091 personam
1300 3027 1367 3070 vel
1411 3026 1544 3070 donet

205 3082 228 3121 2
287 3083 511 3135 superstes
550 3080 618 3123 vel
655 3083 856 3124 mortuus
897 3081 1182 3137 derehnquat.
1249 3082 1343 3126 Dos
1385 3082 1422 3126 si
1455 3095 1543 3138 qua

203 3134 318 3177 forte
347 3134 615 3178 sollemniter
643 3141 722 3178 aut
751 3136 856 3179 data
884 3142 963 3179 aut
991 3137 1212 3192 promissa
1241 3137 1388 3192 fuerit,
1420 3138 1543 3182 iuxta

206 3193 229 3230 3
285 3189 356 3233 ius
386 3190 616 3245 antiquum
640 3191 736 3233 fisci
760 3192 900 3234 nostri
926 3193 1164 3236 commodis
1193 3193 1334 3236 cedat.
1386 3194 1540 3238 Testa-

206 3249 351 3288 mento
380 3257 461 3288 suo
493 3246 714 3289 extraneis
743 3247 852 3289 nihil
880 3248 1114 3303 relinquat,
1150 3249 1229 3292 sed
1258 3249 1350 3292 sive
1378 3253 1541 3293 testato

206 3299 298 3344 sive
331 3299 542 3344 intestato
582 3301 752 3357 legibus
789 3301 832 3345 ei
869 3304 915 3345 et
950 3303 1047 3346 iure
1083 3304 1343 3359 succedant,
1389 3305 1428 3348 si
1466 3306 1542 3361 qui

205 3354 320 3399 forte
356 3368 411 3399 ex
445 3355 562 3400 iusto
601 3362 645 3400 et
679 3356 871 3411 legitimo
911 3358 1187 3402 matrimonio
1227 3359 1334 3402 editi
1361 3360 1539 3413 fuerint,

206 3411 290 3456 hoc
307 3416 376 3455 est
397 3411 451 3455 de
473 3411 843 3456 descendentibus
863 3413 979 3456 filius
1002 3413 1094 3457 filia
1108 3427 1249 3469 nepos
1274 3416 1420 3470 neptis
1434 3429 1539 3471 pro-

205 3479 342 3523 nepos
372 3468 622 3524 proneptis‚
656 3468 711 3512 de
739 3469 1079 3513 ascendentibus
1109 3476 1237 3525 pater
1264 3478 1406 3514 mater
1434 3484 1541 3516 avus

207 3528 232 3567 4
275 3523 386 3575 avia,
412 3523 467 3568 de
487 3525 626 3569 latere
638 3524 780 3568 frater
796 3537 922 3569 soror
935 3529 1119 3580 patruus
1135 3526 1284 3570 amita.
1331 3527 1542 3570 Testandi

205 3590 313 3623 sane
349 3579 414 3622 ita
450 3580 624 3623 demum
660 3581 825 3624 habeat
861 3581 1140 3635 facultatem,
1178 3586 1228 3625 ut
1265 3583 1336 3626 his
1369 3585 1542 3625 tantum

204 3635 407 3690 personis
446 3649 527 3691 pro
563 3636 673 3680 iuris
709 3649 762 3680 ac
800 3637 944 3692 legum
981 3637 1098 3692 quod
1133 3639 1321 3684 voluerit
1358 3638 1541 3682 arbitrio

204 3690 435 3745 relinquat,
466 3704 574 3747 quas
604 3692 840 3736 succedere
868 3693 1104 3747 imperialis
1130 3694 1359 3750 praecepti
1388 3699 1542 3738 tenore

205 3746 526 3791 mandavimus:
556 3748 620 3791 ita
648 3753 808 3801 tamen,
839 3753 889 3791 ut
918 3749 1160 3793 hereditate
1188 3750 1388 3794 defuncti
1416 3750 1540 3805 peni-

204 3807 276 3845 tus
317 3807 546 3855 arceatur,
586 3804 624 3847 si
662 3804 759 3859 quis
798 3817 853 3848 ex
890 3805 960 3848 his
990 3819 1099 3860 quos
1130 3806 1464 3850 memoravimus
1494 3806 1540 3849 in

206 3858 517 3902 contrahendis
547 3859 727 3903 incestis
757 3860 921 3915 nuptiis
937 3864 953 3888 ⁸
991 3862 1220 3905 consilium
1248 3863 1386 3905 inisse
1414 3874 1540 3905 mon-

206 3914 434 3964 strabitur,
473 3928 734 3959 successuro
763 3916 810 3958 in
838 3917 986 3959 locum
1023 3917 1163 3970 illius,
1195 3918 1273 3972 qui
1300 3923 1405 3973 post
1441 3930 1539 3961 eum

205 3975 228 4013 5
286 3970 471 4025 gradum
509 3971 735 4026 proximus
766 3972 996 4015 invenitur.
1055 3973 1126 4016 Ea
1164 3986 1298 4027 sane,
1337 3986 1446 4029 quae
1486 3974 1539 4016 de

204 4025 307 4070 viris
346 4027 560 4079 cavimus,
601 4026 731 4071 etiam
761 4027 814 4072 de
843 4027 1033 4082 feminis,
1071 4042 1184 4085 quae
1213 4030 1540 4085 praedictorum

205 4085 230 4124 6
273 4094 370 4126 sese
387 4082 620 4126 consortiis
638 4083 1063 4138 commaculaverint,
1081 4085 1403 4130 custodiantur.
1443 4085 1538 4129 Me·

202 4138 382 4182 moratis
427 4151 530 4183 vero
583 4138 785 4194 personis
826 4152 914 4182 non
961 4141 1216 4185 extantibus
1260 4141 1368 4185 fisco
1413 4141 1536 4185 locus

205 4280 256 4331 (1)
272 4293 479 4322 servarum
500 4297 572 4323 om.
594 4282 667 4323 Th.
745 4281 800 4332 (2)
832 4281 1021 4321 omnibus
1040 4281 1158 4321 bonis
1183 4282 1286 4332 eius]
1311 4282 1430 4322 bonis
1452 4283 1539 4322 eius

205 4335 425 4377 mobilibus
449 4340 490 4379 et
513 4337 683 4378 urbanis
706 4337 921 4389 mancipiis
942 4336 1225 4388 confiscandis,
1249 4338 1428 4390 praediis
1443 4351 1539 4378 vero

206 4392 246 4429 et
274 4393 438 4434 rusticis
466 4394 683 4447 mancipiis
718 4394 789 4435 Th.
866 4393 920 4443 (3)
946 4392 1120 4432 fuerunt
1145 4393 1232 4445 171„
1257 4393 1416 4433 fuerint
1446 4395 1542 4435 libri

204 4447 258 4497 (4)
272 4447 444 4497 prodere
464 4450 536 4492 Th.
608 4452 664 4495 (5)
687 4451 746 4491 sic
761 4449 824 4494 M
838 4448 1028 4498 idemque
1043 4448 1096 4498 P,
1115 4447 1289 4498 ideoque
1314 4451 1350 4491 C
1411 4452 1466 4495 (6)
1498 4448 1536 4491 d.

202 4513 264 4543 ro.
294 4501 337 4542 k.
363 4501 412 4552 P,
442 4500 480 4542 d.
506 4513 547 4553 p.
569 4498 628 4539 lx.
656 4499 699 4540 D
786 4498 855 4548 (θ’)
886 4499 994 4550 cfp.
1019 4506 1050 4538 V
1131 4504 1183 4549 Π)
1213 4518 1264 4534 ==
1297 4499 1372 4539 Th.
1391 4500 1539 4550 3,12,3

205 4556 264 4609 (8)
284 4555 577 4609 participatum
591 4557 715 4606 atque
737 4555 813 4595 ins.
834 4553 874 4594 T
870 4553 906 4594 Ιι.
965 4554 1021 4604 (9)
1037 4572 1092 4589 ---=
1106 4553 1212 4595 Nov.
1231 4554 1443 4596 Marciani
1454 4556 1493 4605 4,
1511 4565 1539 4606 1,

207 4621 242 4655 *2-
262 4620 303 4655 3:
336 4613 454 4666 iunye
483 4614 520 4663 1,
543 4620 596 4662 14,
623 4620 643 4651 9
716 4610 791 4661 (lo)
821 4607 890 4648 sed
916 4608 1019 4650 Nov.
1092 4610 1161 4660 (11)
1187 4611 1246 4650 sic
1261 4610 1381 4661 Noa,
1412 4612 1540 4650 ascire

208 4670 317 4720 deti,
347 4667 528 4720 accipere
551 4667 632 4709 PC
685 4667 756 4719 (12)
786 4665 988 4716 ideoque.
1010 4696 1018 4704 .
1037 4695 1045 4704 .
1064 4667 1404 4716 enumeravimus]
1431 4666 1539 4717 quod

1547 187 1645 260 199

2768 195 2966 247 V5.6

1633 347 1798 400 pateat.
1858 344 1913 389 D.
1939 356 1989 388 V!
2014 343 2072 387 id.
2100 342 2203 387 Dec.
2238 344 2628 404 Constantinopoli
2656 345 2851 390 Arcadio
2879 357 2969 389 ιιι]

1634 405 1680 444 et
1708 399 1918 446 Honorio
1948 412 2019 445 111
2041 400 2134 445 AA.
2167 414 2310 460 conss.
2778 406 2834 455 [a.
2866 405 2964 458 396]

1691 454 1720 502 7
1763 455 1928 516 ⁹Impp.
1971 454 2313 500 Valentinianus
2350 459 2394 500 et
2429 455 2693 500 Marcianus
2726 458 2817 500 AA.
2859 455 2966 500 Pal-

1635 511 1756 557 ladio
1783 527 1821 571 p
1859 548 1868 556 .
1935 511 2155 556 Humilem
2190 511 2258 556 vel
2297 512 2514 556 abiectam
2549 511 2754 556 feminam
2791 512 2967 554 minime

1635 582 1731 613 eam
1758 569 1806 613 iu
1839 569 2004 613 'camus
2033 567 2246 622 intellegi,
2284 580 2419 624 quae,
2459 568 2562 612 licet
2589 580 2772 622 pauper,
2813 567 2869 608 ab
2899 568 2965 609 in-

1637 629 1656 668 1
1716 625 1870 680 genuis
1899 628 2048 668 tamen
2078 624 2335 679 parentibus
2366 627 2473 667 nata
2503 623 2574 667 sit.
2628 622 2755 666 Unde
2772 622 2807 647 ¹⁰
2833 622 2967 664 licere

1634 680 1868 723 statuimus
1907 681 2182 724 senatoribus
2225 685 2268 722 et
2306 680 2653 734 quibuscumque
2690 676 2968 731 amplissimis

1633 735 1918 789 dignitatibus
1962 736 2195 790 praeditis,
2252 749 2305 779 ex
2356 734 2555 789 ingenuis
2597 736 2727 774 natas
2771 731 2966 786 quamvis

1632 801 1850 845 pauperes
1879 790 1926 832 in
1955 791 2280 834 matrimonium
2309 790 2394 833 sibi
2433 788 2679 831 adsciscere
2696 787 2743 838 ¹¹,
2783 786 2948 828 nullam

1633 857 1718 900 que
1745 845 1861 888 inter
1889 845 2104 899 ingenuas
2134 859 2189 888 ex
2218 844 2378 887 divitiis
2407 848 2452 886 et
2482 840 2761 897 opulentiore
2791 840 2971 884 fortuna

1632 904 1656 943 2
1717 912 1814 944 esse
1843 900 2112 942 distantiam.
2158 900 2357 942 Humiles
2381 910 2483 941 vero
2510 897 2793 951 abiectasque
2818 909 2969 951 perso-

1631 969 1713 1000 nas
1729 968 1802 999 eas
1819 954 2123 998 tantummodo
2145 954 2350 996 mulieres
2373 965 2469 995 esse
2486 964 2736 995 censemus:
2764 952 2969 994 ancillam

1632 1011 1821 1056 ancillae
1841 1010 1989 1063 filiam,
2013 1010 2231 1061 libertam,
2256 1009 2442 1051 libertae
2467 1007 2616 1061 filiam,
2643 1008 2890 1050 scaenicam
2902 1008 2972 1051 vel

1631 1067 1863 1112 scaenicae
1891 1066 2038 1120 filiam,
2070 1064 2367 1108 tabernariam
2394 1063 2461 1106 vel
2491 1063 2734 1106 tabernarii
2757 1063 2826 1107 vel
2847 1063 2970 1107 leno-

1630 1124 1699 1167 nis
1737 1129 1816 1167 aut
1851 1121 2073 1165 harenarii
2111 1121 2265 1173 filiam,
2305 1124 2384 1162 aut
2411 1132 2508 1163 eam
2539 1131 2651 1175 quae
2680 1119 2971 1163 mercimoniis

1630 1179 1810 1235 publice
1839 1178 2056 1235 praefuit:
2086 1177 2273 1232 ideoque
2302 1175 2554 1219 huiusmodi
2582 1175 2828 1219 inhibuisse
2855 1189 2970 1230 nup-

1630 1237 1715 1280 tias
1745 1234 2026 1279 senatoribus
2054 1233 2213 1277 harum
2241 1232 2527 1284 feminarum,
2568 1245 2678 1287 quas
2715 1245 2834 1275 nunc
2864 1244 2971 1274 enu-

1632 1292 1958 1336 meravimus12.
2023 1289 2078 1334 D.
2107 1289 2226 1348 prid.
2262 1302 2367 1332 non.
2399 1288 2545 1346 April.
2581 1287 2974 1346 Constantinopoli

1631 1349 1761 1392 Aetio
1793 1353 1837 1392 et
1865 1346 2025 1391 Studio
2057 1360 2121 1390 vv.
2154 1359 2215 1389 ce.
2248 1358 2391 1388 conss,
2783 1347 2839 1396 [a.
2871 1347 2971 1396 454]

1689 1402 1719 1451 8
1764 1403 1879 1462 Imp.
1928 1403 2047 1446 Zeno
2066 1403 2100 1428 ¹³
2142 1403 2193 1446 A.
2236 1400 2428 1459 Epinioo
2458 1415 2549 1500 {pp
2623 1400 2751 1444 Licet
2794 1399 2970 1455 quidam

1631 1459 1950 1516 Aegyptiorum
1971 1458 2136 1503 idcirco
2160 1462 2435 1502 mortuorum
2478 1462 2647 1500 ratrum
2662 1456 2747 1500 sibi
2764 1456 2971 1512 coniuges

1631 1516 1908 1559 matrimonio
1940 1515 2263 1570 copulaverint,
2306 1513 2423 1568 quod
2451 1518 2554 1568 post
2581 1513 2756 1556 illorum
2784 1515 2971 1556 mortem

1632 1573 1847 1615 mansisse
1876 1571 2064 1627 virgines
2095 1571 2367 1622 dicebantur,
2399 1569 2602 1612 arbitrati
2632 1569 2812 1622 scilicet,
2852 1569 2969 1624 quod

1634 1629 1764 1672 certis
1794 1628 1939 1682 legum
1970 1626 2272 1670 conditoribus
2300 1625 2491 1680 placuit,
2533 1637 2631 1668 cum
2665 1637 2851 1679 corpore
2879 1638 2968 1668 non

1633 1684 1937 1738 convenerint,
1979 1683 2157 1737 nuptias
2196 1694 2245 1724 re
2282 1694 2372 1724 non
2410 1681 2547 1724 videri
2597 1685 2874 1733 contractas,
2928 1685 2971 1723 et

1631 1739 1884 1783 huiusmodi
1921 1739 2113 1782 conubia
2149 1742 2258 1780 tunc
2294 1737 2503 1792 temporis
2544 1736 2766 1780 celebrata
2795 1736 2970 1779 firmata

1633 1800 1750 1846 sunt,
1780 1799 1929 1838 tamen
1957 1793 2181 1849 praesenti
2208 1793 2305 1847 lege
2334 1792 2572 1844 sancimus,
2610 1793 2648 1835 si
2677 1804 2788 1847 quae
2818 1792 2970 1835 huius-

1630 1851 1750 1895 modi
1779 1850 1964 1906 nuptiae
1995 1851 2254 1892 contractae
2281 1848 2462 1899 fuerint,
2498 1861 2737 1902 earumque
2768 1852 2969 1891 contrac-

1631 1911 1749 1950 tores
1790 1911 1835 1950 et
1873 1919 1928 1950 ex
1963 1906 2030 1949 his
2059 1905 2315 1962 progenitos
2347 1905 2628 1959 antiquarum
2657 1905 2802 1958 legum
2830 1903 2973 1947 tenori

1631 1963 1860 2006 subiacere
1889 1975 1971 2006 nec
2001 1961 2058 2005 ad
2088 1962 2334 2016 exemplum
2362 1960 2694 2016 Aegyptiorum,
2728 1960 2781 2004 de
2812 1960 2971 2015 quibus

1631 2018 1835 2074 superius
1873 2018 2041 2062 dictum
2081 2023 2169 2070 est,
2214 2030 2290 2061 eas
2328 2017 2465 2060 videri
2505 2016 2644 2060 fuisse
2679 2016 2875 2059 firmatas
2905 2017 2972 2059 vel

1631 2087 1727 2119 esse
1765 2074 2019 2118 firmandas.
2085 2073 2139 2117 D.
2181 2073 2221 2117 lc.
2266 2072 2386 2130 Sept.
2431 2072 2823 2131 Constantinopoli
2860 2079 2973 2130 post

1630 2132 1913 2175 consulatum
1943 2130 2109 2175 Leonis
2137 2130 2344 2174 iunioris.
2785 2132 2840 2181 [a.
2873 2131 2970 2180 475]

1686 2185 1717 2234 9
1757 2186 1882 2231 Idem
1919 2188 1970 2230 A.
2011 2186 2279 2231 Sebastiano
2314 2199 2394 2243 pp.
2466 2185 2533 2228 Ab
2580 2183 2763 2229 incestis
2808 2184 2971 2240 nuptiis

1630 2243 1822 2287 universi
1862 2244 1936 2298 qui
1974 2248 2126 2287 nostro
2165 2246 2381 2298 reguntur
2419 2241 2601 2297 imperio
2633 2240 2834 2285 noverint
2862 2246 2970 2284 tem·

1629 2299 1887 2355 perandum.
1947 2312 2050 2342 nam
2085 2299 2304 2354 rescripta
2343 2310 2517 2353 quoque
2557 2297 2704 2340 omnia
2733 2298 2801 2340 vel
2839 2309 2969 2352 prag-

1628 2356 1813 2399 maticas
1842 2356 2009 2399 formas
2040 2360 2119 2398 aut
2148 2354 2482 2398 constitutiones
2511 2353 2691 2408 impias,
2732 2365 2845 2409 quae
2875 2353 2968 2406 qui-

1630 2411 1817 2455 busdam
1869 2411 2071 2466 personis
2122 2410 2369 2467 tyrannidis
2419 2412 2619 2465 tempore
2675 2409 2971 2464 permiserunt

1630 2467 1816 2511 scelesto
1863 2467 2153 2511 contubernio
2201 2465 2470 2510 matrimonii
2523 2478 2680 2509 nomen
2729 2465 2967 2521 imponere,

1629 2529 1680 2566 ut
1707 2523 1859 2567 fratris
1888 2523 2024 2566 filiam
2051 2522 2120 2566 vel
2149 2522 2314 2567 sororis
2344 2526 2389 2565 et
2417 2533 2526 2573 eam,
2561 2533 2673 2576 quae
2702 2534 2802 2564 cum
2830 2520 2969 2564 fratre

1630 2580 1853 2635 quondam
1891 2579 2079 2635 nuptiali
2117 2579 2212 2623 iure
2253 2578 2550 2631 habitaverat,
2600 2590 2782 2620 uxorem
2827 2576 2967 2632 legiti-

1628 2649 1743 2679 mam
1778 2636 2035 2691 turpissimo
2076 2639 2299 2679 consortio
2337 2634 2492 2678 liceret
2530 2633 2760 2689 amplecti,
2805 2638 2884 2676 aut
2919 2637 2969 2675 ut

1628 2693 1716 2735 alia
1753 2691 2003 2735 huiusmodi
2042 2691 2443 2744 committerentur,
2493 2690 2657 2733 viribus
2703 2701 2854 2733 carere
2893 2688 2967 2731 de-

1630 2747 1862 2801 cernimus,
1890 2760 1945 2791 ne
1973 2747 2320 2791 dissimulatione
2345 2745 2554 2802 culpabili
2577 2744 2770 2788 nefanda
2790 2744 2969 2788 licentia

1628 2805 1875 2848 roboretur.
2641 2805 2697 2853 [a.
2730 2804 2966 2852 4-76—484]

2237 2973 2358 3023 V1.¹⁴

1627 3058 1703 3097 DE
1730 3056 2076 3098 INTERDICTO
2100 3056 2461 3097 MATRIMONIO
2479 3055 2655 3095 INTER
2677 3054 2964 3095 PUPILLAM

1627 3114 1699 3154 ET
1745 3112 2012 3153 TUTOREM
2066 3113 2173 3153 SEU
2193 3111 2558 3208 ΕΟᾶΙὲιῖἷ-ΟΒΕΜ
2610 3110 2965 3156 LIBEROSQUE

1685 3248 1708 3295 1
1747 3248 1892 3307 Impp.
1925 3248 2115 3293 Severus
2143 3254 2188 3292 et
2214 3248 2469 3292 Antoninus
2498 3248 2632 3291 AA.¹⁵
2661 3246 2827 3291 Mario.
2858 3295 2862 3299 ,
2887 3247 2963 3291 Se-

1626 3311 1757 3349 natus
1799 3304 1991 3348 consulti
2030 3305 2365 3358 auctoritatem,
2405 3317 2489 3358 quo
2529 3304 2646 3347 inter
2678 3303 2893 3359 pupillam
2923 3309 2965 3346 et

1627 3360 1787 3404 tutoris
1824 3360 1962 3403 filium
2002 3360 2241 3403 conubium
2279 3360 2566 3403 saluberrime
2612 3359 2834 3403 sublatum
2883 3364 2962 3413 est,

1628 3417 1928 3461 circumveniri
1958 3415 2220 3459 rusticitatis
2251 3419 2296 3460 et
2323 3416 2568 3472 imperitiae
2591 3416 2847 3459 velamentis
2876 3429 2963 3460 non

1627 3474 1814 3528 oportet.
1888 3470 1981 3515 ΡΡ.
2031 3483 2103 3515 VII
2143 3471 2201 3515 id.
2248 3472 2376 3516 Febr.
2423 3471 2564 3516 Laeto
2610 3483 2656 3515 Ι]
2697 3478 2741 3516 et
2787 3470 2964 3516 Cereale

1627 3541 1768 3572 conss.

1683 3582 1713 3628 2
1759 3581 1871 3638 Imp.
1917 3582 2179 3626 Alexander
2222 3583 2275 3626 A.
2322 3582 2507 3627 Burrio.

1627 3652 1726 3682 cum
1764 3640 1912 3681 tutore
1950 3637 2068 3682 filiae
2103 3651 2210 3683 suae
2239 3640 2304 3682 vel
2334 3639 2427 3683 filio
2456 3640 2617 3684 tutoris
2647 3639 2826 3694 nuptias
2857 3652 2961 3683 con-

1626 3694 1801 3738 trahere
1831 3707 1919 3737 non
1950 3694 2224 3749 prohibetur.
2283 3694 2376 3739 ΡΡ.
2409 3709 2511 3739 non.
2537 3695 2650 3740 Nov.
2681 3694 2888 3739 Maximo
2920 3707 2963 3737 Ι]

1625 3755 1670 3795 et
1695 3750 1885 3794 Aeliano
1917 3763 2060 3794 conss.
2773 3755 2828 3802 [a.
2863 3753 2958 3801 223]

1682 3803 1711 3852 3
1744 3805 1857 3863 Imp.
1893 3803 2152 3850 Gordianus
2179 3808 2231 3850 A.
2262 3806 2538 3865 Roqatiano.
2599 3806 2707 3849 Cum
2736 3818 2959 3860 proponas

1626 3862 1686 3914 ei,
1729 3874 1858 3916 quam
1887 3861 2165 3906 matrimonio
2194 3866 2271 3907 tuo
2300 3862 2497 3906 iunctam
2527 3862 2735 3916 suggeris,
2776 3865 2879 3915 post
2906 3861 2958 3903 li-

1626 3919 1754 3962 beros
1778 3922 2009 3972 susceptos
2033 3923 2281 3962 curatorem
2306 3923 2476 3973 patrem
2495 3921 2621 3961 tuum
2644 3917 2805 3968 datum,
2830 3929 2956 3972 quem

1625 3973 1853 4017 contendis
1896 3985 1979 4016 nec
2023 3975 2068 4016 te
2109 3974 2156 4017 in
2198 3977 2418 4030 potestate
2461 3973 2693 4016 habuisse:
2738 3985 2836 4014 cum
2874 3972 2958 4014 rite

1625 4033 1899 4073 contractum
1938 4029 2264 4074 matrimonium
2302 4042 2357 4073 ex
2391 4032 2495 4084 post
2531 4028 2651 4071 facto
2690 4028 2833 4070 vitiari
2869 4040 2957 4071 non

1622 4084 1829 4139 potuerit,
1860 4085 1977 4127 iusta
2004 4085 2368 4141 interpretatione
2385 4086 2416 4112 ¹⁶
2455 4089 2648 4127 metuere
2686 4096 2771 4126 non
2809 4083 2955 4136 debes,

1622 4153 1677 4184 ne
1705 4140 1831 4183 liberi
1862 4153 1972 4195 quos
2002 4141 2175 4186 habetis
2205 4155 2294 4185 non
2322 4154 2376 4184 ex
2404 4141 2520 4183 iusto
2550 4139 2826 4182 matrimonio
2857 4151 2953 4182 sus-

2777 3532 2833 3579 [a.
2864 3531 2960 3579 215]

2581 3583 2726 3626 Mater
2770 3584 2963 3639 pupillae

1622 4280 1786 4331 quidem
1811 4280 1924 4319 haud
1949 4280 2071 4321 dubie
2095 4282 2298 4321 credimus
2320 4281 2453 4333 ipsum
2478 4280 2595 4320 divae
2612 4279 2828 4320 memoriae
2846 4278 2953 4318 Con-

1622 4336 1850 4375 stantinum
1885 4335 1932 4375 in
1969 4348 2016 4376 ea
2054 4349 2177 4388 quam
2214 4335 2492 4389 promulgavit
2529 4335 2740 4376 sanctione
2786 4335 2954 4374 sensisse

1621 4391 1794 4443 ideoque
1823 4392 1864 4431 h.
1894 4392 1923 4431 i.
1953 4393 2133 4445 nuptias,
2165 4405 2216 4432 ne
2246 4391 2501 4432 senatoribus
2529 4421 2540 4431 .
2558 4421 2595 4431 ..
2628 4390 2954 4430 enumeravimus

1622 4460 1705 4488 non
1734 4451 1817 4487 tam
1834 4447 2011 4488 conubia
2025 4460 2147 4500 quam
2163 4448 2264 4487 vitia
2277 4448 2549 4498 iungerentur
2564 4447 2667 4488 Nov.
2735 4445 2808 4497 (13)
2825 4446 2951 4487 Basi-

1624 4503 1716 4544 lisci
1741 4503 1845 4543 hanc
1874 4505 2181 4545 constitutionem
2213 4519 2294 4544 esse
2323 4503 2422 4543 vidit
2440 4503 2567 4544 Rossi
2587 4502 2715 4543 Inscr.
2747 4502 2839 4542 Chr.
2864 4503 2950 4542 urb.

1621 4559 1775 4602 Romae
1805 4567 1818 4598 ι
1844 4574 1889 4611 p.
1920 4567 1986 4601 383
2089 4562 2160 4610 (14)
2191 4559 2234 4599 B
2264 4559 2330 4608 28,
2362 4567 2395 4609 5,
2426 4566 2469 4599 36
2499 4573 2608 4611 seqq.
2713 4558 2787 4610 (15)
2818 4558 2952 4599 debuit

1624 4629 1705 4654 esse
1732 4613 1829 4666 imp.
1861 4614 2097 4654 Antoninus
2127 4616 2175 4654 A.
2289 4613 2363 4664 (16)
2393 4614 2452 4654 sic
2482 4614 2597 4664 deta,
2636 4612 2786 4653 iustam
2822 4613 2949 4654 inter-

1619 4669 1891 4723 pretationem
1926 4670 2031 4711 GM.-
2061 4685 2136 4710 scr.
2157 4672 2339 4724 sortasse
2368 4670 2487 4708 istam
2517 4669 2895 4723 interpretationem
