3138 4776
175 147 250 192 Dm
265 159 269 162 '
286 147 509 186 OFFlcxo
548 146 813 186 RECTORIS
850 144 1015 182 PROV.

683 307 992 412 111111111111.1

485 426 561 465 DE
592 426 661 466 OF
664 426 697 465 F
701 423 816 465 ICIO
845 422 1199 464 PRAETORUM.

234 506 256 553 1
305 506 394 550 ²Im
429 542 438 551 .
479 505 765 551 Constantius
808 504 858 547 A.
904 503 966 547 ad
1006 510 1219 550 senatum.
1304 505 1504 550 Praetori

173 563 368 608 defertur
429 576 506 607 aec
534 561 776 606 iurisdictio
809 560 1109 604 sancientibus
1140 563 1281 615 nobis,
1317 568 1367 606 ut
1394 563 1502 605 libe-

172 620 265 664 rale
293 620 515 675 negotium
542 619 636 674 ipse
664 617 933 672 disceptator
962 618 1194 661 examinet.
1239 632 1345 663 sane
1367 619 1502 661 inter-

172 675 277 732 poni
315 676 370 718 ab
400 688 452 720 eo
483 675 659 718 decreta
689 672 933 724 conveniet,
974 678 1043 726 ut,
1085 675 1175 717 sive
1212 675 1257 718 in
1287 675 1504 729 integrum

172 731 394 776 restitutio
439 730 674 775 deferenda
715 733 801 781 est,
845 728 1044 783 probatis
1087 730 1318 773 dumtaxat
1360 728 1502 773 causis

173 788 230 832 ab
267 787 422 832 eodem
469 786 628 831 etiam³
674 785 984 840 interponatur
1013 785 1247 839 decretum,
1278 800 1357 830 seu
1385 789 1502 827 tuto-

172 845 234 888 ris
263 843 397 888 dandi
424 855 502 886 seu
531 840 760 885 ordinandi
791 841 1008 884 curatoris
1021 842 1052 893 ⁴,
1091 842 1327 897 impleatur
1365 841 1421 884 ab
1450 851 1502 883 eo

172 898 446 956 interpositio
476 897 773 942 decretorum:
808 896 970 952 quippe
1000 910 1100 940 cum
1131 899 1248 953 apud
1273 911 1369 941 eum
1394 908 1502 952 quo-

174 967 258 1011 que
292 953 476 1010 adipisci
512 953 671 996 debeat
707 956 992 1008 patronorum
1029 954 1192 997 iudicio
1230 954 1384 998 sedula
1412 963 1502 995 ser-

171 1011 287 1055 vitus
313 1009 573 1054 libertatem.
640 1021 722 1052 nec
751 1021 857 1052 sane
888 1009 1037 1052 debita
1065 1009 1255 1053 filiorum
1283 1009 1394 1053 votis
1423 1019 1501 1062 pa-

171 1072 288 1110 trum
324 1069 428 1110 vota
457 1064 713 1119 cessabunt,
754 1070 820 1108 ut>
839 1068 1019 1121 patente
1051 1066 1179 1122 copia
1207 1067 1370 1110 liberos
1400 1074 1503 1126 suos

171 1126 334 1166 exuant
369 1125 610 1178 potestate,
655 1121 796 1175 magis
834 1122 1024 1176 propriis
1075 1123 1294 1178 obsequiis
1339 1131 1502 1164 manci-

169 1181 311 1234 patos,
343 1190 442 1220 cum
471 1189 569 1220 sese
597 1177 851 1232 intellegant
875 1177 944 1221 his
974 1178 1172 1233 obsequii
1199 1179 1302 1234 plus
1332 1176 1501 1226 debere,

169 1246 197 1276 a
231 1233 388 1289 quibus
428 1245 524 1277 sese
567 1234 855 1277 meminerunt
893 1234 1077 1278 vinculis
1127 1234 1296 1278 sacris⁵
1331 1234 1500 1276 exutos.

170 1287 222 1333 D.
256 1300 323 1332 ΙΙΙ
348 1287 391 1332 lc.
422 1287 523 1332 Ian.
556 1287 750 1334 Eusebio
781 1295 826 1333 et
854 1289 1060 1347 Hypatio
1091 1304 1236 1334 conss.
1317 1293 1372 1341 [a.
1405 1288 1501 1337 359]

226 1341 256 1390 2
301 1342 467 1403 “Impp.
510 1344 853 1396 Valentinianus
895 1352 939 1390 et
979 1344 1245 1390 Marcianus
1286 1344 1377 1388 AA.
1420 1341 1503 1406 Ta-

170 1401 293 1446 tiano
323 1414 407 1460 pu.
477 1401 586 1445 Tres
623 1401 927 1445 tantummodo
956 1406 1186 1457 praetores
1215 1401 1381 1444 electae
1410 1411 1502 1454 opl-

168 1456 310 1501 nionis
339 1457 385 1500 in
422 1458 507 1501 hac
536 1458 646 1501 urbe
673 1470 754 1513 per
782 1458 975 1513 singulos
1006 1471 1146 1500 annos
1175 1456 1337 1500 iudicio
1377 1467 1502 1498 sena-

167 1517 240 1556 tus
267 1513 560 1569 praecipimus
591 1513 797 1565 ordinari,
839 1514 914 1568 qui
944 1517 1239 1568 competentes
1271 1524 1430 1555 causas
1461 1514 1504 1553 et

169 1569 338 1613 debitos
369 1574 495 1613 actus
524 1569 690 1624 integre
719 1569 969 1625 disceptare
998 1574 1131 1623 atque
1160 1573 1354 1611 tractare
1371 1566 1502 1611 debe-

168 1625 291 1679 bunt,
321 1626 400 1669 ut⁷
428 1625 475 1668 hi
503 1629 650 1668 tamen
680 1629 771 1668 tres
802 1636 855 1667 ex
883 1624 965 1678 his,
1006 1624 1080 1679 qui
1108 1623 1337 1679 proprium
1366 1623 1504 1665 larem

165 1680 212 1724 in
239 1680 325 1724 hac
354 1680 470 1723 alma
497 1681 607 1723 urbe
635 1680 842 1733 habeant,
873 1693 963 1722 non
993 1693 1047 1723 ex
1075 1679 1313 1734 provinciis
1339 1678 1501 1733 eligan-

165 1739 252 1779 tur.
319 1748 401 1779 nec
438 1735 477 1779 si
513 1735 589 1789 qui
625 1735 741 1779 forte
779 1739 961 1791 propter
999 1735 1199 1790 aliquas³
1248 1747 1407 1778 causas
1445 1733 1502 1776 ad

162 1791 280 1835 hanc
309 1791 464 1834 urbem
493 1790 547 1834 de
574 1791 812 1846 provinciis
840 1790 1020 1843 venerit,
1053 1790 1110 1833 ad
1170 1795 1376 1846 raeturae
1404 1803 1500 1832 mu-

162 1859 247 1890 nus
275 1851 468 1900 vocetur,
499 1846 578 1890 sed
606 1846 653 1889 hi
680 1846 998 1899 tantummodo,
1039 1852 1091 1889 ut
1149 1847 1286 1890 ictum
1315 1851 1396 1899 est,
1429 1845 1504 1902 qui

162 1901 235 1946 hic
265 1901 532 1946 domicilium
560 1902 722 1952 fovent,
753 1903 817 1946 ita
845 1907 895 1945 ut
927 1916 1010 1947 nec
1034 1903 1120 1959 ipsi
1145 1907 1347 1959 sumptus
1370 1915 1503 1959 quos-

162 1957 262 2002 dam
280 1957 445 2002 inferre
462 1963 674 2013 cogantur
701 1959 840 2012 inviti,
871 1959 948 2003 sed
976 1959 1173 2003 habeant
1202 1958 1506 2015 spontaneae⁹

160 2013 437 2058 liberalitatis
477 2015 719 2059 arbitrium.
787 2014 842 2059 D.
875 2027 949 2058 XV
978 2014 1021 2058 lc.
1054 2014 1154 2059 Ian.
1190 2014 1504 2060 Constantino-

156 2069 258 2129 poli
297 2069 611 2115 Valentiniano
640 2072 693 2116 A.
734 2083 806 2115 1⁷11
832 2076 877 2116 et
903 2072 1071 2116 Avieno
1103 2085 1247 2116 conss.
1318 2072 1375 2129 [a.
1403 2076 1502 2123 450]

714 2245 951 2292 XXXX.¹⁰

322 2325 398 2365 DE
428 2325 654 2366 OFFIOIO
683 2326 958 2367 RECTORIS
987 2326 1348 2368 PROVINCIAE.

224 2405 247 2453 1
289 2405 403 2465 Imp.
443 2406 706 2452 Ale-‘eander
743 2409 796 2452 A.
838 2407 1057 2452 Iulianae.
1123 2409 1279 2452 Potest
1307 2409 1362 2452 de
1390 2408 1504 2453 falso

163 2475 342 2508 causam
387 2476 657 2519 cognoscens
702 2477 880 2519 praeses
931 2465 1190 2521 provinciae
1238 2465 1505 2509 incidentem

162 2519 444 2620 ffioprietatis
481 2520 783 2574 quaestionem
825 2520 1042 2564 dirimere.
1101 2520 1158 2564 D.
1198 2533 1248 2564 VJ
1282 2520 1326 2565 lc.
1357 2521 1503 2580 April.

215 2576 370 2620 aaimo
402 2587 446 2619 11
473 2581 518 2620 et
551 2574 729 2620 Urbano
759 2590 903 2621 conss.
1316 2581 1372 2630 [a.
1406 2581 1503 2629 234]

221 2629 252 2677 2
287 2630 437 2698 ¹¹Imp.
471 2630 792 2676 Constantinus
819 2635 870 2676 A.
902 2632 964 2677 ad
992 2631 1257 2677 Maoeimum.
1328 2633 1503 2677 Praesi-

163 2687 240 2732 des
276 2688 600 2744 provinciarum
639 2693 831 2744 oportet,
872 2690 910 2733 si
939 2690 1036 2744 quis
1064 2690 1363 2745 potentiorum
1393 2690 1504 2733 exti-

161 2744 265 2790 terit
304 2743 565 2788 insolentior
607 2750 668 2798 et,
693 2745 780 2800 ipsi
808 2745 1033 2790 vindicare
1070 2759 1161 2789 non
1198 2750 1389 2801 possunt
1427 2751 1505 2789 aut

161 2799 412 2844 examinare
440 2803 519 2843 aut
545 2801 834 2856 pronuntiare
864 2807 1102 2856 nequeunt,
1134 2802 1188 2845 de
1211 2802 1306 2845 eius
1329 2803 1504 2846 nomine

161 2855 219 2899 ad
271 2868 352 2899 nos
400 2861 479 2899 aut
522 2861 642 2900 certe
684 2857 742 2900 ad
791 2858 1102 2913 praetorianae
1144 2858 1454 2913 praefecturae
1471 2859 1504 2885 ¹²

161 2912 388 2956 scientiam
417 2911 604 2956 referre:
636 2926 723 2968 quo
752 2914 1051 2969 provideatur,
1087 2914 1276 2969 qualiter
1298 2915 1504 2970 publicae

161 2967 417 3024 disciplinae
446 2973 491 3012 et
518 2969 648 3013 laesis
678 2970 951 3014 tenuioribus
984 2971 1256 3014 consulatur.
1324 2970 1380 3014 D.
1417 2982 1508 3013 11]]

153 3022 196 3069 lc.
218 3021 375 3068 Ian.¹2·
404 3023 603 3070 Treviris
630 3024 883 3069 Ianuarino
913 3030 956 3069 et
983 3024 1112 3070 Iusto
1141 3039 1284 3071 conss.
1335 3030 1393 3082 [a.
1411 3030 1509 3080 328]

218 3078 247 3125 3
284 3078 447 3122 ¹³Idem
474 3080 526 3123 A.
557 3078 619 3122 ad
637 3082 958 3138 provinciales.
1025 3081 1294 3125 Iustissimos
1326 3087 1370 3124 et
1397 3081 1503 3136 vigi-

160 3135 428 3179 lantissimos
465 3134 636 3178 iudices
671 3135 861 3190 publicis
900 3137 1297 3180 adclamationibus
1337 3137 1502 3181 collau-

163 3190 297 3234 dandi
340 3190 495 3233 damus
539 3191 741 3234 omnibus
784 3195 1077 3246 potestatem,
1122 3197 1173 3235 ut
1214 3193 1397 3236 honoris
1441 3194 1503 3236 eis

163 3247 384 3290 auctiores
406 3245 684 3302 proferamus
699 3252 1001 3301 processus,et
1022 3261 1046 3291 e
1073 3249 1297 3292 contrario
1313 3249 1502 3292 iniustos

163 3306 210 3346 et
237 3301 459 3345 maleficos
490 3302 781 3357 querellarum
809 3303 992 3346 vocibus
1024 3304 1278 3356 accusandi,
1319 3309 1369 3346 ut
1398 3317 1502 3347 cen-

164 3370 296 3402 surae
344 3362 524 3401 nostrae
565 3357 688 3412 vigor
732 3370 808 3401 eos
852 3359 1068 3402 absumat.
1148 3371 1250 3401 nam
1294 3360 1331 3403 si
1373 3372 1504 3403 verae

162 3423 292 3458 voces
331 3417 436 3457 sunt
471 3425 555 3456 nec
594 3413 651 3456 ad
688 3413 911 3457 libidinem
979 3426 1027 3458 er
1066 3415 1292 3458 clientelas
1322 3414 1501 3467 effusae,

164 3469 392 3525 diligenter
419 3468 799 3525 investigabimus:
829 3482 938 3525 prae
961 3469 1069 3514 ectis
1099 3471 1322 3525 praetorio
1354 3477 1400 3514 et
1428 3484 1501 3515 co-

163 3526 355 3578 mitibus,
394 3525 467 3581 qui
496 3538 576 3581 per
603 3525 854 3582 provincias
895 3527 1122 3570 constituti
1161 3529 1287 3578 sunt,
1327 3527 1501 3582 provin-

164 3582 341 3626 cialium
370 3587 623 3625 nostrorum
652 3594 782 3626 voces
822 3582 879 3626 ad
907 3586 1105 3626 nostram
1134 3582 1364 3626 scientiam
1391 3582 1500 3626 refe-

161 3639 376 3684 rentibus.
448 3636 542 3682 PP.
586 3637 630 3682 lc.
662 3637 774 3683 Nov.
824 3637 1215 3697 Constantinopoli
1258 3638 1408 3682 Basso
1461 3645 1505 3682 et

164 3693 351 3738 Ablabio
383 3706 526 3737 conss
1315 3698 1371 3746 [a.
1405 3698 1500 3747 331]

221 3748 252 3795 4
282 3748 408 3794 Idem
437 3750 489 3793 A.
521 3748 583 3793 ad
609 3748 828 3794 Periclem
858 3749 1127 3817 praesidem.
1198 3751 1250 3793 In
1290 3749 1502 3794 officiales

162 3805 488 3862 praefectorum
529 3818 705 3848 cursum
745 3807 973 3861 pubhcum
1009 3806 1228 3851 laniantes
1264 3807 1331 3850 vel
1368 3819 1503 3862 prava

164 3866 321 3906 contra
350 3860 585 3905 utilitatem
614 3861 837 3917 publicam
877 3863 1108 3907 molientes
1144 3862 1394 3906 vindicandi
1422 3863 1502 3906 tibi

165 3918 362 3962 dedimus
414 3921 700 3972 potestatem,
753 3918 816 3961 ita
867 3923 917 3960 ut
991 3918 1210 3962 raefectos
1254 3918 1308 3962 de
1352 3931 1503 3962 eorum

164 3975 296 4030 culpa
323 3972 463 4016 facias
493 3973 717 4017 certiores.
776 3973 875 4016 D.¹⁴
904 3986 942 4017 Χ
1000 3974 1139 4018 .Nov.
1157 3974 1372 4033 Nicopoli
1391 3974 1501 4018 Con-

163 4031 332 4075 stantio
362 4036 406 4073 et
433 4028 595 4072 Albino
626 4041 769 4072 conss.
1317 4035 1372 4083 [a.
1405 4035 1501 4083 335]

217 4083 247 4129 5
281 4081 428 4141 Impp.
461 4082 806 4126 Valentinianus
833 4086 876 4123 et
911 4082 1077 4127 Valens
1104 4084 1253 4127 AA.¹⁴·
1282 4084 1343 4126 ad
1369 4085 1517 4141 Apro-

165 4138 349 4180 nianum
368 4149 452 4194 pu.
517 4136 708 4180 Potioris
744 4138 907 4192 gradus
935 4138 1154 4183 iudicibus
1196 4141 1254 4184 ab
1283 4140 1503 4186 inferiori-

154 4335 817 4389 (1)B6,7‚e.·1.-Gs.Diq.1,14
875 4336 1247 4391 (2)=Th.6,4,16
1306 4340 1361 4391 (3)
1378 4338 1501 4380 etiam

156 4407 228 4433 om.
249 4393 324 4433 Th.
398 4395 452 4442 (4)
483 4393 640 4432 tutores
662 4391 789 4431 dandi
818 4403 889 4431 seu
919 4391 1140 4434 ordinandi
1163 4397 1372 4435 curatores
1392 4397 1500 4436 Her·

155 4463 275 4489 mann
402 4449 458 4499 (5)
488 4447 669 4487 vinculis
700 4448 838 4487 curiae
870 4447 945 4488 Th.
1084 4454 1140 4502 (6)
1170 4453 1288 4505 iunqe
1322 4453 1387 4503 12,
1418 4461 1454 4502 2,
1484 4461 1499 4492 1

157 4504 212 4554 (Ἰ)
241 4506 289 4543 ut
317 4503 381 4555 M,
401 4505 454 4544 et
488 4503 562 4546 CR
633 4510 689 4554 (8)
719 4506 778 4545 sic
805 4504 850 4555 C,
879 4503 981 4543 alias
1009 4504 1052 4545 R
1124 4507 1180 4558 (9)
1209 4509 1269 4548 sic
1304 4508 1348 4560 G,
1378 4521 1499 4560 spon-

157 4562 326 4600 taneum
353 4560 397 4601 R
546 4561 621 4613 (10)
652 4560 696 4601 Β
726 4563 766 4611 6,
796 4570 827 4610 1,
859 4569 1022 4602 74—89.
1068 4585 1124 4592 -
1173 4564 1235 4617 Cfi
1262 4564 1364 4617 Diq.
1395 4575 1427 4615 1,
1457 4574 1497 4605 18

157 4617 226 4665 (11)
242 4635 298 4651 ====
315 4616 390 4658 Th.
415 4619 448 4668 1,
463 4625 518 4668 16,
535 4625 578 4657 4:
610 4618 728 4671 iunqe
752 4619 814 4668 12,
831 4625 889 4667 46,
906 4626 927 4658 2
1001 4620 1074 4670 (12)
1103 4619 1156 4659 ad
1172 4620 1390 4671 gravitatis
1404 4624 1501 4660 tuae

160 4672 235 4714 Th.
310 4673 397 4724 (ιτ)
428 4684 578 4712 ace...
597 4674 671 4714 ins.
747 4676 818 4718 (13)
849 4693 903 4708 π
935 4672 1196 4727 Tk.1,16,s:
1229 4678 1347 4729 iunye
1365 4677 1438 4717 Th.
1465 4679 1499 4727 1,

1523 129 1589 186 85
2679 135 2705 187 Ι
2742 140 2823 188 39.
2864 142 2928 189 40

1592 285 1674 328 bus
1707 288 1956 340 competens
1987 284 2230 326 reverentia
2258 284 2495 326 tribuatur.
2555 285 2632 328 sed
2650 287 2727 330 ubi
2750 289 2929 342 publica

1592 344 1811 384 tractatur
1840 339 2018 391 utilitas,
2051 339 2134 381 etsi
2163 340 2304 382 minor
2332 339 2464 382 iudex
2491 340 2720 384 veritatem
2752 345 2928 387 investi-

1591 396 1771 449 gaverit,
1801 395 1924 438 nulla
1951 393 2106 436 maiori
2135 394 2363 449 inrogatur
2391 394 2565 437 iniuria.
2626 408 2731 439 sane
2763 401 2834 452 qui
2863 402 2930 442 in-

1591 450 1732 504 signia
1770 450 1992 506 dignitatis
2032 449 2088 491 ad
2118 450 2203 493 hoc
2232 456 2419 504 exercet,
2462 452 2513 492 ut
2541 449 2731 502 indignis
2760 453 2929 498 iniuriis

1590 506 1808 550 existimet
1843 505 2111 548 adficiendos
2143 519 2240 557 eos,
2282 506 2355 561 qui
2395 505 2544 549 officia
2584 519 2683 548 cum
2713 512 2930 560 potestate

1589 561 1883 614 moderantur,
1914 574 2002 604 non
2026 560 2263 604 declinabit
2276 566 2455 605 nostrae
2482 561 2796 616 indignationis
2827 576 2929 606 acu-

1587 614 1694 680 leos,
1755 618 1811 662 D.
1843 632 1880 664 ν.
1901 619 1943 664 lc.
1967 618 2070 664 Iun.
2091 623 2273 679 Ancyro
2297 623 2397 666 divo
2420 620 2670 665 Ioviano¹⁴·
2692 625 2737 664 et
2767 620 2932 665 Varro-

1589 685 1728 715 niano
1760 687 1908 716 conss.
2746 675 2802 723 [a.
2838 677 2931 725 364]

1647 725 1677 772 6
1710 726 1778 770 Im
1836 743 1888 786 p.
1923 727 2170 773 Gratianus
2210 727 2553 772 Valentinianus
2585 731 2630 770 et
2659 725 2935 771 Theodosius

1588 784 1722 825 AAA.
1802 785 1969 841 yneqio
2004 799 2089 882 gp.
2162 783 2327 827 Civitas
2368 782 2645 826 Rhodiorum
2660 783 2695 808 ²⁵
2732 783 2935 826 iniuriam

1589 850 1715 881 suam
1751 851 1842 881 non
1879 844 1970 882 tam
2041 844 2217 882 ecenter
2257 851 2388 893 quam
2436 850 2534 881 sero
2575 843 2818 892 conquesta
2855 845 2933 882 est.

1590 893 1706 936 unde
1742 893 1984 936 inviolabili
2013 894 2320 938 observatione
2350 893 2588 943 sancimus,
2631 898 2693 947 ut,
2733 895 2937 948 quoniam

1588 955 1785 1004 tempore
1823 949 1977 992 hiemis
2007 950 2227 1003 navigatio
2267 961 2400 1004 saepe
2429 948 2683 1003 periculosa
2720 954 2787 993 est
2825 964 2935 994 sem-

1589 1017 1669 1060 per
1706 1005 1900 1056 incerta,
1941 1005 1987 1046 in
2024 1004 2110 1047 illis
2143 1004 2335 1059 quinque
2365 1004 2564 1057 urbibus,
2599 1018 2712 1060 quae
2742 1007 2937 1062 potiores

1590 1073 1686 1104 esse
1731 1060 1889 1104 ceteris
1945 1060 2233 1111 adseruntur,
2283 1059 2475 1103 vicissim
2529 1061 2809 1105 hiemandum
2854 1064 2936 1106 sibi

1589 1116 1758 1160 iudices
1796 1119 2134 1171 recognoscant.
2205 1115 2322 1171 quod
2352 1116 2391 1159 si
2421 1116 2628 1172 cuiquam
2658 1119 2746 1162 tale
2777 1120 2939 1163 existat

1588 1172 1823 1227 ingenium,
1854 1177 1906 1215 ut
1933 1176 2175 1228 praecepta
2210 1178 2364 1215 nostra
2404 1177 2680 1224 contemnat,
2722 1175 2938 1230 quinqua-

1588 1229 1710 1283 ginta
1740 1229 1796 1272 ab
1827 1241 1880 1272 eo
1910 1230 2080 1284 argenti
2117 1229 2281 1281 librae,
2324 1233 2502 1272 centum
2539 1230 2596 1272 ab
2637 1230 2733 1274 eius
2774 1231 2936 1285 officio,

1592 1285 1628 1327 si
1685 1285 1816 1328 aliter
1873 1284 2041 1328 factum
2099 1284 2252 1336 fuerit,
2311 1284 2408 1328 fisci
2453 1285 2620 1329 viribus
2674 1286 2934 1331 inferantur.

1592 1341 1645 1384 D.
1687 1353 1717 1384 V
1748 1340 1808 1384 id.
1840 1340 1946 1385 Dec.
1982 1340 2377 1399 Constantinopoli
2404 1341 2604 1385 Arcadio
2645 1347 2691 1386 et
2727 1343 2940 1387 Bautone

1590 1410 1734 1440 conss.
2751 1403 2808 1452 [a.
2841 1403 2937 1451 385]

1649 1450 1676 1497 7
1711 1452 1780 1496 Im
1806 1468 1889 1512 pp.
1943 1452 2288 1498 Valentinianus
2319 1453 2597 1498 Theodosius
2634 1459 2681 1499 et
2714 1455 2941 1499 Arcadius

1589 1510 1721 1553 AAA.
1767 1468 1964 1567 gyneqio
1993 1525 2077 1568 pp.
2145 1509 2231 1565 Qui
2272 1510 2542 1553 ordinariam
2580 1511 2770 1566 gesserit
2800 1512 2938 1567 digni-

1588 1569 1739 1618 tatem,
1780 1566 1991 1621 quidquid
2022 1579 2076 1610 ex
2105 1571 2316 1609 venturae
2348 1566 2633 1622 delegationis
2663 1568 2805 1612 titulis
2835 1583 2938 1624 pro-

1588 1620 1816 1676 fligaverit,
1856 1636 1956 1666 cum
1994 1622 2224 1678 dispendio
2261 1622 2445 1678 pudoris
2484 1627 2618 1678 atque
2648 1623 2856 1668 fortunae
2885 1625 2939 1668 de

1588 1679 1780 1733 propriis
1810 1679 2101 1725 facultatibus
2129 1679 2248 1721 intra
2280 1679 2554 1736 provinciam
2577 1681 2749 1734 positus
2775 1681 2941 1724 inferre

1590 1734 1780 1777 debebit.
1847 1734 1902 1778 D.
1943 1747 2017 1778 ΠΙ
2054 1734 2097 1778 lc.
2138 1733 2240 1778 Iun.
2290 1733 2684 1793 Constantinopoli
2729 1736 2938 1781 Honorio

1589 1804 1663 1848 np.
1694 1795 1740 1834 et
1768 1790 1951 1835 Euodio
1982 1804 2127 1835 conss.
2752 1797 2807 1845 [a.
2842 1797 2938 1845 386]

1647 1843 1676 1892 8
1710 1845 1835 1890 Idem
1875 1848 2007 1890 AAA.
2053 1845 2250 1904 Cyneqio
2282 1862 2365 1904 pp.
2435 1847 2504 1891 Ne
2544 1849 2639 1902 quis
2669 1848 2866 1892 iudicum
2895 1850 2941 1892 in

1588 1903 1818 1958 provincia
1857 1916 1939 1947 sua
1977 1904 2329 1959 praefectianum
2358 1905 2428 1946 vel
2466 1904 2712 1959 palatinum
2751 1905 2819 1948 vel
2859 1906 2939 1948 mi-

1588 1960 1709 2003 litem
1740 1960 1807 2003 vel
1837 1973 1892 2003 ex
1921 1959 1989 2003 his
2021 1960 2155 2003 etiam
2186 1960 2403 2012 omnibus,
2443 1961 2518 2015 qui
2547 1965 2681 2004 antea
2709 1961 2756 2004 in
2784 1962 2940 2005 huius-

1589 2016 1709 2060 modi
1751 2015 1911 2059 officiis
1951 2015 2134 2060 fuerunt
2177 2017 2456 2070 commorati,
2503 2017 2840 2061 intercessorem
2881 2019 2942 2070 (id

1590 2077 1658 2115 est
1697 2077 2015 2125 exsecutorem)
2065 2073 2324 2127 cuiusquam
2367 2073 2601 2127 litigatoris
2639 2074 2852 2129 petitione
2895 2075 2942 2117 in

1589 2128 1787 2184 quolibet
1823 2142 1902 2172 seu
1943 2129 2115 2184 privato
2153 2142 2232 2172 seu
2272 2129 2451 2184 publico
2481 2130 2658 2185 negotio
2689 2135 2816 2185 putet
2845 2143 2942 2174 esse

1587 2185 1883 2229 tribuendum.
1966 2198 2067 2228 nam
2111 2188 2372 2241 peccantem
2426 2186 2546 2229 circa
2591 2187 2796 2230 consulta
2843 2200 2941 2231 cae-

1587 2242 1719 2284 lestia
1754 2255 1855 2284 cum
1895 2255 1974 2285 suo
2017 2241 2166 2285 officio
2206 2255 2296 2285 non
2333 2242 2477 2285 solum
2519 2242 2830 2286 detrimentum
2875 2243 2942 2286 fa-

1589 2310 1711 2351 mae,
1753 2298 1831 2341 sed
1869 2299 2000 2341 etiam
2038 2298 2406 2354 patrimoniorum
2456 2298 2618 2342 damna
2658 2299 2938 2343 comitentur.

1588 2353 1643 2397 D.
1674 2367 1780 2397 non.
1810 2354 1925 2411 Auq.
1960 2353 2354 2411 Constantinopoli
2384 2353 2595 2398 Honorio
2629 2369 2704 2412 np.
2736 2361 2782 2399 et
2815 2355 2940 2399 Euo-

1589 2409 1665 2453 dio
1697 2423 1840 2453 conss.
2751 2415 2807 2463 [a.
2841 2415 2938 2463 386]

1647 2462 1677 2511 9
1708 2463 1834 2509 Idem
1863 2466 1996 2508 AAA.
2029 2463 2232 2509 Polemio
2261 2480 2340 2523 pp.
2373 2464 2563 2524 Illyrici.
2632 2466 2795 2510 Nullus
2834 2481 2938 2523 pro-

1588 2521 1758 2565 vinciae
1781 2522 2037 2565 moderator
2060 2521 2421 2576 augustissimam
2445 2523 2602 2566 urbem
2626 2523 2721 2566 sine
2741 2523 2938 2567 iussione

1589 2578 1711 2621 adire
1740 2577 1915 2622 audeat.
1975 2591 2078 2621 nam
2107 2578 2146 2622 si
2176 2590 2306 2633 quem
2339 2578 2536 2633 patuerit
2576 2583 2733 2622 contra
2772 2579 2939 2623 decreti

1590 2634 1730 2678 nostri
1768 2639 2008 2690 praecepta
2047 2634 2239 2685 venisse,
2269 2634 2309 2678 is
2341 2647 2539 2689 congrua
2571 2635 2938 2680 condemnatione

1582 2688 1816 2741 plectetur.
1877 2690 1933 2735 D.
1957 2684 2231 2731 xlc.Ian.¹⁵’
2255 2689 2506 2734 Mediolani
2525 2695 2637 2748 post
2665 2690 2947 2734 consulatum

1594 2745 1632 2787 T
1627 2745 1775 2788 imasii
1803 2749 1848 2789 et
1875 2744 2095 2789 Promoti.
2767 2760 2808 2789 a.
2841 2750 2938 2798 390]

1651 2799 1712 2847 10
1759 2799 1906 2858 Impp.
1950 2800 2177 2859 Arcadius
2228 2805 2274 2844 et
2317 2799 2555 2844 Honorius
2596 2801 2690 2845 AA.
2776 2802 2937 2846 imenio

1590 2857 1742 2900 comiti
1769 2870 2007 2900 sacrarum
2037 2857 2346 2914 larqitionum.
2416 2857 2594 2900 Nullum
2623 2857 2829 2912 palatinis
2859 2858 2941 2901 tibi

1589 2913 1996 2957 obsecundantibus
2052 2926 2152 2956 cum
2205 2913 2555 2968 provincialibus
2598 2914 2799 2957 volumus
2845 2927 2940 2958 esse

1590 2969 1923 3013 commercium:
1969 2969 2047 3014 sed
2089 2968 2259 3013 iudices
2304 2969 2418 3013 scire
2457 2969 2683 3013 debebunt
2728 2971 2815 3014 hoc
2854 2971 2938 3014 sibi

1588 3025 1829 3083 praecipue
1860 3038 1957 3069 esse
1987 3026 2291 3077 commissum,
2332 3030 2383 3068 ut
2421 3026 2507 3080 ipsi
2537 3039 2564 3069 a
2592 3026 2938 3081 provincialibus

1590 3083 1768 3137 exigant
1797 3086 1842 3125 et
1872 3086 2087 3126 consueta
2117 3081 2384 3136 deposcant,
2424 3082 2672 3135 palatinum
2700 3095 2804 3126 vero
2834 3096 2938 3138 pos-

1589 3151 1736 3182 sessor
1786 3151 1876 3181 non
1927 3138 2126 3189 horreat,
2179 3137 2254 3191 qui
2296 3150 2385 3180 non
2430 3137 2535 3190 sibi,
2591 3137 2668 3180 sed
2717 3138 2937 3182 iudicibus

1590 3199 1722 3249 atque
1765 3193 1924 3237 officiis
1969 3197 2233 3248 praeceptus
2279 3197 2348 3235 est
2388 3192 2626 3236 imminere.
2707 3192 2763 3237 D.
2804 3206 2855 3237 VJ
2893 3194 2936 3238 lc.

1589 3250 1735 3308 April.
2547 3249 2685 3300 [cirea
2714 3263 2754 3293 a.
2785 3255 2864 3293 401
2888 3252 2935 3303 ¹⁶]

1651 3304 1709 3350 11
1758 3303 1942 3362 ¹⁷Impp.
1986 3302 2224 3347 Honorius
2261 3309 2307 3347 et
2347 3303 2625 3348 Theodosius
2660 3306 2752 3348 AA.
2798 3306 2936 3350 Tlieo-

1589 3361 1703 3404 doro
1725 3374 1810 3418 pp.
1879 3359 2187 3403 Moderatores
2225 3359 2552 3415 provinciarum
2593 3374 2745 3404 curam
2785 3375 2935 3419 gerere

1587 3417 1812 3469 iubemus,
1854 3428 1910 3458 ne
1950 3415 2105 3471 quid¹⁸
2139 3416 2387 3471 potentium
2424 3422 2739 3472 procuratores
2778 3432 2933 3475 perpe-

1588 3486 1685 3516 ram
1700 3472 1953 3527 inliciteque
1968 3472 2002 3498 ¹⁹
2032 3472 2323 3516 committant.
2370 3471 2424 3515 D.
2448 3485 2498 3516 VJ
2511 3472 2674 3517 lc.Dec.
2694 3473 2936 3519 Ravennae

1589 3528 1739 3571 Basso
1771 3533 1815 3571 et
1842 3527 2059 3586 Plzilippo
2094 3541 2237 3571 conss.
2748 3535 2804 3583 [a.
2835 3535 2934 3583 408]

1650 3581 1711 3628 12
1744 3582 1869 3627 Idem
1906 3584 1998 3627 AA.
2041 3582 2269 3628 Monaxio
2300 3599 2385 3643 pp.
2456 3585 2617 3629 Omnes
2647 3599 2728 3642 per
2756 3587 2924 3642 provin-

1589 3641 1680 3684 cias
1711 3639 1984 3695 apparitores
2013 3654 2095 3696 pro
2124 3640 2368 3684 inveterata
2395 3642 2661 3685 auctoritate
2684 3643 2811 3685 iuxta
2839 3657 2926 3686 mo·

1587 3702 1683 3739 tum
1724 3695 1883 3739 iudicis
1926 3695 2117 3740 nudatos
2161 3697 2436 3749 verberibus,
2482 3698 2519 3741 si
2556 3698 2621 3741 ita
2657 3711 2729 3741 res
2766 3699 2931 3751 tulerit,

1588 3752 1819 3796 subiacere
1848 3752 2158 3808 praecipimus,
2199 3757 2250 3795 ut
2284 3760 2328 3796 et
2356 3752 2499 3797 facilis
2530 3754 2754 3797 exsecutio
2783 3767 2932 3796 rerum

1587 3808 1866 3864 publicarum
1902 3808 1960 3852 sit
1998 3813 2042 3852 et
2077 3807 2324 3852 officiorum
2353 3809 2588 3853 insolentia
2616 3810 2931 3864 comprimatur

1588 3869 1633 3907 et
1659 3863 1856 3907 iudicum
1884 3865 2109 3908 severitati
2139 3868 2392 3919 competens
2422 3864 2635 3908 reddatur
2670 3865 2927 3908 auctoritas.

1587 3919 1643 3963 D.
1683 3932 1732 3963 VJ
1767 3918 1810 3963 lc.
1852 3918 1952 3963 Ian.
1993 3919 2203 3965 Honorio
2243 3932 2361 3963 VJJJJ
2403 3926 2449 3964 et
2484 3919 2735 3964 Theodosio
2775 3932 2804 3962 V
2836 3923 2928 3963 AA.

1588 3989 1731 4019 conss.
2740 3980 2796 4028 [a.
2829 3980 2926 4027 412]

1586 4347 1641 4389 16,
1659 4347 1677 4380 7
1766 4339 1839 4389 (14)
1867 4338 2028 4379 reddita
2042 4340 2106 4380 vel
2124 4352 2193 4392 pp.
2209 4354 2302 4391 scr„
2329 4355 2421 4380 nam
2444 4340 2726 4381 Constantinus
2744 4342 2931 4393 proximo

1587 4396 1653 4435 die
1672 4395 1762 4445 fuit
1794 4395 2142 4448 Constantinopoli
2168 4397 2380 4437 secundum
2412 4397 2487 4437 Th.
2520 4399 2581 4446 16,
2614 4405 2648 4446 8,
2681 4407 2713 4435 5.
2751 4399 2813 4448 16,
2845 4406 2882 4449 9,
2912 4407 2930 4440 1

1584 4452 1668 4502 (Μ’)
1686 4451 1822 4504 fuisse
1849 4452 1940 4492 olim
1959 4452 2056 4504 imp.
2079 4451 2276 4491 Iovianus
2295 4452 2344 4490 A.
2367 4460 2404 4492 et
2423 4452 2461 4490 d.
2486 4463 2514 4490 v
2535 4463 2618 4490 non
2638 4451 2732 4491 Jan.
2753 4455 2918 4507 Aneyro

1583 4507 1756 4546 Ioviano
1785 4508 1821 4546 A
1850 4508 1952 4549 vidit
1983 4508 2111 4548 Seeck
2280 4507 2351 4559 (15)
2381 4506 2627 4559 phodiorum
2661 4508 2758 4548 libri
2787 4519 2926 4551 contra

1583 4563 1629 4604 B
1685 4563 1772 4614 (15⁸)
1800 4574 1882 4603 ane.
1997 4566 2072 4605 ins.
2103 4565 2218 4615 (data
2249 4571 2307 4603 est
2336 4577 2374 4602 a.
2406 4564 2492 4613 389)
2552 4563 2624 4613 (16)
2652 4565 2705 4611 cf.
2739 4566 2776 4614 l,
2806 4573 2864 4616 32,
2895 4577 2911 4607 1

1585 4621 1643 4668 (a.
1672 4620 1753 4668 401)
1840 4621 1914 4670 (17)
1944 4640 1998 4654 ==
2031 4620 2105 4660 le.
2136 4622 2171 4669 1,
2204 4628 2258 4670 16,
2288 4628 2328 4660 14
2415 4625 2488 4669 us)
2519 4619 2620 4671 quid
2650 4621 2823 4676 MbTh„
2856 4626 2926 4676 qui
2984 4665 2986 4668 .

1593 4675 1726 4716 CRM
1729 4679 1750 4701 ‘¹
1851 4677 1924 4726 (19)
1955 4677 2013 4715 sic
2045 4675 2133 4726 Th„
2164 4676 2399 4725 incesteque
2436 4676 2527 4727 CR,
2558 4676 2791 4731 iniusteque
2823 4682 2881 4723 Ji
