3138 4776
144 179 221 219 m
253 177 739 217 PROCURATORIBUS

140 314 284 360 banae
319 315 623 371 praefecturae
658 310 991 375 sublimissimae
1029 310 1253 366 fastigium
1281 313 1348 358 vel
1375 327 1467 358 ma-

140 371 363 428 gisterium
400 371 588 415 militare
623 370 690 414 vel
728 366 1072 412 consistonanae
1124 369 1352 414 comitivae
1399 370 1467 412 in-

140 426 279 481 signia
317 427 526 470 meruerit
553 423 776 480 dignitatis
803 421 872 486 vei
904 423 1219 477 proconsulare
1246 425 1317 468 ius
1346 425 1465 468 dixe-

141 481 200 524 rit
241 486 319 526 aut
361 482 510 526 vicarii
544 480 676 524 fuerit
713 477 1090 522 administratione
1142 480 1384 532 subfultus,
1427 479 1466 522 si

141 536 247 592 quid
275 538 332 581 ab
362 550 414 581 eo
441 537 510 581 vel
536 535 725 580 infertur
749 533 939 588 iurgium
967 534 1036 576 vel
1063 534 1267 588 refertur,
1306 547 1466 591 procu-

139 591 300 636 tatoris
352 604 585 649 personam
635 591 682 633 in
732 587 894 652 negotii
949 589 1018 631 sui
1057 589 1154 632 iura
1214 591 1464 634 substituat.

141 647 259 703 quod
302 647 341 691 si
382 649 480 704 quis
522 645 757 691 sanctionis
795 645 925 687 hulus
964 649 1131 688 statuta
1167 650 1465 702 transgressus

137 702 311 747 iudiciis
352 715 450 748 sese
485 702 734 757 iurgaturus
771 699 1023 754 ingesserit,
1063 706 1212 744 careat
1249 703 1342 746 eius
1376 698 1464 743 litis

141 762 282 812 sorte,
322 759 446 803 cuius
480 770 569 802 non
596 769 676 812 per
705 758 1035 810 procuratorem
1063 757 1310 812 expectavit
1338 767 1463 800 even-

140 817 248 857 tum.
303 813 437 858 iudex
462 812 599 857 nihilo
626 811 783 862 minus,
814 810 890 866 qui
919 816 1073 855 contra
1101 812 1269 865 fecerit,
1298 809 1467 855 noverit

141 881 170 912 a
197 881 246 913 se
272 869 423 925 viginti
457 868 592 912 libras
620 867 740 919 auri,
779 867 835 909 ab
876 865 1022 910 officio
1054 881 1225 923 quoque
1259 880 1338 911 suo
1366 869 1464 909 tan-

140 923 318 968 tundem
353 923 556 981 ponderis
594 921 865 977 exigendum.
934 922 988 966 D.
1019 935 1155 966 Χνιι]
1181 922 1224 967 lc.
1259 921 1350 967 Oct.
1380 921 1465 965 Ar—

141 975 272 1022 cadio
299 978 352 1022 Α.
382 989 431 1022 ΙΙ
454 981 501 1023 et
525 977 694 1035 Rufino
724 990 869 1022 conss.
1267 977 1328 1035 [a.
1360 974 1462 1030 392]

197 1033 260 1081 26
291 1035 465 1092 Imppp.
482 1033 707 1077 Arcadius
720 1032 955 1077 Honorius
982 1038 1026 1076 et
1044 1032 1318 1077 Theodosius
1331 1031 1462 1075 ΑΑΑ.

138 1089 370 1134 Anthemio
381 1102 465 1147 pp.
521 1088 574 1132 In
602 1088 869 1145 pecuniariis
901 1090 1222 1141 controversiis,
1254 1087 1338 1132 etsi
1364 1098 1463 1142 spe-

137 1143 306 1188 cialiter
331 1144 416 1188 hoc
443 1144 668 1200 praecepti
695 1144 764 1188 vel
792 1145 1035 1188 sententiae
1063 1145 1238 1187 minime
1267 1143 1465 1196 designat

137 1199 397 1251 auctoritas,
435 1200 599 1254 passim
629 1200 876 1256 unicuique,
918 1201 956 1244 si
984 1205 1131 1243 tamen
1159 1200 1223 1243 ita
1250 1197 1462 1249 maluerit,

138 1266 216 1310 per
273 1260 571 1299 rocuratorem
599 1255 892 1311 respondendi
927 1256 1158 1299 tribuimus
1186 1255 1463 1298 facultatem:

135 1309 219 1353 nisi
265 1314 360 1354 orte
389 1311 615 1366 quosdam,
644 1311 850 1355 iustiores
874 1324 1200 1367 nonnumquam
1220 1311 1276 1354 ob
1293 1320 1462 1358 causas,

136 1365 429 1410 vehementior
454 1367 632 1410 maximi
659 1366 845 1411 iudicis¹
885 1368 1064 1411 vocabit
1092 1366 1346 1410 auctoritas.
1406 1363 1461 1407 D.

132 1419 250 1479 prid.
290 1421 348 1465 id.
383 1419 475 1467 Oct.
508 1421 897 1480 Constantinopoli
924 1422 1122 1466 Arcadio
1151 1423 1202 1465 A.
1242 1426 1287 1464 et
1312 1418 1462 1530 Passb‘}

137 1488 278 1520 conss.
1287 1489 1327 1518 a.
1417 1479 1440 1518 6

193 1528 258 1578 27
289 1528 490 1586 2Ἰιῖσιτειδὴ
532 1537 766 1589 συνέβαινε
808 1531 909 1575 τοὺς
951 1529 1109 1574 αὐτοὺς
1149 1475 1352 1573 ἐντολεάς
1390 1533 1463 1572 καὶ

243 1589 342 1630 τῶν
393 1585 699 1639 ἐνδοξοτάτων
746 1585 979 1647 ἀρχόντων
1031 1585 1165 1628 ὄντας
1215 1590 1290 1628 καὶ
1340 1587 1464 1628 3τῶν

245 1642 533 1702 λογιωτάτων
569 1641 816 1696 διαιτητῶν
854 1643 968 1685 εἶναι
1006 1645 1080 1684 καὶ
1109 1641 1326 1684 ἐντεῦθεν
1354 1637 1462 1683 εἰκό-

242 1712 333 1741 τως
371 1694 635 1756 ὑπερθέσεις
676 1701 878 1756 ἐγίνοντο
920 1701 1016 1740 ταῖς
1058 1694 1218 1748 δίκαις,
1261 1695 1323 1751 μὴ
1366 1711 1461 1749 σχο-

242 1751 475 1806 λαζόντων
521 1754 619 1796 τῶν
657 1751 877 1795 ἐντολέων
911 1757 983 1794 καὶ
1027 1755 1118 1794 τοῖς
1160 1749 1464 1803 ἐνδοξοτάτοις

241 1806 446 1867 ἄρχουσιν
461 1811 735 1866 παραμένειν
754 1811 828 1850 καὶ
850 1812 941 1850 τοῖς
963 1806 1083 1849 διαιτ
1112 1811 1220 1858 ταῖς,
1250 1808 1461 1850 ἐνομοθέ-

239 1877 374 1915 τησεν
407 1864 458 1905 ἐν
484 1868 729 1922 προοιμίοις
765 1860 793 1917 ἡ
831 1860 1030 1914 διάταξις
1057 1860 1086 1904 ἅ
1115 1861 1210 1905 λους
1235 1866 1319 1918 μὲν
1348 1863 1463 1905 εἶναι

240 1920 290 1960 ἐν
323 1921 414 1960 τοῖς
449 1923 670 1977 μεγίστοις
706 1917 892 1973 δικαστη
923 1924 1003 1961 ίοις
1029 1920 1127 1961 τῶν
1155 1916 1463 1970 ἐνδοξοτάτων

238 1970 470 2033 ἀρχόντων
490 1972 590 2016 τοῦς
606 1973 820 2026 ἐντολέας,
842 1936 998 2017 digami?
1011 1971 1061 2016 δὲ
1079 1973 1182 2016 τοὺς
1198 1979 1290 2017 τοῖς
1310 1971 1388 2016 αὐτ
1397 1977 1463 2018 ῶν

239 2028 521 2088 λογιωτάτοις
565 2027 811 2083 διαιτηταῖς
854 2027 1231 2090 ὑπηρετουμένους
1264 2034 1361 2073 ταῖς
1397 2029 1460 2073 δί-

162 2088 175 2126 l
237 2087 371 2130 xacs⁴.
410 2083 556 2128 Πάλιν
571 2083 710 2128 δέῖνα
729 2085 818 2142 μὴ5
842 2084 1088 2130 πολλάκιςὸ
1106 2082 1238 2129 αὐτὸς
1265 2084 1462 2129 ἐντολεὺς

237 2143 311 2183 καὶ
345 2140 470 2200 παρὰ
504 2144 596 2184 τοῖς
634 2138 938 2192 ἐνδοξοτάτοις
974 2140 1178 2200 ἐπάρχοις
1215 2145 1290 2184 καὶ
1338 2141 1462 2201 παρὰ

236 2197 303 2250 τῷ
347 2194 625 2251 ἐνδοξοτάτῳ
664 2195 845 2256 ἄρχοντι
887 2196 1008 2252 δοθῇ
1051 2201 1124 2239 καὶ
1168 2200 1190 2239 ἐ
1224 2195 1463 2252 ποδίζηται

237 2250 375 2295 πάλιν
414 2251 473 2295 τοὶ
514 2249 797 2311 δικαστήρια,
840 2243 1082 2309 νομοθῗετεῖ
1109 2215 1340 2321 μηδὲποτε
1381 2252 1463 2296 τὸν

240 2303 377 2350 αὐτὸν
416 2306 596 2350 ἐντολέα
632 2306 712 2350 δύο
759 2306 1063 2360 ἐνδοξοτάτοις
1099 2323 1281 2367 αρχουσι
1319 2326 1461 2368 παρα-

158 2366 182 2406 2
237 2366 389 2418 μένειν
425 2362 524 2416 ἦτοι
560 2361 884 2423 προσεδρεύειν.
948 2361 1129 2417 Ἐπειδὴ
1157 2367 1231 2406 καὶ
1260 2369 1462 2420 συνέβαι-

239 2435 317 2460 νεν
338 2414 366 2473 ἢ
388 2422 627 2474 τέμνοντος
648 2418 733 2474 τὴν
759 2417 887 2474 δίκην
907 2421 985 2463 τοῦ
1012 2417 1242 2473 διαιτητοῦ
1263 2416 1461 2474 ἐκκλήτῳ

237 2470 493 2532 χρήσασθαι
544 2472 626 2517 τὸν
677 2473 1073 2518 καταδικασθέντα
1123 2472 1151 2529 ἢ
1192 2470 1463 2534 ἀποροῦντος

130 2615 182 2667 (1)
209 2613 485 2655 εοᾰίενεεῒῐεε
495 2630 574 2668 pro
587 2615 757 2655 maximi
785 2614 935 2655 iudicis
969 2616 1127 2656 videtur
1156 2616 1297 2669 leyisse
1318 2616 1464 2657 Thale-

131 2671 241 2711 laeus
255 2670 371 2721 (ΒΣ)
429 2671 484 2722 (2)
501 2671 680 2711 dedimus
690 2672 858 2712 indicem
877 2671 1089 2712 Thalelaei
1107 2672 1165 2712 ad
1177 2674 1219 2711 B
1236 2672 1276 2723 8,
1292 2680 1328 2724 2,
1343 2680 1410 2714 100
1428 2680 1465 2712 et

129 2726 216 2766 ΒΣ
239 2729 318 2779 (pr.
337 2730 358 2774 5
377 2734 406 2767 1.
423 2734 444 2767 2
459 2727 532 2771 in.)
556 2728 712 2767 reiectis
735 2735 881 2779 tamen,
895 2727 1033 2779 quoad
1045 2727 1180 2768 videre
1197 2727 1318 2778 licuit,
1334 2728 1463 2769 solitis

129 2781 400 2822 Basilicarum
436 2782 831 2835 interpolationibus:
863 2790 1079 2836 praeterea
1119 2784 1176 2823 ad
1213 2783 1341 2836 ipsius
1370 2798 1461 2824 con·-

125 2837 342 2878 stitutionis
376 2838 498 2877 verba
536 2838 749 2902 referenda
782 2846 894 2888 sunt,
923 2851 1035 2934 guae
1073 2838 1272 2879 habentur
1308 2840 1351 2879 in
1369 2839 1462 2889 fine

127 2892 296 2934 eiusdem
325 2893 617 2933 adnotatioms:
647 2895 895 2946 σημείωσαι
953 2893 974 2932 ἑ
1002 2886 1155 2934 αὐτῶν
1182 2893 1247 2942 (ἐκ
1266 2892 1363 2934 τῶν
1377 2894 1461 2934 Ζα-

126 2946 306 2996 oleariae)
342 2949 590 3005 προοιμίων
625 2948 702 3000 τῆς
739 2944 992 2998 διατάξεως,
1031 2941 1103 2989 ὅτι
1145 2947 1462 3005 εἰσαγωγίμους

125 2998 250 3045 δίκας
275 3003 444 3043 ἐκείνας
469 2999 608 3057 μόνας
635 3000 760 3044 καλεῖ
784 3003 1015 3056 πανταχοῦ
1043 3001 1121 3046 τὰς
1149 3001 1271 3062 παρὰ
1307 3001 1459 3061 ἄρχου·

126 3070 198 3099 σιν
225 3056 522 3115 εἰσαγομένας,
550 3053 600 3100 οὗ
629 3056 717 3113 μὴν
745 3057 822 3100 τὰς
849 3057 971 3116 παρὰ
996 3055 1243 3112 διαιτηταῖς
1267 3074 1458 3117 πραττο-

124 3115 268 3166 μένας.
299 3115 502 3168 iunyenda
529 3115 686 3155 videtur
715 3116 753 3167 2,
785 3124 818 3166 7,
847 3124 888 3157 19
962 3117 1016 3167 (3)
1047 3110 1224 3156 τούτων
1252 3118 1327 3157 ins.
1351 3118 1459 3156 ΒΣ.·

184 3272 248 3321 27
270 3273 388 3340 ,Cum
415 3277 622 3330 evenerit,
660 3281 713 3321 ut
744 3276 860 3321 idem
888 3282 933 3321 et
960 3277 1084 3335 apud
1105 3277 1459 3341 ploriosissimos

126 3330 358 3390 praesides
383 3339 428 3376 et
456 3331 581 3390 apud
598 3331 978 3390 prudentissimos
1013 3331 1212 3376 arbitros
1229 3346 1458 3391 procura-

129 3391 250 3432 tores
264 3391 410 3431 essent
436 3393 482 3431 et
506 3386 623 3440 inde,
651 3392 704 3431 ut
725 3387 830 3443 fieri
856 3387 984 3440 solet,
1014 3388 1115 3431 lites
1133 3387 1459 3445 protraheren-

130 3445 216 3496 tur,
255 3455 354 3493 cum
379 3447 709 3506 procuratores
745 3456 838 3486 non
863 3447 1050 3501 possent
1079 3443 1232 3487 eodem
1261 3447 1460 3500 tempore

127 3501 174 3542 et
206 3496 558 3562 ylorioszssimos
594 3499 863 3563 praefectos
908 3504 954 3562 et
987 3497 1194 3563 arbitros·
1221 3499 1459 3556 prosequi,

127 3552 239 3598 naec
291 3558 548 3597 consatuao
598 3558 727 3598 initio
779 3559 960 3607 sanxit,
1012 3558 1066 3597 ut
1112 3553 1190 3597 alu
1275 3567 1460 3598 rocura-

129 3614 249 3653 tores
263 3608 311 3651 in
325 3609 506 3652 summis
517 3608 696 3654 iudiciis
719 3609 1069 3653 clarissimorum
1114 3610 1235 3653 raesi
1267 3623 1341 3652 um
1354 3609 1459 3661 sint,

126 3661 209 3708 alii
228 3663 592 3728 prudentissimis
618 3678 773 3709 eorum
801 3664 984 3708 arbitris
1011 3665 1059 3708 in
1104 3664 1240 3709 itibus
1267 3664 1460 3708 ministe-

133 3723 150 3761 1
209 3731 326 3762 rium
358 3718 621 3776 praebeant.
690 3718 862 3764 Deinde
896 3734 952 3764 ne
988 3734 1124 3778 saepe
1150 3719 1267 3765 idem
1286 3733 1460 3778 procu-

127 3778 258 3818 rator
281 3778 370 3817 tam
391 3773 517 3832 apud
537 3774 886 3832 qloriosissimos
901 3777 1167 3834 praefectos
1186 3789 1320 3833 quam
1337 3774 1462 3833 apud

128 3828 499 3887 qloriosissimum
522 3830 783 3893 praesidem
821 3831 953 3875 detur
987 3837 1032 3875 et
1068 3831 1168 3875 lites
1203 3844 1364 3874 rursus
1391 3844 1459 3874 re—

130 3883 377 3936 tardentur,
404 3889 563 3937 sancit,
591 3898 648 3929 ne
674 3898 882 3942 umquam
908 3886 1025 3930 idem
1060 3886 1187 3945 apud
1219 3886 1335 3931 duos
1362 3885 1459 3943 qlo-

128 3939 397 3984 riosissimos
435 3940 724 3996 maqistratus
742 3941 1064 3998 procuratoris
1101 3941 1172 3986 vel
1212 3941 1461 3986 adsessoris

129 3999 154 4038 2
185 3995 342 4052 officio
356 3995 446 4051 fun
479 4001 594 4058 atur.
628 3993 735 4039 Cum
749 3996 881 4040 etiam
897 3997 1148 4054 contiqerit,
1162 4002 1214 4041 ut
1227 4003 1308 4041 aut
1321 4010 1460 4040 causa

128 4049 184 4095 ab
214 4049 386 4094 arbitro
415 4008 566 4093 dicisa
595 4050 912 4095 condemnatus
949 4066 978 4096 a
1002 4052 1296 4117 pellationem
1323 4053 1459 4096 inter-

122 4110 329 4164 poneret,
359 4110 440 4148 aut
465 4104 648 4158 arbiter,
677 4105 839 4149 dubius
865 4107 943 4164 qui
1004 4107 1239 4160 iudicaret,
1276 4108 1459 4152 relatio-

127 4174 226 4206 nem
264 4160 325 4204 ad
359 4160 731 4217 qloriosissimum
758 4162 1017 4218 praesidem
1054 4163 1127 4206 cui
1162 4162 1366 4207 subditus
1394 4168 1462 4207 est

126 4216 319 4272 faceret,
347 4229 403 4260 ac
421 4216 621 4274 proinde
649 4216 717 4268 lis,
747 4230 863 4273 quae
877 4217 1002 4275 apud
1024 4217 1240 4262 arbitrum
1263 4219 1341 4276 aqi
1362 4232 1459 4262 cce—

122 4271 288 4330 pisset,
326 4271 389 4315 ad
421 4271 793 4328 qloriosissimum
822 4273 1109 4329 praefectum
1140 4274 1286 4332 ipsius
1316 4278 1459 4317 trans—

126 4326 246 4382 ferri
289 4325 524 4380 diceretur,
567 4327 716 4370 sancit
751 4327 1031 4380 constitutio,
1073 4341 1131 4372 ne
1162 4334 1459 4387 procurator,

129 4381 1114 4495 Zfflssfffflssfflffwissssffffl
1134 4384 1462 4484 amutii

129 4490 229 4548 ipso
256 4492 305 4536 in
323 4498 671 4551 procuratorem
721 4493 769 4536 ui
787 4472 992 4551 praesidi
1014 4493 1191 4539 adsidet
1205 4495 1304 4551 fiat,
1334 4494 1459 4538 nullo

130 4551 308 4605 sumptu
321 4561 420 4611 pro
449 4546 534 4592 bac
565 4553 689 4592 trans
708 4549 858 4592 atione
883 4549 1013 4605 quasi
1032 4563 1127 4613 pro
1145 4550 1325 4594 datione
1345 4563 1458 4608 pro-

129 4607 354 4646 curatores
386 4603 600 4660 faciendo
638 4617 780 4661 neque
806 4617 923 4648 nova
951 4605 1245 4649 satisdatione
1263 4610 1461 4664 propter

242 4672 291 4726 11„

1474 159 1569 217 105

2721 168 2772 219 II
2812 171 2870 218 12

1660 314 1738 356 τοῦ
1782 309 2010 365 διαιτητοῦ
2054 311 2162 371 πρὸς
2204 314 2287 369 τὴν
2326 313 2467 371 τομὴν
2503 317 2578 370 τῆς
2617 313 2877 361 ὑποθέσεως

1660 365 1862 439 ἀναφορᾷ
1897 364 2153 426 χρήσασθαι
2186 370 2268 422 τρν
2298 369 2529 425 διαιτητὴν
2565 371 2671 430 πρὸς
2698 371 2780 415 τὸν
2809 374 2876 413 έν-

1661 422 1906 474 δοξοτατον
1942 421 2149 481 ἄρχοντα,
2185 424 2354 469 οὗτινός
2384 429 2507 469 ἐστιν
2536 424 2772 482 διαιτητής,
2802 429 2876 468 καὶ

1660 479 1874 521 ἐντεῦθεν
1901 474 1928 532 ἡ
1955 476 2054 532 δίκη
2085 475 2111 531 ἦ
2140 477 2357 536 άρχθεῖσα
2385 482 2506 540 παρὰ
2530 481 2733 540 διαιτητῇ
2764 480 2877 538 λέγε-

1660 550 1735 576 ται
1770 535 2106 592 μεταφέρεσθαι
2148 553 2213 578 πα
2242 535 2270 578 ὰ
2313 539 2378 591 τῷ
2419 535 2697 590 ἐνδοξοτάτῳ
2746 533 2877 577 αὐτοῦ

1659 588 1852 644 ἄρχοντι,
1889 590 2130 645 νομοθετεῖ
2159 587 2185 644 ἡ
2215 552 2410 642 διάταξις
2436 592 2497 647 μὴ
2525 592 2606 634 τὸν
2633 587 2879 661 ἀρξάμενον

1660 646 1734 697 τῆς
1768 643 1889 698 δίκης
1926 643 2106 688 ἐντολεά
2134 646 2256 714 παρὰ
2284 649 2350 700 τῷ
2385 645 2590 704 διαιτητῇ
2628 643 2766 686 αυτὸν
2804 659 2877 686 πε-

1658 701 1813 766 ραιοῦν
1841 698 1924 753 τὴν
1953 698 2080 754 δίκην
2108 717 2231 758 παρα
2266 704 2332 756 τῷ
2372 699 2648 753 ἐνδοξοτάτῳ
2686 698 2880 756 ἄρχοντι,

1658 751 1768 795 αλλοὶ
1795 754 2077 811 μετένταλμα
2135 757 2317 798 ίνεσθαι
2345 752 2455 814 παρ’
2500 752 2633 796 αὐτοῦ
2665 752 2774 810 πρὸς
2802 751 2882 794 τὸν

1659 806 1839 850 ἐντολεά
1847 809 1928 851 τὸν
1951 813 2017 864 τῶ
2035 772 2314 863 ἐνὸζξοτάτῳ
2330 809 2512 868 ἄρχοντι
2534 804 2880 867 παρεδρεύοντα,

1656 859 1869 916 μηδεμιᾶς
1897 862 2097 917 δαπάνης
2125 863 2186 907 ῶς
2213 867 2289 908 ἐπὶ
2314 863 2514 931 προβολῇ
2532 861 2742 904 ἐντολέως
2765 878 2880 920 γινο-

1655 919 1789 971 μένης
1832 919 1906 959 έπὶ
1946 917 2092 971 τούτῳ
2122 921 2188 972 τῷ
2217 917 2556 974 μετενταλματι,
2592 915 2706 972 μηδὲ
2733 918 2883 969 καινῆς

1659 968 1937 1013 ἱκανοδοσίας
1979 970 2053 1014 διὰ
2091 975 2223 1014 τοῦτο
2262 972 2315 1014 τὸ
2352 971 2635 1027 μετένταλμα
2672 969 2881 1015 ἀπαιτου-

1656 1030 1808 1082 μένης·
1838 1023 1948 1068 ἀλλὰ
1971 1030 2044 1068 καὶ
2070 1026 2153 1080 τὴν
2166 1027 2409 1070 iudicatum
2424 1028 2533 1071 solvi
2556 1031 2629 1069 καὶ
2644 1026 2727 1081 τὴν
2743 1032 2884 1070 ratam

1656 1095 1748 1126 rem
1763 1076 1904 1124 οὕτως
1923 1081 1971 1131 ἐξ
1984 1078 2114 1140 ἀρχῆς
2125 1078 2502 1140 ὑπαγορεύεσθαι,
2527 1080 2585 1125 ὠς
2600 1083 2885 1141 περιέχεσθαι

1659 1136 1809 1180 αὐταῖς
1846 1140 1920 1178 καὶ
1957 1135 2014 1179 τὰ
2052 1135 2354 1194 δαπανήματα
2390 1139 2469 1180 τοῦ
2505 1135 2707 1180 τοιούτου
2733 1155 2883 1194 μετεν-

1656 1190 1887 1249 τάλματος,
1912 1193 1988 1235 ἵνα
2009 1189 2034 1234 ὁ
2059 1190 2333 1251 ἐγγυώμενος
2355 1192 2439 1247 τὴν
2461 1199 2571 1249 μίαν
2593 1194 2769 1236 τούτων
2791 1193 2886 1236 τῶν

1659 1247 1954 1292 ἱκανοδοσιῶν
1977 1249 2259 1306 ἐπερωτᾶται
2282 1246 2354 1293 ὅτι
2381 1245 2660 1308 (Ὁμολογῶθ
2688 1253 2762 1292 καὶ
2789 1250 2884 1291 τοῦ·

1656 1302 1761 1348 ετον
1788 1303 1872 1347 τὸν
1899 1303 2021 1363 παρὰ
2050 1305 2119 1358 τῷ
2148 1302 2353 1365 διαιτητῇ
2383 1304 2565 1348 ἐντολέα
2591 1307 2664 1348 ἐπὶ
2690 1306 2744 1363 τῇ
2774 1305 2884 1348 iudi-

1657 1357 1667 1371 ‘
1683 1366 1831 1405 catum
1855 1361 1964 1404 solvi
1994 1356 2036 1415 (ἢ
2064 1361 2120 1419 τῇ
2150 1366 2294 1404 ratam
2322 1363 2451 1413 rem7)
2480 1362 2789 1420 έγγεγυῆσθαι,
2811 1363 2883 1401 καὶ

1659 1413 1723 1458 ‘ei
1761 1417 1910 1471 συμβῇ
1939 1416 1988 1466 ἐξ
2015 1414 2241 1475 ἀναφορᾶς
2267 1419 2347 1458 τοῦ
2379 1415 2607 1470 διαιτητοῦ
2647 1413 2672 1470 ἢ
2700 1413 2790 1461 ἀπὸ
2822 1418 2885 1457 ἐκ·

1658 1468 1667 1482 ‘
1681 1469 1839 1526 κλῆτσυ
1862 1460 2094 1527 διδομένης
2116 1470 2229 1515 κατὰ
2253 1474 2330 1526 τῆς
2363 1469 2498 1515 αὐτοῦ
2529 1470 2593 1529 ψη
2629 1489 2680 1514 ου
2714 1488 2886 1528 μετενε-

1656 1524 1666 1538 ‘
1679 1529 1851 1582 χᾷῆναι
1887 1527 1971 1582 τὴν
2007 1525 2136 1582 δίκην
2165 1528 2224 1571 εἰς
2251 1527 2303 1570 τὸ
2332 1532 2542 1587 μέγιστον
2580 1489 2883 1586 (ἕκαστήριον,

1656 1579 1665 1593 ‘
1680 1581 1853 1626 οὗτινός
1881 1586 2008 1626 ἐστιν
2034 1580 2058 1626 ὁ
2088 1579 2326 1638 διαιτητής,
2363 1587 2436 1625 καὶ
2464 1582 2547 1627 τὸν
2575 1586 2622 1626 ἐκ
2650 1581 2883 1640 μετεντάλ-

1657 1635 1667 1650 ‘
1678 1654 1817 1694 ματος
1861 1638 2082 1696 μέλλοντα
2120 1639 2235 1682 εἶναι
2274 1639 2454 1682 ἐντολεά
2497 1642 2547 1682 ἐν
2583 1641 2649 1694 τῷ
2687 1644 2882 1698 μεγίστῳ

1656 1690 1952 1754 (δικαστηρίῳ
1977 1693 2092 1738 κατὰ
2122 1694 2205 1738 τὸν
2227 1691 2382 1750 ὅμοιον
2397 1694 2568 1754 τρόπον
2594 1698 2616 1736 ἐ
2642 1690 2882 1754 γεγύημαι.’

1575 1755 1598 1794 3
1655 1747 1757 1793 Ἐὰν
1784 1750 1868 1808 γὰρ
1895 1750 1958 1806 μὴ
1985 1753 2129 1794 ταῦτα
2151 1748 2304 1794 πάντα
2328 1750 2597 1811 παραφυλαχ
2639 1754 2680 1810 ῇ,
2710 1752 2748 1792 εἰ
2776 1751 2887 1806 μὲν8

1657 1807 1723 1847 ἑνὶ
1751 1808 1848 1849 τῶν
1875 1812 2105 1865 μεγίστων
2134 1804 2438 1866 δικαστηρίων
2466 1803 2492 1860 ἡ
2523 1808 2775 1862 νομοθεσία
2803 1822 2887 1849 πα-

1658 1863 1885 1921 ραβαθείη
1924 1864 1992 1916 τῷ
2031 1861 2277 1922 προσφόρῳ
2316 1867 2515 1932 σκρινίῳ,
2556 1867 2691 1906 πέντε
2721 1860 2887 1920 λιτρῶν

1655 1922 1834 1978 χρυσίου
1863 1915 2115 1972 καταθήσει
2145 1917 2327 1972 ποινήν·
2357 1935 2395 1960 ει
2425 1916 2474 1960 δὲ
2496 1917 2617 1975 παρὰ
2641 1915 2888 1971 διαιτηταῖς

1657 1972 1684 2041 η
1712 1974 1963 2029 νομοθεσία
1992 1974 2302 2030 παραβαθείη,
2340 1971 2365 2017 ὁ
2401 1976 2477 2027 τῆς
2505 1972 2626 2027 δίκης
2655 1972 2888 2032 πληρωτὴς

1657 2047 1681 2072 ο
1712 2027 2025 2088 προσεδρεύων
2054 2031 2120 2084 τῷ
2139 2026 2400 2087 λογιωτάτῳ
2427 2028 2632 2088 διαιτητῇ
2658 2032 2759 2085 μιᾶς
2788 2046 2815 2082 χ
2842 2046 2886 2071 υ-

1657 2091 1753 2128 σίου
1790 2084 1941 2146 λίτρας
1979 2082 2344 2139 ἀπαιτηθήσεται
2380 2083 2564 2138 ποινήν,
2603 2084 2648 2127 οἱ
2685 2083 2735 2127 δὲ
2763 2045 2887 2127 &lgm

1637 2139 1738 2184 ,δύο
1766 2141 1811 2184 οἱ
1838 2143 1886 2184 ἐκ
1914 2143 2013 2184 τῶν
2039 2138 2214 2191 τάξεων
2242 2137 2545 2199 ἀφωρισμένοι
2582 2143 2648 2195 τῷ
2680 2139 2885 2199 διαιτητῇ

1655 2195 1754 2251 ἦτοι
1790 2200 1839 2240 ἐκ
1867 2199 1964 2240 τῶν
1993 2196 2168 2250 σχολῶν
2198 2194 2275 2239 δύο
2302 2202 2482 2257 χρυσίου
2510 2196 2677 2255 λιτρῶν
2700 2193 2887 2250 ditatam:

1656 2252 1882 2307 θήσονται
1911 2269 1947 2297 π
1975 2252 2179 2309 όστιμον·
2211 2250 2342 2295 αὐτὸς
2372 2251 2421 2295 δὲ
2450 2250 2660 2304 ἐντολεύς,
2691 2248 2773 2309 ἀφ’
2790 2251 2808 2277 ⁹
2836 2250 2886 2294 οὖ

1656 2326 1702 2351 τι
1745 2314 1933 2367 παραβα
1974 2314 2067 2375 είη,
2120 2306 2184 2351 πλ
2211 2312 2308 2366 γαῖς
2360 2309 2716 2367 σωφρονιζέσθω
2765 2306 2887 2365 παρὰ

1657 2366 1738 2407 τοῦ
1766 2362 1975 2431 ἄρχοντος
2013 2381 2041 2418 η
2076 2365 2156 2406 τοῦ
2183 2325 2439 2417 διαιτητοῦ,
2482 2363 2779 2419 κεκωλυμένος
2806 2364 2884 2405 τοῦ

1658 2417 1813 2462 λοιπον
1843 2417 2042 2462 ἐντολεῦς
2071 2421 2120 2461 ἐν
2150 2416 2423 2478 δικαστηρίῳ
2454 2417 2682 2461 δίδοσθαι.

1604 2471 1670 2521 28
1705 2472 1849 2516 10Ἐιῖιν
1872 2470 1897 2517 ὁ
1920 2473 2130 2533 ἐγγυητὴς
2152 2476 2232 2517 τοῦ
2253 2473 2465 2517 ἐντολέως
2482 2473 2543 2529 μὴ
2570 2470 2698 2534 ὁρίσῃ
2726 2472 2886 2531 χρόνον

1544 2617 1812 2668 praemittitur
1856 2616 1978 2655 enim:
2028 2612 2117 2655 εἶσί
2150 2626 2267 2654 τινες
2309 2614 2357 2654 ἐν
2411 2613 2468 2671 τῇ
2507 2610 2708 2667 βασιλίδι
2760 2610 2886 2657 πόλει

1548 2666 1774 2722 διαιτηταὶ
1802 2671 1877 2710 καὶ
1906 2667 2030 2726 παρὰ
2058 2669 2154 2710 τῶν
2183 2664 2490 2718 ἐνδοξοτάτων
2519 2669 2784 2726 στρατηγῶν
2812 2673 2885 2710 καὶ

1546 2723 1670 2783 παρὰ
1696 2722 1847 2766 ἄλλων
1875 2719 2108 2782 ἀρχόντων
2139 2720 2377 2778 διδόμενοι,
2416 2723 2477 2766 οἷς
2506 2728 2885 2782 παραπέμπονται

1546 2779 1705 2822 αἰτῶν
1720 2777 1861 2822 δικῶν
1875 2776 2101 2821 άκοοάσεις
2194 2781 2249 2831 (4)
2266 2777 2343 2821 τὰς
2358 2777 2482 2821 δίκας
2495 2796 2572 2821 scr.
2662 2781 2717 2834 (5)
2734 2777 2885 2832 ἐπειδὴ

1640 2834 1702 2890 μή
1730 2839 1825 2887 ΒΣ,
1864 2831 1892 2888 ἡ
1928 2819 2127 2884 διάταξις
2161 2831 2258 2878 ἄπα
2287 2831 2428 2892 ορεύει
2467 2831 2546 2876 δύο
2585 2831 2885 2893 δικαστηρίων

1544 2890 1625 2933 τὸν
1663 2887 1802 2933 αὐτὸν
1838 2891 1953 2932 εἶναι
1991 2887 2208 2945 δημόσιον
2245 2850 2440 2942 avolsa,
2478 2885 2588 2932 ἀλλὰ
2624 2887 2776 2933 ἄλλους
2802 2892 2886 2946 μὲν

1545 2979 1555 2989 .
1572 2978 1583 2988 .
1602 2977 1612 2988 .
1643 2943 1785 2989 δίκαις
1811 2949 1886 2988 καὶ
1913 2943 2025 3013 μῂτε
2055 2949 2208 2988 omissis
2236 2948 2402 3001 reliquis
2432 2948 2475 2988 B
2596 2952 2650 2997 (6)
2679 2949 2739 2988 sic
2765 2949 2883 2988 Cuia-

1545 3006 1627 3045 cius
1656 3004 1722 3054 (ex
1750 3004 1853 3045 libro
1864 3007 1913 3054 ἲ),
1942 2999 2148 3059 ομολογεῖ
2175 3003 2219 3043 Β
2365 3004 2420 3054 (7)
2448 3005 2579 3042 ratam
2608 3015 2692 3043 rem
2723 3018 2795 3043 om.
2827 3004 2883 3050 B,

1542 3060 1731 3113 supplevi
1764 3074 1813 3100 ex
1839 3059 1930 3099 ΒΣ
2064 3061 2120 3109 (8)
2150 3058 2200 3098 ἐν
2228 3060 2304 3099 ins.
2334 3059 2568 3099 Zachariae
2707 3059 2764 3110 (9)
2802 3053 2881 3113 ὑφ’

1544 3116 1727 3156 ΗενοῘιεν
1838 3115 1914 3166 (10)
1939 3130 2007 3168 pr.
2037 3134 2092 3149 =
2120 3107 2235 3154 Ῥοπ.
2270 3116 2331 3162 10,
2363 3123 2383 3154 5

1543 3277 1661 3321 banc
1691 3276 2030 3321 translationem
2057 3275 2308 3333 exiqendoe
2335 3275 2416 3320 sed
2442 3281 2488 3320 et
2507 3275 2753 3320 iudicatum
2770 3276 2885 3322 solvi

1543 3338 1589 3377 et
1613 3336 1763 3376 ratam
1789 3345 1884 3376 rem
1911 3333 1978 3376 ita
2006 3331 2063 3375 ab
2091 3331 2221 3375 initio
2244 3331 2573 3390 concipiantur,
2602 3337 2655 3376 ut
2672 3332 2730 3375 iis
2750 3333 2883 3377 etiam

1542 3387 1761 3431 eiusmodi
1791 3386 2105 3431 translationis
2131 3393 2337 3445 sumptus
2365 3388 2694 3440 contineantur,
2723 3401 2776 3432 eo
2806 3389 2884 3446 qui

1542 3443 1808 3487 alterutram
1832 3441 1994 3485 barum
2017 3441 2363 3486 satisdationum
2382 3448 2596 3502 praestat
2609 3443 2675 3487 sic
2687 3445 2882 3501 promit-

1545 3503 1686 3542 tente:
1715 3496 1952 3541 ‘Promitto
1982 3502 2028 3542 et
2044 3511 2138 3556 pro
2169 3496 2255 3542 hoc
2283 3498 2363 3555 qui
2389 3498 2516 3557 apud
2536 3498 2754 3543 arbitrum
2779 3512 2882 3543 cau-

1543 3557 1662 3596 ‘sam
1702 3553 1801 3610 aqit
1826 3552 2072 3597 iudicatum
2098 3553 2216 3598 solvi
2241 3554 2340 3608 (vel
2366 3559 2514 3598 ratam
2542 3556 2664 3608 rem)
2690 3554 2882 3598 satisda-

1543 3609 1731 3652 ‘tionem
1773 3622 1842 3652 me
1887 3608 2197 3668 impleturum,
2250 3614 2295 3653 et
2334 3610 2376 3652 si
2422 3610 2683 3666 contiqerit,
2727 3616 2780 3654 ut
2822 3624 2882 3654 ex

1543 3663 1783 3708 ‘relatione
1811 3663 1974 3708 arbitri
2001 3671 2083 3709 aut
2109 3677 2171 3709 ex
2198 3664 2503 3723 appellatione
2536 3665 2749 3709 adversus
2788 3665 2883 3709 eius

1543 3719 1829 3764 ‘sententiam
1867 3719 2136 3778 interposita
2178 3733 2317 3764 causa
2362 3720 2621 3764 devolvatur
2667 3720 2716 3763 in
2763 3734 2880 3764 sum-

1544 3777 1683 3818 ‘mum
1711 3774 1937 3827 iudicium,
1967 3775 2040 3819 cui
2068 3775 2239 3820 arbiter
2265 3774 2470 3819 subditus
2497 3781 2576 3827 est,
2596 3788 2690 3833 pro
2721 3788 2772 3819 eo
2803 3776 2881 3832 qui

1543 3833 1627 3874 ‘ex
1660 3829 1958 3874 translatione
1975 3836 2259 3929 procurator
2285 3831 2334 3873 in
2360 3844 2529 3874 summo
2557 3830 2724 3873 iudicio
2751 3831 2880 3887 futu-

1544 3889 1568 3929 3
1627 3888 1728 3928 ‘rus
1772 3890 1838 3928 est
1873 3885 2008 3929 simii
2043 3886 2176 3930 modo
2213 3885 2465 3929 intercedo?
2524 3885 2576 3928 Si
2612 3885 2728 3929 enim
2770 3884 2880 3929 haec

1544 3940 1694 3984 omnia
1733 3940 1967 3984 observata
2003 3955 2097 3986 non
2136 3945 2288 3993 erunt,
2322 3941 2363 3984 si
2389 3940 2437 3983 in
2464 3953 2736 3983 summorum
2766 3940 2878 3983 iudi—

1543 3995 1715 4039 ciorum
1752 3995 1815 4039 ali
1846 4009 1906 4040 uo
1943 3996 2021 4042 lea:
2057 3996 2296 4041 violabitur
2328 4009 2357 4039 a
2403 3995 2668 4053 competenti
2694 3996 2877 4048 scrinio,

1542 4051 1740 4150 quinjue
1777 4050 1811 4093 li
1838 4064 1993 4095 rarum
2031 4053 2134 4095 auri
2205 4064 2361 4095 cenam
2383 4050 2639 4108 persolvet:
2684 4051 2726 4094 si
2772 4065 2876 4095 vero

1543 4121 1572 4150 a
1606 4121 1635 4150 u
1721 4105 1919 4150 arbitros
1968 4107 2046 4152 lex
2093 4108 2164 4151 vio
2184 4106 2348 4157 abitur,
2393 4105 2447 4148 ab
2497 4105 2731 4150 adsessore
2803 4119 2877 4149 ru—

1574 4161 1790 4205 entissimi
1817 4161 1978 4206 arbitri
2038 4163 2086 4206 ui
2108 4162 2228 4206 litem
2251 4161 2438 4204 instruit
2458 4160 2591 4203 unius
2607 4162 2711 4204 auri
2738 4161 2768 4203 li
2798 4174 2878 4204 rae

1540 4230 1690 4276 poena
1718 4217 1797 4261 exi
1828 4223 1940 4271 etur,
1971 4232 1999 4261 a
2057 4218 2160 4261 aliis
2177 4215 2349 4260 duobus
2368 4215 2447 4272 qui
2466 4229 2527 4260 ex
2545 4216 2713 4272 officiis
2733 4216 2803 4259 vel
2816 4229 2877 4259 esc

1542 4272 1710 4316 scholis
1738 4285 1792 4314 ar
1820 4272 1910 4316 itro
1939 4273 2144 4317 attributi
2179 4276 2285 4315 sunt
2311 4271 2502 4314 duarum
2531 4272 2634 4314 auri
2662 4271 2876 4314 librarum

1542 4327 1683 4371 multa
1711 4327 1943 4384 exiqetur:
1978 4329 2077 4387 ipse
2105 4332 2251 4371 autem
2271 4330 2565 4384 procurator,
2607 4340 2637 4369 a
2675 4339 2764 4382 quo
2795 4325 2876 4368 ali-

1543 4382 1652 4439 quid
1685 4383 2052 4439 praetermissum
2092 4382 2260 4440 fuerit,
2308 4381 2560 4425 verberibus
2602 4395 2631 4423 a
2659 4380 2876 4439 praeside

1543 4437 1612 4482 vel
1640 4436 1694 4480 ab
1724 4437 1896 4482 arbitro
1925 4439 2171 4496 castiqetur
2208 4451 2237 4479 a
2273 4436 2476 4479 iudiciali
2510 4435 2802 4479 advocatione
2829 4436 2876 4478 in

1540 4494 1748 4550 futurum
1769 4493 2089 4550 prohibendus.

1599 4544 1664 4593 28
1705 4546 1756 4590 Si
1789 4548 2030 4603 fideiussor
2049 4546 2371 4607 procuratoris
2405 4550 2488 4589 tem
2522 4559 2576 4588 us
2602 4558 2693 4587 non
2722 4543 2876 4602 defini-

1543 4603 1657 4648 verit
1693 4608 1738 4647 et
1760 4604 1962 4661 forsitan
1991 4604 2183 4648 dixerit:
2221 4607 2320 4660 ‘pro
2357 4614 2408 4645 eo
2434 4559 2674 4656 fideiubeo,
2704 4601 2875 4645 etiamsi
