3054 4796
135 198 200 247 VI
237 199 316 247 35.
355 198 419 246 36

1246 262 1336 269 ..-

133 352 143 387 1
208 343 370 396 scripta
398 344 516 384 recte
546 337 868 381 successionem
898 351 987 380 non
1018 332 1231 378 convenit.
1285 330 1450 374 Secun-

126 401 226 443 dum
265 408 396 451 quae,
440 395 478 438 si
515 393 721 435 fiduciam
759 392 1036 435 innocentiae
1070 388 1184 442 geris
1227 389 1273 451 et
1309 396 1452 450 neque

125 455 223 497 dolo
246 452 359 493 malo
376 456 451 492 tuo
474 448 679 490 maritum
706 451 908 489 necatum
935 456 1073 500 neque
1099 442 1208 484 alias
1229 439 1452 493 1nd1gnam

124 516 166 552 te
188 505 467 551 successione
491 515 620 557 posse
637 501 816 555 probari
831 500 1028 550 confidis,
1055 497 1263 540 adversus
1280 505 1453 538 omnem

123 562 381 607 calumniam
431 558 661 601 maximam
713 556 851 599 habes
901 553 1195 598 securitatem.
1276 549 1332 593 D.
1375 560 1455 592 ΧΗ

123 620 164 662 lc.
196 618 302 661 Mai.
336 614 471 659 Sirmi
504 611 578 656 00.
611 623 754 654 conss.
1261 610 1317 658 [a.
1351 607 1451 656 294]

180 674 237 719 11
276 671 386 728 Imp.
419 667 699 712 Iustiniana-s·
726 665 778 708 A.
810 664 1007 709 Iohanni
1112 696 1121 706 .
1189 661 1300 706 Cum
1339 660 1453 705 Sila-

123 731 299 772 nianum
341 726 522 770 senatus
561 720 809 765 consultum
849 724 894 762 et
932 731 959 762 a
987 732 1045 762 110
1078 730 1118 761 18
1147 721 1238 761 tam
1267 716 1452 760 laudan-

123 786 223 828 dum
262 794 390 837 quam
429 776 804 822 corroborandum
841 778 910 818 est
947 787 1030 818 nec
1067 786 1159 817 non
1196 773 1283 817 divi
1311 771 1455 837 Marci

123 839 277 889 oratio,
308 848 420 892 quae
450 835 568 877 circa
597 833 642 876 id
670 833 793 875 facta
822 836 909 883 est,
949 830 1192 874 invenimus
1233 833 1380 872 autem
1409 841 1455 870 m

121 909 173 938 06
215 893 380 937 nullam
422 890 686 933 mentionem
726 886 945 933 libertatis
989 885 1155 929 factam
1199 889 1242 929 et
1285 890 1454 928 veteres

121 950 251 993 movit
280 946 493 1003 quaedam
524 945 578 989 de
606 943 887 987 libertatibus
917 942 1081 985 relictis
1115 941 1163 984 in
1190 942 1454 984 testamento

121 1005 262 1048 necati
291 1002 515 1046 testatoris
549 1000 778 1057 quaestio,
819 998 1118 1042 necessarium
1156 997 1285 1062 nobis
1314 996 1455 1040 visum

126 1068 140 1103 1
202 1065 269 1103 est
298 1059 426 1102 etiam
456 1057 568 1100 haec
597 1055 814 1099 dirimere.
883 1055 919 1096 Ii
960 1054 1095 1107 enim,
1138 1066 1211 1107 qui
1252 1053 1455 1096 hbertate

119 1117 294 1159 fuerant
321 1114 366 1156 111
395 1114 482 1156 1100
510 1115 774 1156 testamento
811 1110 961 1154 donati
1001 1113 1073 1152 et¹
1112 1109 1151 1152 si
1191 1121 1289 1151 eam
1327 1120 1454 1151 acce—

120 1172 297 1227 pissent,
328 1170 511 1221 lucrum,
543 1167 662 1222 quod
692 1168 753 1210 eis
783 1167 829 1209 in
866 1166 1008 1209 medio
1038 1164 1216 1216 accidit,
1248 1166 1456 1219 poterant

122 1227 203 1271 81111
226 1226 469 1281 adquirere,
494 1224 664 1266 interea
684 1227 832 1266 autem
856 1220 1257 1276 procrastinatione
1271 1222 1457 1283 propter

120 1282 237 1326 necis
276 1280 513 1324 vindictam
551 1279 704 1322 habita
733 1279 818 1321 hoc
848 1277 1023 1320 minime
1052 1277 1110 1319 ad
1144 1289 1218 1320 eos
1256 1279 1456 1331 pervemt

121 1343 145 1381 2
185 1342 228 1381 et
248 1339 404 1392 postea
426 1337 472 1378 in
497 1335 744 1378 libertatem
766 1332 946 1377 deducti
959 1332 1346 1396 periclitabantur.
1388 1331 1457 1395 Ne

119 1393 306 1437 medium
345 1398 516 1446 tempus
555 1390 691 1434 fuerit
720 1390 782 1433 eis
813 1389 1090 1441 damnosum,
1130 1393 1174 1431 et
1201 1399 1389 1430 manme
1419 1400 1455 1431 81

119 1449 301 1492 ancillae
353 1449 398 1490 in
449 1446 591 1490 medio
643 1445 898 1502 pepererint
948 1447 994 1488 et
1034 1447 1191 1500 postea
1234 1443 1455 1487 hereditas

119 1505 239 1547 adita
270 1504 339 1557 sit,
378 1503 666 1546 bellissimum
704 1501 831 1546 nobis
861 1499 1034 1544 videtur
1062 1499 1150 1544 divi
1179 1499 1321 1542 Marci
1350 1512 1456 1554 pru-

119 1560 358 1603 dentissimi
389 1558 597 1614 principis
624 1557 867 1602 orationem
897 1561 941 1600 et
969 1556 1016 1599 111
1043 1556 1322 1600 libertatibus
1336 1568 1455 1654 dpro-

118 1617 296 1668 ducere‚
338 1627 392 1658 ne
431 1614 635 1670 princeps
673 1612 977 1670 philosophiae
1011 1613 1166 1667 plenus
1197 1611 1333 1666 aliqui
1393 1611 1455 1654 vi-

118 1673 275 1715 deatur
296 1671 600 1726 imperfectum
626 1670 847 1713 sanxisse:
880 1668 957 1712 sed
982 1668 1044 1710 ita
1065 1668 1112 1711 in
1134 1667 1454 1711 hereditatibus

119 1733 164 1771 et
190 1728 236 1770 in
264 1727 417 1781 legatis
449 1729 493 1769 et
520 1726 566 1768 in
588 1724 938 1768 fideicommissis
970 1729 1014 1766 et
1038 1724 1224 1767 maxime
1252 1724 1298 1766 in
1321 1723 1453 1767 liber-

118 1783 308 1835 tatibus,
350 1795 458 1837 quas
498 1794 671 1836 semper
708 1779 988 1835 philosophia
1018 1780 1298 1834 amplectitur
1311 1780 1341 1831 ²,
1379 1792 1454 1822 ex-

119 1839 326 1881 tendatur
364 1837 459 1880 eius
497 1838 661 1888 oratio,
702 1841 752 1878 ut
790 1840 834 1878 et
871 1835 1043 1878 lucrum
1083 1835 1201 1890 quod
1236 1835 1282 1878 in
1312 1835 1455 1878 medio

120 1893 283 1936 accidit
322 1893 385 1936 eis
425 1896 526 1947 post
564 1893 813 1935 libertatem
848 1893 1078 1946 acceptam
1113 1891 1375 1934 restituatur
1412 1895 1457 1933 et

123 1952 275 2004 partus
314 1948 426 1991 liber
466 1952 510 1991 et
547 1948 763 2002 ingenuus
804 1959 899 1990 esse
937 1947 1215 2002 intellegatur
1248 1946 1458 2002 nullaque

122 2004 447 2047 machinatione
471 2003 722 2046 huiusmodi
746 2002 1017 2058 praepeditio
1044 2002 1250 2046 damnum
1279 2002 1457 2058 aliquod

120 2061 325 2115 inrogare
362 2059 629 2103 concedatur
668 2063 712 2102 et
747 2059 887 2102 libera
923 2071 1073 2101 eorum
1115 2058 1375 2114 posteritas,
1420 2058 1456 2102 si

119 2116 167 2158 in
196 2115 337 2158 medio
363 2115 527 2158 fuerint
556 2115 612 2158 ab
637 2116 722 2158 hac
746 2115 845 2157 luce
868 2114 1099 2168 subtracti,
1130 2127 1312 2158 suorum
1335 2114 1454 2170 geni-

122 2175 146 2215 3
215 2174 359 2214 torum
409 2170 683 2214 commodum
738 2174 1047 2224 consequatur.
1130 2170 1292 2214 Merito
1341 2170 1456 2214 enim

119 2226 245 2270 nobis
289 2226 551 2269 sanctissimi
594 2226 736 2269 Marci
779 2239 858 2280 per
901 2226 1046 2268 omnia
1097 2226 1455 2270 constitutionem

119 2282 286 2336 replere
324 2282 512 2336 placuit:
552 2280 662 2323 nihil
701 2281 860 2324 etenim
900 2285 1047 2323 actum
1083 2293 1182 2325 esse
1222 2281 1453 2334 credimus,

118 2337 220 2379 dum
249 2336 415 2391 aliquid
444 2335 691 2379 addendum
721 2339 934 2391 superest.
981 2335 1034 2379 D.
1064 2348 1109 2378 Η
1133 2335 1176 2379 lc.
1204 2335 1313 2380 Mai.
1342 2335 1454 2380 Con-

115 2391 412 2448 stantinopoli
444 2396 560 2448 post
595 2392 876 2434 consulatum
913 2390 1154 2448 Lampadii
1198 2397 1244 2436 et
1284 2390 1455 2436 Orestis

116 2461 178 2490 vv.
211 2459 272 2489 oo.
1263 2451 1319 2499 [a.
1354 2450 1452 2499 531]

172 2498 236 2546 12
268 2500 392 2545 Idem
421 2502 471 2544 A.
505 2500 703 2545 Iohanni
736 2515 812 2558 pp.
882 2501 1004 2544 Talis
1044 2501 1098 2545 de
1135 2503 1317 2558 antiquo
1356 2502 1454 2547 iure

115 2557 317 2600 dubietas
357 2559 536 2600 nostrae
573 2556 801 2600 serenitati
837 2562 1045 2612 suggesta
1075 2562 1144 2601 est
1171 2563 1355 2614 propter
1384 2571 1452 2603 se-

114 2617 244 2655 natus
276 2612 525 2655 consultum
555 2612 828 2656 Silanianum
858 2618 902 2656 et
931 2625 1095 2663 servos,
1128 2615 1202 2669 qui
1232 2615 1451 2670 supplicio

113 2668 381 2711 adficiuntur
425 2669 506 2712 sub
551 2669 705 2711 eodem
748 2673 866 2712 tecto
912 2674 1233 2714 commorantes
1277 2674 1322 2714 et
1362 2684 1453 2715 non

115 2737 242 2767 suum
273 2724 484 2766 auxilium
513 2723 688 2767 domino
727 2737 807 2780 per
844 2724 1027 2768 insidias
1058 2727 1206 2770 occiso
1236 2727 1452 2782 praeben-

113 2784 194 2822 tes.
238 2782 405 2823 veteres
430 2780 545 2822 enim
572 2784 740 2823 certum
763 2793 853 2824 non
885 2780 1068 2832 faciunt,
1101 2782 1175 2836 qui
1204 2782 1454 2827 intellectus

116 2835 168 2877 de
211 2836 354 2878 verbis
399 2836 504 2878 ‘sub
551 2835 703 2879 eodem
746 2837 886 2879 tecto'
931 2835 1227 2890 significatur,
1274 2839 1365 2881 sive
1407 2839 1454 2881 in

116 2890 269 2933 eodem
311 2890 513 2934 cubiculo
554 2891 644 2934 sive
680 2892 726 2933 in
763 2891 956 2936 triclinio
987 2892 1054 2934 vel
1091 2893 1270 2948 porticu
1300 2894 1370 2937 vel
1408 2894 1454 2936 in

115 2947 218 2988 aula
260 2947 371 2988 haec
409 2946 646 3001 appellatio
694 2946 837 3045 accipi
883 2946 1063 3000 debeat,
1109 2948 1370 3004 adicientes,
1417 2950 1455 2993 si

116 3002 317 3044 dominus
341 3002 388 3044 in
412 3003 481 3045 via
504 3002 571 3045 vel
593 3003 637 3045 in
664 3015 769 3057 agro
812 3004 927 3047 uerit
947 3003 1221 3057 interfectus,
1260 3017 1336 3049 eos
1361 3018 1451 3050 ser-

114 3070 190 3100 vos
214 3057 374 3111 puniri,
402 3058 476 3112 qui
501 3061 678 3113 praesto
702 3063 829 3102 erant
854 3061 899 3102 et
922 3071 1011 3102 non
1037 3061 1247 3103 auxilium
1273 3061 1330 3104 ad
1349 3075 1453 3116 pro-

113 3112 351 3156 hibendum
381 3114 626 3168 periculum
655 3115 980 3169 praebuerunt,
1017 3116 1140 3158 nulla
1170 3116 1454 3162 distinctione

117 3174 133 3210 1
197 3181 329 3223 super
369 3169 580 3223 qualitate
618 3170 895 3224 praesentiae
935 3173 1124 3215 utentes.
1190 3172 1285 3218 Nos
1319 3173 1453 3228 igitur

114 3237 284 3267 omnem
313 3225 374 3267 eis
405 3225 683 3268 occasionem
706 3225 764 3268 ad
790 3226 1054 3269 declinanda
1079 3228 1299 3283 supplicia
1321 3242 1454 3285 super

114 3280 386 3333 neglegentia
425 3281 578 3323 salutis
619 3281 782 3324 domini
819 3282 889 3325 sui
917 3287 1198 3338 amputantes
1229 3285 1452 3330 sancimus

116 3347 265 3398 omnes
295 3348 456 3398 servos,
494 3350 545 3379 ex
576 3350 849 3392 quocumque
878 3337 977 3381 loco
1007 3339 1101 3382 sive
1128 3340 1175 3383 in
1205 3340 1333 3386 domo
1364 3342 1454 3386 sive

115 3403 159 3431 m
197 3402 267 3431 via
297 3403 385 3432 81ν6
423 3391 468 3433 111
508 3404 612 3446 agro
650 3393 824 3447 possint
860 3394 1097 3438 clamorem
1137 3397 1348 3441 exaudire
1383 3398 1453 3441 vel

114 3444 296 3488 insidias
335 3447 496 3489 sentire
536 3452 579 3490 et
617 3462 706 3492 non
745 3449 956 3492 auxilium
985 3451 1190 3504 tulerint,
1232 3453 1451 3509 supplicio

116 3506 295 3543 senatus
336 3503 523 3544 consulti
561 3504 802 3547 subiacere.
873 3511 1047 3560 oportet
1076 3507 1193 3550 enim
1222 3522 1311 3563 608,
1351 3510 1451 3554 11111-

117 3568 302 3619 cumque
341 3558 559 3600 senserint
597 3559 818 3602 dominum
856 3562 1199 3617 periclitantem,
1246 3565 1304 3608 ad
1378 3579 1450 3611 ro-

114 3612 325 3655 hibendas
363 3613 543 3656 insidias
585 3627 860 3658 concurrere.
919 3616 973 3660 D.
1006 3631 1079 3661 XV
1112 3619 1154 3663 lc.
1187 3620 1300 3666 Nov.
1338 3579 1432 3666 gon

113 3668 412 3725 stantinopoli
445 3675 560 3726 post
597 3671 876 3714 consulatum
913 3672 1152 3730 Lampadii
1199 3682 1242 3720 et
1282 3676 1450 3722 Orestis

115 3736 176 3766 vv.
211 3736 269 3766 cc.
303 3737 423 3767 anno
453 3725 661 3769 secundo.
1262 3737 1317 3785 [a.
1351 3737 1448 3786 532]

659 3841 901 3889 ΧΧΧΧΤΙ.3

563 3922 640 3961 DE
671 3921 1001 3965 CODICILLIS.

169 4000 192 4046 1
238 3999 350 4059 Imp.
389 4001 651 4046 Aleoeander
687 4004 738 4047 A.
784 4002 977 4049 Mooimo
1022 4013 1065 4051 et
1109 4009 1223 4053 aliis.
1298 4010 1448 4066 Rupto

112 4056 282 4111 quidem
313 4061 574 4102 testamento
605 4060 801 4114 postumi
829 4062 1060 4116 agnatione
1087 4065 1314 4110 codicillos
1341 4079 1448 4122 quo-

111 4126 194 4167 que
232 4112 288 4155 ad
326 4118 634 4158 testamentum
672 4115 942 4170 pertinentes
982 4133 1069 4162 non
1107 4123 1253 4165 valere
1290 4122 1337 4165 in
1368 4123 1449 4166 du·

115 4173 131 4210 1
194 4167 313 4211 bium
352 4182 440 4212 non
482 4171 613 4213 venit.
682 4170 768 4214 Sed
808 4185 908 4215 cum
947 4179 1048 4228 post
1084 4182 1263 4232 ruptum
1311 4183 1448 4222 testa-

111 4229 302 4267 mentum
326 4230 496 4290 patrem
513 4226 781 4280 pupillorum
798 4230 1041 4272 vestrorum
1067 4232 1236 4277 litteras
1252 4234 1449 4279 emisisse

110 4284 381 4333 proponat1s,
414 4282 572 4334 quibus
603 4283 873 4336 praecedens
914 4284 1119 4329 iudicium
1160 4289 1446 4345 confirmavit,

111 4338 290 4388 praetor
329 4335 435 4377 nihil
477 4341 634 4380 contra
672 4338 740 4381 ius
780 4338 905 4393 fecit,
955 4341 993 4383 si
1030 4344 1313 4388 novissimam
1352 4345 1447 4390 eius

109 4475 159 4523 (1)
192 4478 232 4514 et
271 4485 339 4515 αιιι
378 4477 453 4517 del.
498 4487 564 4518 ant
605 4495 687 4519 cam
726 4481 816 4521 edd.
859 4489 951 4521 ante
978 4478 1140 4522 lucrum
1171 4484 1446 4528 collocandum

110 4532 162 4578 (2)
192 4531 248 4569 sic
280 4531 328 4581 R,
362 4535 400 4570 et
432 4535 503 4572 ins.
541 4534 575 4574 C
683 4535 738 4587 (3)
772 4536 813 4576 Β
839 4537 907 4585 36,
936 4544 965 4588 1,
993 4545 1038 4577 20
1063 4553 1170 4591 seqq.
1189 4562 1243 4570 --
1265 4541 1326 4593 Cf:
1341 4541 1442 4596 Diq.

110 4585 177 4630 29,
197 4594 211 4622 τ
247 4587 341 4624 [nst.
360 4589 398 4635 2,
416 4595 459 4627 25
546 4591 600 4639 (4)
629 4592 687 4630 sic
717 4592 760 4642 0,
791 4590 1087 4644 conscripserat
1116 4594 1156 4634 R
1242 4597 1295 4647 (5)
1326 4597 1365 4639 d.
1392 4610 1442 4637 111

112 4638 148 4674 k.
183 4639 284 4679 Nov.
326 4640 485 4680 novelti
524 4644 739 4686 Mommsen
909 4647 965 4699 (6)
994 4662 1056 4700 pr.
1090 4672 1134 4677 m
1177 4657 1195 4698 §
1230 4659 1250 4691 2
1278 4671 1334 4687 ==
1370 4652 1442 4694 Th.

1436 174 1538 233 268

2448 191 2523 228 DE
2558 188 2871 230 CODICILLIS

1539 327 1807 370 voluntatem
1838 330 2017 373 secutus
2047 329 2249 374 relictum
2279 328 2544 369 testamento
2577 326 2641 371 rei
2670 326 2873 383 publicae

1536 381 1917 427 fideicommissum
1957 388 2008 427 ut
2050 397 2105 428 ex
2151 381 2365 427 codicillis
2403 381 2606 425 relictum
2674 385 2874 426 raestan-

1537 437 1641 480 dum
1671 449 1768 481 6886
1795 440 2108 494 pronuntiavit.
2168 437 2261 482 ΡΡ.
2294 448 2361 480 111
2397 435 2439 480 lc.
2472 434 2558 480 Iul.
2639 438 2795 483 aximo
2833 441 2877 482 el

1536 491 1737 536 Paterno
1768 506 1912 538 conss.
2689 497 2746 546 [a.
2776 494 2874 545 2331

1594 544 1626 593 2
1666 545 1736 590 Im
1773 583 1780 590 .
1820 547 2060 615 Philippus
2097 552 2148 595 A.
2196 554 2241 595 et
2279 547 2519 606 Philippus
2560 547 2602 594 0.
2644 549 2874 608 Asclepio-

1537 602 1683 647 dotae.
1787 604 2041 651 ereditatem
2099 607 2244 651 uidem
2279 616 2420 659 neque
2449 603 2547 647 dari
2576 615 2719 660 neque
2746 605 2878 649 adimi

1539 657 1751 703 codicillis
1791 673 1922 715 posse
1959 663 2078 706 mani
2099 667 2241 706 estum
2279 666 2369 705 est:
2410 659 2555 703 verbis
2590 663 2739 704 tamen
2776 673 2877 716 pre-

1538 714 1669 758 cariis
1708 727 1789 770 per
1825 715 2130 763 huiuscemodi
2168 718 2300 762 etiam
2328 715 2551 759 novissimi
2581 715 2731 759 iudicii
2759 715 2878 759 ordi-

1544 776 1559 813 1
1607 769 1832 814 nationem
1852 771 1951 816 iura
1973 786 2063 817 non
2084 774 2256 817 faciunt
2276 773 2426 816 irritas
2441 771 2707 815 voluntates.
2752 770 2880 815 Unde

1537 824 1828 869 inefficaciter
1855 831 1900 871 te
1931 829 2142 873 codicillis
2173 834 2372 884 rogatam
2401 839 2510 879 esse,
2542 831 2594 870 ut
2618 826 2880 882 quibusdam

1539 882 1674 925 rebus
1714 885 1925 927 contenta
1960 885 2209 940 portionem
2277 897 2381 927 uam
2418 886 2682 927 testamento
2728 882 2880 926 fueras

1539 941 1782 982 consecuta
1811 938 1909 982 aliis
1938 940 2210 994 restitueres,
2268 940 2364 984 also
2397 938 2479 982 tibi
2507 950 2769 994 persuasum
2798 940 2879 982 est.

1542 993 1633 1037 ΡΡ.
1663 993 1722 1037 id.
1744 991 1837 1038 Oct.
1869 992 2119 1054 Pereqrino
2149 1002 2193 1041 et
2215 995 2465 1040 Aemiliano
2498 1007 2641 1038 conss.
2697 997 2755 1047 [a.
2782 997 2880 1046 244]

1597 1041 1626 1095 3
1665 1047 1811 1107 Impp.
1843 1048 2156 1096 Diocletianus
2190 1057 2235 1096 et
2271 1050 2584 1095 Maximianus
2620 1049 2713 1094 AA.
2734 1048 2882 1107 *Hya—-

1539 1104 1691 1149 cintho
1721 1110 1767 1149 et
1791 1105 1906 1149 aliis.
1967 1105 2078 1150 Cum
2112 1108 2374 1164 proponatis
2415 1106 2685 1162 pupillorum
2712 1109 2881 1149 vestro-

1539 1175 1636 1204 rum
1673 1163 1860 1205 matrem
1896 1160 2079 1206 diversis
2114 1163 2390 1219 temporibus
2415 1176 2470 1206 ac
2508 1161 2698 1206 dissonis
2726 1161 2882 1206 volun-

1539 1217 1707 1261 tatibus
1754 1216 1864 1261 duos
1909 1217 2136 1262 codicillos
2181 1218 2428 1271 ordinasse,
2475 1219 2522 1261 in
2566 1217 2751 1262 dubium
2794 1229 2884 1261 non

1539 1273 1658 1317 venit
1698 1272 1766 1326 id,
1824 1273 1944 1328 quod
1995 1273 2135 1328 priori
2179 1274 2382 1318 codicillo
2426 1273 2718 1340 inscripserat
2728 1274 2758 1326 ⁴,
2804 1285 2886 1328 per

1540 1342 1662 1381 eum,
1701 1329 1749 1372 in
1786 1342 1916 1395 quem
1954 1334 2112 1384 postea
2150 1335 2323 1374 secreta
2360 1331 2600 1373 voluntatis
2640 1341 2749 1374 suae
2777 1341 2883 1373 con-

1539 1387 1726 1438 tulerat,
1767 1398 1807 1429 s1
1845 1398 1873 1429 a
1911 1385 2073 1441 prioris
2107 1389 2262 1429 tenore
2290 1385 2514 1442 discrepat
2541 1389 2587 1429 et
2616 1384 2884 1430 contrariam

1541 1442 1813 1485 voluntatem
1857 1442 2076 1497 continet,
2122 1444 2378 1486 revocatum
2420 1453 2530 1486 esse.
2599 1439 2693 1484 ΡΡ.
2734 1452 2783 1484 VI
2822 1439 2882 1484 id.

1543 1497 1665 1556 Sept.
1697 1498 1714 1541 i
1747 1498 1810 1541 sis
1840 1509 1931 1541 1111
1957 1502 2002 1542 et
2029 1509 2101 1541 ΙΙΙ
2126 1498 2218 1542 AA.
2253 1511 2398 1541 conss,
2697 1500 2753 1550 [a.
2785 1499 2884 1549 290]

1599 1553 1630 1599 4
1663 1553 1695 1597 I
1721 1567 1787 1597 em
1815 1554 1908 1597 AA.
1941 1558 1985 1598 et
2016 1552 2093 1598 00.
2126 1552 2405 1598 Stratonico.
2461 1552 2565 1597 Non
2603 1552 2768 1597 idcirco
2803 1552 2885 1596 mi-

1539 1623 1647 1661 nus,
1689 1609 1805 1666 quod
1844 1609 2054 1654 intestato
2092 1614 2137 1653 te
2167 1610 2353 1654 absente
2383 1608 2607 1653 codicillos
2637 1612 2779 1652 mater
2805 1612 2886 1652 tua

1539 1665 1670 1718 fecit,
1709 1666 1762 1718 ii,
1803 1665 1963 1721 quibus
1995 1666 2207 1721 precariis
2238 1665 2383 1710 verbis
2414 1664 2638 1721 adscripta
2669 1666 2786 1719 sunt,
2814 1677 2885 1709 re-

1541 1722 1645 1765 licta
1676 1722 1871 1778 capiunt.
1932 1720 2039 1765 Sine
2069 1722 2141 1765 die
2170 1727 2215 1766 et
2244 1722 2438 1766 consule.

1596 1776 1626 1823 5
1660 1776 1785 1822 Idem
1814 1779 1906 1821 AA.
1938 1784 1982 1821 et
2013 1775 2090 1821 00.
2123 1777 2319 1822 Flaviae.
2389 1777 2483 1821 Nec
2522 1776 2750 1822 codicillos
2789 1776 2885 1834 qui-

1541 1833 1638 1877 dem
1675 1833 1896 1877 furentem
1934 1846 2067 1889 posse
2103 1833 2253 1877 facere
2292 1833 2525 1877 certissimi
2561 1832 2672 1876 iuris
2709 1837 2790 1877 est.
2849 1831 2889 1876 si

1540 1889 1676 1944 igitur
1717 1890 1941 1945 scriptura
1986 1889 2106 1932 velut
2160 1889 2461 1934 codicillorum
2504 1889 2645 1945 patris
2690 1888 2757 1932 tui
2801 1888 2888 1933 fuit

1541 1946 1736 2000 prolata,
1779 1952 1829 1988 ut
1859 1945 2023 2001 aliquid
2054 1958 2108 1988 ex
2137 1945 2223 1989 hac
2253 1946 2345 2001 peti
2373 1945 2533 2000 possit,
2564 1944 2886 1988 adseverationi

1541 2004 1646 2045 tuae
1687 2001 1846 2045 mentis
1890 2014 1990 2045 eum
2035 2007 2285 2057 compotem
2326 2001 2466 2045 fuisse
2508 2001 2710 2056 negantis
2753 2000 2886 2044 fidem

1542 2057 1695 2101 adesse
1725 2057 1908 2113 probari
1938 2058 2154 2101 convenit.
2213 2057 2269 2101 D.
2300 2069 2350 2101 VJ
2375 2056 2417 2100 lc.
2446 2056 2550 2101 Dec.
2584 2055 2885 2165 0111εέίὶῦῖξῆ

1543 2126 1686 2156 conss.
2714 2127 2754 2156 a.
2843 2117 2869 2156 4

1600 2166 1630 2215 6
1662 2167 1787 2213 Idem
1815 2170 1907 2213 AA.
1941 2174 1985 2213 et
2017 2167 2094 2212 00.
2127 2167 2429 2212 Demostheni.
2490 2168 2590 2212 Sive
2615 2167 2742 2211 initio
2773 2181 2888 2224 quae

1539 2224 1688 2268 fuerat
1718 2224 1930 2269 codicillis
1959 2225 2195 2269 relicturus
2222 2224 2501 2278 generaliter,
2532 2224 2623 2268 sive
2651 2223 2887 2268 novissime

1540 2280 1697 2323 relicta
1740 2280 1909 2324 servari
1951 2280 2248 2333 mandaverit,
2306 2279 2642 2324 confirmatione
2691 2280 2888 2324 munitus

1540 2336 1705 2378 nuHam
1742 2335 1907 2379 iustam
1941 2348 2095 2391 gerere
2134 2334 2476 2379 sollicitudinem
2515 2340 2656 2391 potes.
2726 2335 2780 2380 D.
2820 2347 2891 2380 ΙΙΙ

1539 2390 1598 2434 id.
1630 2390 1736 2434 Deo.
1768 2391 2059 2435 Nicomediae
2092 2389 2170 2435 00.
2202 2404 2346 2435 conss.
2698 2396 2755 2445 [a.
2787 2394 2886 2444 294]

1597 2443 1625 2490 7
1669 2444 1782 2504 Imp.
1828 2444 2151 2490 Constantinus
2186 2447 2238 2490 A.
2289 2446 2351 2490 ad
2385 2446 2641 2492 Maximum
2680 2461 2766 2506 pp.
2840 2447 2888 2493 Si

1538 2501 1654 2545 idem
1695 2502 1887 2546 codicilli
1926 2502 2047 2558 quod
2087 2506 2351 2546 testamenta
2388 2506 2594 2558 possent,
2634 2517 2714 2549 cur
2743 2503 2884 2548 diver-

1540 2571 1636 2602 sum
1674 2558 1745 2602 his
1784 2558 2090 2602 instrumentis
2130 2559 2392 2603 vocabulum
2433 2559 2734 2612 mandaretur,
2802 2573 2887 2604 uae

1538 2614 1603 2658 vis
1656 2626 1709 2657 ac
1761 2619 1961 2671 potestas
2009 2627 2099 2659 una
2144 2615 2390 2659 sociasset?
2458 2616 2592 2671 igitur
2635 2615 2786 2672 specia
2804 2616 2888 2660 'ter

1540 2669 1756 2714 codicillis
1796 2669 2057 2714 instituendi
2096 2683 2151 2714 ac
2193 2671 2491 2715 substituendi
2534 2675 2734 2727 potestas
2777 2672 2887 2716 iuris

1538 2726 1806 2770 auctoritate
1846 2726 1952 2776 data
1997 2739 2089 2770 non
2128 2731 2207 2771 est.
2286 2726 2341 2771 D.
2373 2740 2442 2772 III
2470 2763 2479 2772 .
2513 2763 2521 2771 .
2556 2763 2564 2771 .
2598 2728 2698 2772 Iun.
2738 2726 2884 2773 Paca-

1541 2782 1666 2826 tiano
1696 2786 1742 2826 et
1770 2781 2014 2826 Hilariano
2046 2795 2191 2827 conss.
2696 2788 2753 2838 [a.
2787 2787 2884 2837 332]

1597 2834 1626 2885 8
1660 2835 1794 2895 ⁶Imp.
1829 2837 2108 2882 Theodosius
2135 2839 2188 2882 A.
2219 2839 2539 2897 Asclepiodoto
2566 2854 2651 2898 pp.
2711 2839 2758 2884 Si
2787 2840 2886 2896 quis

1540 2905 1669 2947 agere
1697 2905 1753 2936 ex
1781 2896 2046 2938 testamento
2088 2893 2287 2949 quolibet
2314 2894 2445 2938 modo
2477 2895 2567 2940 sive
2597 2895 2764 2951 scripto
2794 2896 2886 2940 sive

1537 2949 1636 2992 sine
1679 2949 1901 3005 scriptura
1946 2949 2150 2994 confecto
2195 2950 2249 2993 de
2291 2950 2535 2994 hereditate
2573 2951 2783 3003 voluerit,
2828 2951 2885 2995 ad

1539 3003 1867 3049 fideicommissi
1904 3006 2259 3070 persecutionem
2297 3006 2525 3062 adspirare
2560 3007 2764 3063 cupiens,
2803 3007 2883 3050 mi-

1543 3065 1556 3102 1
1623 3059 1740 3105 nime
1777 3065 2075 3117 permlttatur.
2143 3062 2335 3105 Tantum
2379 3062 2494 3105 enim
2523 3063 2672 3117 abest,
2711 3067 2762 3106 ut
2790 3063 2883 3107 adi-

1539 3120 1632 3159 tum
1673 3116 1879 3172 cuiquam
1917 3132 1999 3174 pro
2043 3130 2123 3162 suo
2161 3117 2381 3173 migrandi
2418 3118 2636 3163 desiderio
2668 3119 2882 3164 conceda-

1538 3185 1651 3226 mus,
1674 3175 1727 3216 ut
1747 3173 1878 3216 etiam
1904 3173 2014 3217 illud
2038 3174 2304 3228 sanciamus,
2328 3177 2381 3218 ut
2392 3175 2421 3227 ⁷,
2447 3174 2485 3218 si
2506 3177 2695 3218 testator
2714 3174 2884 3220 faciens

1537 3231 1850 3272 testamentum
1879 3230 1924 3273 in
1956 3229 2109 3284 eodem
2170 3242 2220 3273 ro
2252 3230 2466 3274 codicillis
2506 3230 2637 3274 etiam
2667 3230 2712 3275 id
2741 3230 2886 3275 valere

1540 3283 1793 3349 complexus
1824 3286 1895 3339 sit,
1926 3285 2004 3340 qui
2032 3286 2137 3328 here
2169 3286 2320 3329 itatem
2351 3287 2474 3342 petit,
2514 3287 2572 3330 ab
2601 3287 2710 3342 ipsis
2739 3287 2883 3330 inten-

1537 3340 1670 3384 tioms
1709 3341 1901 3386 exordiis
1942 3346 2090 3384 utrum
2117 3342 2225 3385 .velit
2263 3341 2450 3397 eligendi
2487 3342 2652 3386 habeat
2685 3347 2882 3398 potesta-

1537 3401 1647 3450 tem,
1687 3397 1833 3440 sciens
1873 3409 1921 3441 se
1959 3397 2090 3441 unius
2130 3397 2345 3442 electione
2383 3398 2565 3442 alterius
2599 3398 2686 3442 sibi
2716 3398 2883 3442 aditum

1537 3452 1855 3507 praeclusisse:
1897 3454 1962 3497 ita
1992 3457 2054 3506 ut,
2086 3454 2178 3498 sive
2208 3454 2426 3497 bonorum
2454 3454 2782 3509 possessionem
2813 3466 2880 3498 86-

1538 3508 1730 3552 cundum
1761 3509 1937 3553 tabulas
1968 3515 2047 3552 aut
2076 3509 2320 3553 secundum
2354 3510 2733 3565 nuncupationem
2763 3514 2882 3554 cete-

1536 3577 1698 3620 rasque
1737 3564 1899 3609 similes
1935 3565 2251 3621 postulaverit,
2291 3568 2370 3608 aut
2406 3570 2523 3609 certe
2561 3565 2675 3608 mitti
2712 3578 2760 3610 se
2796 3565 2884 3609 ad⁸

1535 3620 1859 3676 possessionem
1886 3633 1941 3664 ex
1965 3633 2087 3664 more
2109 3621 2297 3676 petierit,
2322 3622 2470 3664 statim
2493 3622 2606 3665 inter
2627 3621 2727 3677 ipsa
2748 3621 2882 3666 huius

1536 3677 1643 3720 iuris
1683 3677 1883 3731 auspicia
1921 3677 2198 3732 propositum
2231 3689 2339 3720 suae
2367 3677 2623 3721 intentionis
2654 3677 2880 3733 explanet.

1542 3736 1593 3775 la
1650 3732 1766 3775 Illud
1811 3745 1897 3787 quo
1931 3744 1987 3776 ue
2027 3732 2127 3787 pari
2170 3733 2344 3776 ratione
2388 3732 2652 3776 servandum
2695 3736 2787 3786 est,
2831 3737 2882 3776 ut

1534 3791 1745 3842 testator,
1790 3788 1864 3843 qui
1937 3788 2147 3832 ecreverit
2183 3787 2333 3832 facere
2374 3791 2709 3843 testamentum,
2755 3789 2792 3832 si
2834 3788 2880 3832 id

1534 3844 1715 3899 implere
1743 3843 1999 3898 nequiverit,
2030 3844 2267 3887 intestatus
2293 3844 2494 3888 videatur
2520 3857 2617 3888 esse
2642 3844 2878 3889 defunctus

1535 3912 1617 3943 nec
1653 3898 1889 3942 traducere
1925 3900 2058 3943 liceat
2093 3899 2150 3943 ad
2186 3899 2512 3944 fideicommissi
2550 3899 2877 3956 interpretatio-

1534 3968 1634 3999 nem
1663 3955 1784 3998 velut
1813 3967 1866 3997 ex
1897 3954 2111 3999 codicillis
2149 3955 2348 3999 ultimam
2377 3957 2670 4009 voluntatem,
2707 3956 2794 4000 nisi
2830 3954 2878 3998 id

1533 4011 1607 4054 ille
1639 4023 1735 4054 com
1767 4010 1892 4054 lexus
1922 4010 2000 4064 sit,
2043 4014 2095 4053 ut
2121 4011 2208 4054 vim
2243 4012 2374 4054 etiam
2403 4011 2707 4055 codicillorum
2737 4010 2875 4066 scrip-

1533 4071 1637 4110 tura
1679 4065 1732 4109 de
1767 4070 1839 4109 eat
1882 4067 2106 4110 obtinere:
2149 4067 2226 4111 illo
2270 4068 2367 4110 iure
2410 4067 2634 4111 electionis
2673 4065 2877 4110 videlicet

1533 4121 1816 4178 perdurante,
1848 4127 1910 4176 ut,
1943 4123 2017 4178 qui
2048 4135 2102 4166 ex
2130 4126 2395 4167 testamento
2429 4135 2558 4178 agere
2587 4121 2787 4176 voluerit,
2819 4122 2875 4165 ad

1535 4183 1559 4221 2
1611 4176 1998 4222 fideicommissum
2027 4178 2216 4234 migrare
2246 4192 2335 4223 non
2364 4178 2520 4235 possit.
2567 4177 2615 4222 Si
2643 4176 2741 4232 quis
2770 4189 2873 4221 vero

1534 4246 1589 4277 ex
1661 4234 1888 4277 arentibus
1928 4233 2160 4290 utriusque
2195 4247 2329 4279 sexus
2367 4247 2422 4278 60
2457 4233 2606 4277 liberis
2647 4245 2787 4288 usque
2816 4232 2874 4277 ad

1533 4246 1718 4345 graffium
1765 4293 1970 4354 quartum
2014 4290 2263 4345 agnationis
2310 4289 2513 4353 vinculis·
2538 4287 2766 4369 adligatus·
2804 4288 2873 4333 vel

1534 4344 1839 4400 cognation1s⁹
1875 4357 1992 4389 nexu
2032 4345 2298 4390 constrictus
2328 4345 2385 4389 ad
2413 4345 2617 4387 1611111111ι
2680 4348 2872 4401 scriptus

1532 4487 1572 4535 4,
1602 4494 1636 4534 4,
1669 4494 1708 4526 7:
1741 4486 1859 4537 ianye
1887 4489 1927 4536 6,
1958 4495 2010 4537 13,
2040 4496 2061 4528 2
2164 4487 2219 4539 (7)
2248 4489 2296 4526 ut
2329 4485 2414 4534 Th„
2447 4499 2518 4525 om.
2551 4484 2650 4525 libri
2730 4481 2789 4538 (8)
2818 4482 2871 4525 ad

1533 4539 1687 4587 Rale„
1717 4540 1763 4580 in
1798 4539 1891 4582 CR?
2024 4543 2082 4595 (9)
2110 4544 2171 4584 εἰσ
2199 4543 2291 4583 dett.
2323 4555 2406 4582 cum
2442 4539 2528 4591 Th„
2559 4551 2654 4580 vero
2684 4541 2758 4582 im.
2796 4538 2870 4582 GR

1530 4597 1604 4649 (10)
1636 4607 1766 4648 usque
1794 4598 1866 4638 ins.
1905 4597 1975 4637 Th.
