3132 4770
157 160 194 208 V
230 157 428 205 71—74

145 317 242 349 cum
270 299 428 351 usuris,
459 309 569 362 quas
597 296 878 349 praestatura
907 306 1038 346 esses,
1071 293 1117 335 et
1145 291 1344 344 sumptus
1372 299 1463 351 me-

141 357 285 404 liorati
313 353 480 409 praedii
508 361 680 393 servare
708 348 1009 392 tantummodo
1041 348 1198 402 potest.
1256 340 1301 386 S.
1327 353 1378 385 1⁷1
1402 341 1463 385 ad.

141 412 282 471 April.
311 405 559 452 ΑηοΙιὶιιῖοι
592 401 669 447 00.
701 414 845 446 conss.
1274 400 1331 449 [a.
1364 399 1461 462 29⁴3]

198 464 257 513 17
291 463 414 507 Idem
442 460 533 504 AA.
563 462 610 502 et
639 455 716 501 CC.
747 455 976 514 Philippo.
1044 456 1164 498 Inter
1201 464 1350 496 omnes
1383 465 1464 517 mi-

140 534 266 567 nores
303 531 385 562 nec
420 525 647 560 commune
682 511 910 566 praedium
949 512 1043 554 sine
1081 510 1258 552 decreto
1294 519 1462 563 praesi-

139 578 207 621 dis
237 572 454 619 sententia
483 573 661 613 senatus
693 567 883 610 consulti
913 565 1097 609 distrahi
1126 564 1307 619 patitur.
1361 575 1462 606 nam

138 633 195 676 ad
224 627 441 674 divisionis
472 635 648 668 causam
671 626 938 676 provocante
959 625 1130 663 tantum
1153 619 1318 663 maiore
1343 619 1462 663 socio

139 688 230 732 eius
270 682 571 728 alienationem
612 682 655 720 et
698 676 793 719 sine
832 675 1007 718 decreto
1047 675 1143 718 fieri
1179 675 1266 719 iam
1297 674 1463 730 pridem

137 741 338 787 obtinuit.
397 735 442 780 S.
482 746 552 778 VJ!
578 732 637 776 id.
664 731 773 775 Dec.
807 729 884 775 CC.
917 744 1060 774 conss.
1276 735 1332 784 [a.
1365 733 1462 781 294]

193 794 256 844 18
286 793 374 837 ²Im
409 826 418 835 .
454 788 772 834 Constantinus
799 787 851 830 A.
891 791 936 831 et
975 784 1291 831 Constantius³
1330 784 1373 831 C.
1404 786 1466 829 acl

136 852 343 897 Severum
374 883 382 891 .
453 845 528 889 Si⁵
566 843 756 887 minores
795 842 863 886 vel
903 854 957 886 ex
995 842 1135 898 patris
1182 842 1358 886 nomine
1396 842 1465 885 vel

134 921 189 951 ex
218 918 311 958 suo,
341 901 498 947 debitis
528 900 757 943 dumtaxat
783 898 1013 942 fiscalibus
1043 899 1089 942 in
1120 899 1363 953 ruentibus,
1396 898 1462 942 vel

133 976 188 1007 ex
215 958 395 1018 privatis
426 955 731 1001 contractibus
759 953 1038 1020 reperiantur
1066 967 1092 998 o
1126 954 1266 1008 noxii,
1298 954 1464 998 decreti

132 1015 406 1071 interpositio
446 1012 505 1056 a⁶
543 1010 909 1056 Constantiniano
953 1013 1160 1066 praetore
1200 1009 1464 1053 celebranda

134 1078 211 1127 est,
241 1069 439 1128 probatis
467 1066 762 1111 examussim⁷
792 1066 952 1116 causis,
983 1071 1032 1109 ut
1061 1065 1289 1122 patefacta
1317 1078 1463 1109 rerum

131 1128 219 1172 fide
255 1126 381 1170 firma
415 1123 606 1168 venditio
678 1127 906 1166 erseveret.
965 1121 1020 1166 D.
1052 1134 1124 1165 JV
1154 1120 1196 1165 lc.
1229 1121 1328 1165 Ian.
1360 1119 1463 1164 Ser-

133 1184 257 1228 dicae
286 1179 514 1226 probiano
544 1185 589 1224 et
617 1137 799 1222 AEliano
830 1190 972 1222 conss.
1275 1181 1332 1230 [a.
1365 1179 1462 1228 322]

692 1348 913 1398 LXX11.·

304 1433 532 1481 QUANDO
562 1430 823 1472 DEGRETO
852 1429 990 1471 OPUS
1020 1429 1137 1471 NON
1166 1429 1283 1470 EST.

187 1515 210 1562 1
257 1514 369 1573 Imp.
401 1513 656 1559 Antoninus
684 1513 735 1557 A.
779 1511 957 1556 Valenti
995 1511 1137 1556 militi.
1198 1511 1245 1555 Si
1272 1511 1464 1568 probare

128 1579 256 1628 potes
285 1574 455 1627 patrem
483 1583 545 1626 pu
577 1570 663 1623 illi,
695 1568 819 1612 cuius
847 1572 1039 1612 tutorem
1070 1567 1326 1622 convenisti,
1357 1580 1462 1611 con-

128 1628 341 1682 sensisse,
379 1630 429 1670 ut
456 1626 535 1670 red
570 1626 627 1669 'to
667 1625 746 1668 tibi
776 1624 956 1680 praedio
987 1624 1207 1680 pretium⁹
1243 1624 1463 1679 recipera-

127 1688 209 1738 ret,
253 1683 299 1726 id
344 1682 461 1739 quod
507 1681 708 1726 convenit
750 1679 1009 1725 servabitur.
1082 1692 1224 1736 neque
1263 1680 1378 1723 enim
1417 1679 1464 1722 in

112 1753 182 1783 ‘ea
216 1752 265 1782 re
300 1738 544 1783 auctoritas
583 1735 797 1792 praesidis
835 1735 1087 1779 necessaria
1126 1739 1214 1788 est,
1253 1741 1303 1778 ut
1346 1739 1462 1779 tuto-

128 1809 227 1838 rum
252 1793 538 1839 sollicitudini
560 1792 834 1845 consulatur,
863 1791 902 1835 si
923 1792 1143 1835 voluntati
1164 1790 1360 1836 defuncti
1385 1803 1463 1846 pa-

129 1853 269 1895 reant.
330 1848 422 1893 PP.
454 1860 545 1893 1111
558 1849 592 1874 ¹⁰
620 1847 663 1892 lc.
690 1846 789 1892 Ian.
815 1847 1045 1892 Antonino
1062 1849 1121 1899 fA.
1155 1859 1200 1891 11
1226 1853 1270 1892 et
1295 1846 1405 1891 Geta
1420 1858 1466 1890 11

131 1919 273 1950 conss.
1275 1907 1333 1955 [a.
1367 1906 1462 1954 205]

187 1959 218 2008 2
257 1959 370 2018 Imp.
409 1959 680 2004 Aurelianus
715 1959 766 2003 A.
806 1957 1018 2003 Pulchro.
1085 1959 1201 2003 Illud
1239 1959 1464 2014 requiren-

130 2018 232 2061 dum
271 2022 363 2070 est,
402 2029 460 2059 an
499 2015 618 2059 adito
651 2014 851 2071 principe
881 2014 1145 2059 Saturninus
1175 2015 1242 2060 vir
1272 2014 1464 2058 clarissi-

129 2086 226 2117 mus
255 2071 510 2128 specialiter
537 2071 608 2115 ius
637 2070 900 2115 venditionis
931 2072 1168 2136 acceperit.
1237 2070 1295 2115 ad
1322 2071 1466 2114 instar

130 2130 242 2172 enim
299 2127 526 2171 raesidalis
552 2126 718 2170 decreti
741 2126 968 2170 concessio
994 2127 1253 2183 principalis
1276 2126 1463 2170 accedit.

130 2183 221 2228 PP.
295 2182 473 2240 yzantii
500 2181 559 2226 id.
591 2180 690 2225 Ian.
720 2182 818 2226 sine
846 2195 990 2226 conss.

184 2236 215 2286 3
246 2238 394 2297 Impp.
434 2237 747 2282 Diocletianus
783 2242 829 2281 et
852 2236 1166 2281 Maximianus
1190 2240 1282 2282 AA.
1314 2243 1360 2282 et
1385 2236 1463 2282 CC.

129 2293 479 2338 Stratoniciano.
544 2292 778 2337 Praedium
816 2293 1031 2336 rusticum
1058 2292 1127 2336 vel
1160 2294 1465 2337 suburbanum

127 2363 154 2393 a
182 2350 347 2393 minore
386 2348 538 2404 viginti
575 2349 767 2403 quinque
795 2348 922 2391 annis
950 2347 1131 2391 alienari
1161 2348 1256 2393 sine
1286 2348 1463 2392 decreto

126 2404 363 2460 praesidis,
402 2405 487 2448 nisi
527 2403 725 2459 parentis
765 2403 965 2447 voluntas
1005 2417 1084 2447 seu
1122 2404 1370 2456 testatoris,
1410 2417 1463 2447 ex

128 2461 251 2504 cuius
291 2460 417 2503 bonis
456 2458 514 2504 ad
548 2459 761 2503 minorem
800 2459 1020 2514 pervenit,
1059 2472 1192 2515 super
1229 2459 1462 2504 alienando

127 2530 176 2561 eo
219 2515 384 2571 aliquid
428 2514 661 2559 mandasse
707 2514 1086 2570 deprehendatur,
1127 2516 1251 2559 nulla
1289 2515 1462 2559 ratione

125 2575 284 2629 potest.
358 2570 444 2615 PP
492 2583 564 2614 JV
600 2569 644 2615 lc.
691 2569 837 2629 April.
887 2569 1177 2616 Nicomediae
1224 2571 1366 2615 Tusco
1420 2579 1464 2615 et

125 2628 340 2672 Anullino
369 2628 553 2672 conss.¹²
1272 2631 1330 2681 [a.
1363 2631 1461 2680 295]

182 2682 214 2729 4
249 2681 399 2750 ¹²Imp.
433 2681 753 2727 Constantinus
791 2683 842 2726 A.
885 2681 947 2726 ad
980 2682 1213 2740 populum.
1272 2683 1337 2727 Et
1364 2683 1460 2727 sine

126 2739 460 2794 interpositione
498 2737 664 2782 decreti
699 2740 868 2782 tutores
897 2738 967 2781 vel
997 2742 1226 2783 curatores
1255 2751 1462 2794 quarum-

129 2807 313 2850 cumque
342 2798 646 2852 {personarum
690 2798 832 2837 vestes
878 2793 1062 2837 detritas
1105 2797 1150 2837 et
1187 2807 1464 2850 supervacua

128 2850 336 2893 animalia
372 2850 560 2894 vendere
597 2849 905 2906 permittimus.
974 2848 1029 2893 D.
1060 2849 1120 2893 id.
1151 2848 1291 2895 Mart.
1324 2848 1463 2895 Sirmi

132 2905 419 2950 Constantino
450 2906 500 2949 A.
541 2917 613 2948 1⁷11
638 2911 683 2949 et
713 2904 974 2949 Constantio
1008 2904 1051 2950 C.
1083 2918 1227 2951 conss.
1274 2909 1332 2959 [a.
1364 2909 1462 2959 326]

658 3075 921 3124 LXXIH.²³

127 3160 176 3199 SI
220 3157 347 3205 QUIS
389 3158 673 3200 IGNORANS
716 3157 839 3199 REM
881 3157 1117 3199 MINORIS
1154 3158 1291 3200 ESSE
1329 3158 1462 3201 SINE

462 3214 723 3255 DECRETO
754 3213 1132 3255 COMPARAVIT.

186 3293 207 3339 1
246 3292 358 3352 Imp.
392 3293 649 3339 Gordianus
675 3295 728 3339 A.
759 3295 911 3340 Felici.
971 3294 1018 3339 Si
1047 3308 1114 3351 ea,
1145 3308 1259 3352 quae
1286 3296 1333 3340 in
1361 3296 1462 3342 iura

128 3350 287 3393 tutoris
326 3350 588 3395 hereditario
605 3352 639 3378 ¹⁴
681 3351 807 3396 titulo
853 3352 1088 3405 successit,
1133 3352 1460 3408 possessionem

129 3411 249 3447 tuam
293 3405 507 3460 vendidit,
552 3407 591 3450 si
632 3411 681 3450 ut
717 3407 978 3462 pupillarem
1007 3407 1234 3461 distraxit,
1274 3413 1458 3465 emptor,

130 3461 203 3515 qui
232 3461 373 3504 sciens
403 3474 430 3504 a
458 3462 617 3505 tutoris
647 3463 807 3506 herede
835 3467 1056 3508 mercatus
1087 3467 1177 3517 est,
1219 3478 1318 3509 cum
1361 3465 1459 3511 offi-

131 3516 243 3559 cium
289 3521 427 3560 morte
465 3516 666 3571 finiatur,
710 3518 898 3562 alienam
936 3532 1027 3564 rem
1068 3521 1366 3576 comparando
1405 3521 1460 3567 de

128 3573 338 3629 temporis
371 3572 601 3618 intervallo
637 3573 803 3617 nullam
844 3576 988 3632 potuit
1030 3576 1262 3633 adquirere
1306 3576 1458 3623 defen-

1451 131 1554 190 236

1888 150 2118 199 QUANDO
2155 150 2411 190 DECRETO
2453 151 2590 192 OPUS
2624 153 2742 191 NON
2779 153 2879 194 Es'r

1549 285 1739 330 sionem:
1780 282 1819 328 si
1847 297 1950 330 vero
1985 290 2037 332 ut
2074 301 2197 332 suam
2231 285 2436 330 distraxit
2463 286 2759 344 ignoransque
2787 301 2877 333 rem

1549 340 1737 405 alienam
1774 344 1946 395 emptor
1984 343 2273 409 comparavit,
2314 354 2456 397 neque
2495 343 2643 386 statim
2680 357 2760 400 per
2787 349 2878 388 tra-

1550 396 1758 438 ditionem
1808 399 2112 451 =possession1s
2168 398 2369 442 dominus
2426 396 2608 442 effectus
2660 402 2751 454 est,
2803 399 2879 444 sed

1548 449 1850 494 tantummodo
1892 452 2102 499 adversus
2145 458 2190 497 te
2237 451 2394 497 statuti
2429 454 2660 508 temporis,
2699 468 2798 499 cum
2836 463 2880 500 te

1548 506 1768 561 legitimae
1813 507 1972 552 aetatis
2018 522 2116 554 esse
2164 523 2255 553 non
2313 506 2566 562 diffitearis,
2619 514 2768 565 potest
2813 512 2879 556 uti

1548 561 1908 617 praescriptione.
1971 563 2065 610 ΡΡ.
2104 577 2135 609 r
2171 565 2230 609 id.
2273 563 2395 622 Sept.
2442 562 2528 607 Pio
2573 572 2617 608 ec
2651 565 2879 611 Pontiano

1549 630 1692 661 conss.
2707 636 2748 665 a.
2780 626 2859 667 238

1579 671 1636 738 ,2
1657 671 1792 736 ‘Idem
1820 673 1872 717 A.
1906 673 2149 734 Crispinae.
2217 677 2262 720 Si
2294 679 2449 720 contra
2479 625 2735 730 amplissimi
2764 626 2880 721 ordil

1549 741 1614 772 nis
1646 732 1870 772 decretum
1899 732 2199 786 possessiones
2229 737 2335 775 tuae
2365 732 2603 775 distractae
2627 734 2744 786 sunt,
2776 745 2881 776 con·

1548 785 1645 828 veni
1668 797 1819 828 earum
1843 799 2154 843 possessorem,
2184 792 2248 840 ut,
2272 788 2310 831 si
2332 788 2397 831 ita
2422 787 2675 843 probaveris
2697 790 2882 842 gestum,

1548 843 1594 884 et
1620 840 1843 896 possessio
1873 843 2127 887 retrahatur
2165 848 2210 887 et
2238 843 2413 887 fructus
2453 843 2647 887 universi
2675 855 2882 888 revocen-

1546 901 1633 948 tur,
1663 896 1701 940 si
1729 909 1818 940 non
1848 897 1967 942 bona
1993 897 2083 943 fide
2113 905 2350 955 emptorem
2380 899 2519 943 fuisse
2549 898 2623 954 qui
2649 899 2755 943 emit
2776 912 2881 944 con·

1547 952 1723 996 stiterit.
1784 951 1876 996 ΡΡ.
1905 965 1997 998 xv!
2022 954 2064 999 lc.
2085 954 2227 999 Ian.¹⁶
2259 953 2491 999 Gordiano
2522 957 2573 999 A.
2606 966 2652 999 11
2679 962 2722 999 et
2750 953 2875 999 Pom-

1539 1008 1710 1066 peiano
1742 1021 1883 1052 conss.
2695 1015 2751 1063 [a.
2785 1010 2883 1110 242)

1604 1060 1634 1110 3
1665 1062 1813 1122 Impp.
1844 1063 2155 1109 Diocletianus
2186 1071 2231 1111 et
2257 1065 2568 1111 Maximianus
2597 1066 2688 1109 AA.
2729 1070 2774 1110 et
2804 1065 2841 1110 C
2873 1100 2882 1110 .

1547 1118 1765 1177 Aqatlzae.
1818 1119 2127 1165 Possessiones
2157 1122 2351 1166 rusticae
2379 1123 2448 1166 vel
2478 1123 2760 1166 suburbanae
2789 1122 2884 1167 sine

1550 1187 1711 1219 causae
1754 1175 2004 1231 cognitione
2047 1179 2092 1220 et
2133 1177 2469 1233 interpositione
2520 1178 2686 1222 decreti
2729 1182 2886 1222 contra

1548 1233 1729 1275 senatus
1760 1232 2010 1275 consultum
2047 1232 2265 1277 alienatae
2293 1246 2376 1277 nec
2406 1247 2434 1277 a
2462 1233 2656 1278 secundo
2689 1237 2886 1289 emptore

1547 1291 1666 1331 recte
1696 1291 1914 1341 tenentur,
1945 1287 2030 1331 nisi
2056 1290 2270 1332 statutum
2295 1291 2506 1346 temporis
2533 1290 2723 1345 spatium
2749 1290 2885 1333 inter-

1549 1344 1743 1388 cesserit.
1775 1342 1870 1387 PP.
1885 1343 1944 1387 id.
1958 1343 2130 1387 Febr-,¹⁶
2141 1344 2429 1389 Nicomediae
2442 1344 2520 1389 CC.
2533 1359 2678 1390 conss.
2710 1350 2766 1398 [a.
2786 1347 2884 1398 294]

1603 1398 1635 1445 4
1665 1397 1791 1443 Idem
1820 1399 1912 1444 AA.
1944 1403 1988 1443 et
2019 1397 2097 1444 CC.
2127 1399 2406 1445 Alexandro.
2474 1400 2690 1456 Quoniam
2729 1401 2885 1445 adver-

1549 1468 1623 1499 sus
1654 1459 1909 1511 emptorem,
1939 1454 1997 1498 ad
2027 1468 2155 1511 quem
2185 1468 2241 1498 ex
2268 1468 2460 1511 persona
2490 1457 2596 1510 eius,
2628 1457 2698 1500 cui
2730 1460 2887 1500 contra

1549 1514 1728 1556 senatus
1760 1511 2011 1556 consultum
2041 1511 2205 1555 donata
2233 1525 2303 1555 res
2334 1515 2415 1564 est,
2444 1511 2563 1556 iusto
2594 1512 2721 1557 titulo
2747 1512 2885 1556 inter-

1548 1568 1750 1612 veniente
1789 1580 1843 1611 ea
1880 1581 1951 1611 res
1991 1567 2046 1611 de
2083 1580 2172 1623 qua
2210 1567 2262 1611 lis
2292 1573 2360 1612 est
2388 1568 2624 1612 transitum
2652 1568 2772 1620 fecit,
2812 1580 2885 1612 re-

1549 1624 1721 1679 quirere
1767 1637 1791 1667 o
1827 1623 2008 1678 ortebit,
2055 1636 2112 1666 an
2157 1627 2391 1680 praesente
2435 1625 2583 1679 priore
2627 1623 2802 1669 domino
2842 1627 2888 1668 et

1548 1680 1711 1724 maiore
1741 1693 1765 1723 e
1800 1684 1896 1723 ecto
1927 1680 2022 1723 sine
2052 1680 2351 1724 controversia
2374 1681 2518 1724 bonae
2542 1680 2648 1724 fidei
2674 1679 2886 1724 decennio

1548 1736 1615 1779 vel
1657 1737 1840 1779 absente
1885 1735 2037 1790 vigniti
2082 1735 2208 1780 annis
2254 1736 2329 1791 qui
2373 1737 2675 1792 quaestionem
2717 1736 2887 1792 patitur

1548 1804 1779 1846 possessor
1816 1791 1954 1835 fuisse
1991 1796 2274 1835 monstretur.
2343 1792 2463 1848 quod
2506 1792 2545 1837 si
2584 1805 2611 1836 a
2643 1791 2704 1836 ud
2740 1790 2886 1846 gravi-

1547 1850 1684 1891 tatem
1720 1850 1845 1891 tuam
1882 1847 2114 1891 manifeste
2144 1848 2408 1902 constiterit,
2449 1848 2545 1892 sine
2583 1862 2611 1891 u
2647 1861 2674 1891 a
2703 1852 2886 1891 cuncta-

1548 1903 1669 1947 tione
1697 1903 1852 1947 habita
1879 1903 1999 1958 longi
2027 1903 2238 1959 temporis
2266 1903 2617 1960 praescriptione
2654 1904 2886 1960 petitorem

1551 1959 1774 2015 oportebit
1809 1959 1996 2002 excludi.
2062 1958 2117 2003 D.
2158 1970 2209 2002 VJ
2247 1959 2306 2002 id.
2347 1958 2447 2003 Iun.
2487 1958 2736 2004 Dorostolo
2775 1958 2886 2004 Dio-

1548 2015 1741 2059 cletiano
1768 2027 1862 2058 VIII
1887 2020 1935 2060 et
1946 2014 2232 2059 Maximiano
2258 2027 2328 2059 VI]
2355 2016 2447 2059 AA.
2480 2015 2667 2059 conss-‚¹⁷
2710 2018 2768 2068 [a.
2787 2018 2884 2067 303]

2073 2186 2357 2234 LXX1111.¹⁸

1610 2267 1660 2307 SI
1691 2267 1871 2307 MAIOR.
1899 2266 2113 2308 FACTUS
2143 2267 2274 2307 SINE
2304 2265 2566 2307 DECRETO
2595 2264 2826 2306 FACTAM

1720 2322 2159 2363 ALIENATIONEM
2187 2322 2381 2362 RATAM
2410 2321 2715 2363 HABUERIT.

1604 2403 1627 2449 1
1681 2401 1786 2447 ¹⁹Im
1814 2416 1865 2460 p.
1904 2401 2218 2448 Diocletianus
2256 2408 2302 2448 et
2336 2400 2651 2448 Maximianus
2686 2403 2780 2448 AA.
2810 2401 2886 2448 Li·

1546 2458 1701 2503 ciniae.
1799 2472 1871 2502 um
1909 2472 1989 2514 pro
2025 2471 2133 2503 onas
2174 2461 2425 2504 curatorem
2437 2459 2476 2486 2⁰
2510 2459 2651 2515 patris
2688 2458 2757 2503 tui
2793 2472 2886 2504 non

1544 2514 1806 2570 interposito
1837 2515 1984 2571 praesi
2015 2515 2054 2559 is
2085 2515 2261 2559 decreto
2291 2515 2520 2572 praedium
2557 2515 2771 2559 rusticum
2806 2516 2884 2559 he-

1543 2570 1638 2614 redi
1668 2570 1899 2616 creditoris
1929 2584 2009 2615 seu
2046 2571 2187 2615 tutori
2221 2572 2316 2616 eius
2346 2572 2591 2616 destinasse
2620 2570 2886 2616 venumdare

1545 2639 1728 2692 eamque
1766 2626 2059 2671 venditionem
2096 2627 2330 2684 deceptum
2368 2632 2540 2684 patrem
2577 2630 2704 2671 tuum
2741 2632 2886 2671 ratam

1543 2683 1777 2736 habuisse,
1818 2684 1855 2727 si
1894 2683 2062 2727 minore
2092 2683 2236 2738 pretio
2268 2683 2531 2728 distractum
2559 2682 2790 2739 praedium
2818 2687 2886 2727 est

1546 2742 1591 2782 et
1617 2739 1872 2783 inconsulto
1905 2751 2055 2782 errore
2093 2740 2137 2782 la
2171 2753 2268 2782 sum
2297 2743 2470 2795 patrem
2499 2742 2625 2783 tuum
2654 2752 2885 2796 perperam

1544 2793 1784 2839 venditioni
1823 2807 2087 2838 consensum
2156 2794 2299 2839 edisse
2329 2795 2588 2849 constiterit,
2630 2808 2720 2839 non
2749 2795 2807 2840 ab
2835 2807 2885 2840 re

1546 2849 1630 2894 erit
1673 2849 1945 2906 superfluum
1987 2851 2119 2906 pretii
2161 2851 2209 2893 in
2257 2851 2660 2906 compensationem
2703 2850 2882 2896 deduci:

1544 2906 1663 2961 quod
1701 2906 1916 2962 praesidis
1953 2905 2203 2962 provisione
2242 2906 2335 2950 fieri
2374 2908 2599 2960 convenit,
2636 2906 2762 2950 cuius
2793 2906 2882 2950 sol·

1543 2961 1700 3006 lertiae
1737 2975 1979 3017 congruum
2017 2966 2104 3016 est,
2143 2962 2180 3006 si
2215 2962 2389 3006 diversa
2426 2974 2529 3018 pars
2564 2963 2726 3007 bonam
2752 2961 2883 3006 fidem

1543 3030 1635 3063 non
1672 3018 1980 3074 amplectatur,
2023 3018 2070 3062 in
2106 3018 2292 3063 arbitrio
2322 3018 2415 3063 eius
2452 3030 2639 3074 ponere,
2683 3030 2742 3061 an
2779 3017 2885 3062 velit

1575 3074 1867 3118 ossessionem
1906 3087 2007 3118 cum
2043 3073 2262 3118 fructibus
2299 3074 2545 3126 restituere,
2585 3073 2648 3118 ita
2681 3078 2734 3118 ut
2761 3073 2882 3118 fene·

1543 3087 1611 3230 {ri
1670 3130 1861 3186 pecunia
1900 3143 2000 3175 cum
2039 3130 2391 3185 competentibus
2429 3130 2578 3174 usuris
2605 3129 2881 3175 restituatur.

1627 3220 1638 3230 .
1668 3199 1771 3230 non.
1808 3184 1899 3230 Oct.
1930 3185 2044 3244 ipsis
2072 3197 2164 3229 1111
2191 3191 2237 3230 et
2265 3197 2334 3230 111
2359 3187 2448 3230 AA.
2482 3198 2626 3230 conss.
2693 3189 2750 3239 [a.
2781 3187 2881 3237 290]

1601 3237 1633 3287 2
1672 3239 1798 3286 Idem
1826 3242 1918 3285 AA.
1954 3247 2000 3286 et
2029 3239 2106 3287 CC.
2139 3241 2418 3286 Alexandro.
2488 3241 2536 3286 Si
2570 3241 2666 3286 sine
2703 3240 2881 3285 decreto

1543 3297 1758 3353 praesidis
1788 3297 1971 3353 praedia
1994 3298 2079 3340 ‘tua
2108 3310 2135 3340 a
2163 3302 2311 3342 tutore
2339 3302 2417 3342 tuo
2446 3297 2639 3342 alienata
2667 3301 2773 3342 sunt
2800 3309 2882 3341 nec

1543 3354 1726 3409 speciali
1770 3352 2104 3398 confirmatione
2148 3354 2238 3405 vel,
2284 3354 2321 3398 si
2362 3354 2481 3398 bona
2523 3353 2611 3398 fide
2650 3365 2881 3410 possessor

1541 3409 1723 3463 fuisset,
1763 3410 1919 3454 statuti
1947 3410 2157 3466 temporis
2187 3422 2377 3454 excursu
2405 3409 2462 3464 id,
2504 3409 2621 3464 quod
2649 3421 2880 3465 perperam

1542 3470 1610 3510 est
1639 3473 1801 3520 actum,
1833 3465 1979 3509 fuerat
2002 3465 2260 3517 stabilitum,
2290 3478 2471 3521 praeses
2496 3465 2748 3521 provinciae
2775 3477 2879 3529 pos-

1542 3521 1782 3567 sessionem
1811 3522 1857 3565 in
1887 3521 1955 3566 ius
1985 3523 2157 3566 tuum²¹
2189 3521 2398 3565 retrahet.
2458 3523 2512 3567 D.
2544 3520 2586 3564 lc.
2616 3520 2715 3565 Ian.
2742 3519 2881 3565 Sirmi

1541 3578 1632 3622 AA.
1664 3591 1809 3623 conss.
2692 3579 2749 3629 [a.
2781 3579 2878 3628 293]

134 3666 771 3672 --——-—..—-,——.
803 3667 854 3672 ...-

128 3714 178 3762 (1)
208 3709 409 3752 Anchiale
445 3710 561 3762 Hal„
592 3726 665 3752 om.
704 3711 780 3752 VP
804 3722 919 3763 recte,
949 3716 1029 3755 nisi
1044 3717 1159 3768 sorte
1188 3731 1265 3758 scr.
1295 3728 1327 3756 s.
1356 3728 1386 3756 ν
1415 3716 1456 3756 k.

129 3770 232 3808 Nov.
320 3770 375 3818 (2)
403 3786 459 3802 ==
495 3767 564 3807 Th.
597 3769 635 3817 3,
666 3775 723 3817 32,
755 3776 795 3806 2:
827 3770 943 3822 {unqe
973 3772 1012 3820 7,
1044 3780 1102 3822 62,
1134 3781 1172 3813 17
1260 3773 1316 3822 (3)
1348 3771 1457 3813 Con-

129 3822 332 3863 stantinus
362 3823 450 3863 edd.
620 3824 674 3874 (4)
709 3822 819 3865 idem
856 3825 926 3875 (ει
953 3825 1050 3878 imp.
1080 3828 1380 3879 constantinus)
1420 3841 1455 3867 a.

129 3879 286 3919 iuliano
314 3891 383 3931 pu.
414 3879 454 3926 7,
484 3887 541 3930 62,
572 3887 625 3930 17,
663 3893 766 3931 quae
795 3888 831 3920 et
860 3881 950 3932 ipsa
989 3898 1036 3923 ez·
1070 3883 1141 3924 271.
1173 3886 1212 3935 3,
1242 3892 1300 3934 32,
1331 3891 1352 3924 2
1392 3885 1458 3925 de·

129 3937 280 3988 scripta
320 3943 398 3975 est.-
435 3933 561 3987 impp.
594 3936 749 3975 omissis
779 3935 944 3988 reliquis
979 3937 1051 3978 Th.
1121 3955 1205 3980 curn
1245 3950 1459 3981 consonent

131 3991 332 4043 inscriptio
363 3998 400 4030 et
421 3991 660 4043 subscriptio
690 3991 728 4032 h.
754 4005 786 4031 c.
812 4006 896 4031 cum
921 3994 1100 4044 proxime
1124 3997 1457 4048 praecedentibus

130 4049 168 4087 in
204 4047 274 4087 Th.
307 4047 413 4098 (nam
445 4047 551 4098 quod
579 4047 637 4087 ibi
665 4048 705 4086 in
737 4046 838 4087 libro
872 4047 1111 4091 Taurinensi
1138 4052 1328 4092 omittitur
1358 4051 1456 4093 Cae·

127 4103 234 4143 saris
263 4102 416 4151 mentio,
447 4102 580 4142 vitium
604 4103 716 4143 haud
736 4117 870 4143 rarum
901 4105 987 4155 est),
1019 4115 1089 4146 aut
1108 4106 1225 4160 lapsu
1247 4122 1320 4149 suo
1335 4107 1457 4149 Iusti-

130 4160 271 4199 nianos
302 4171 370 4197 eas
399 4157 474 4197 huc
504 4159 753 4199 transtulisse
782 4159 995 4201 verisimile
1025 4170 1081 4202 est
1110 4172 1200 4213 aut,
1240 4178 1326 4204 cum
1342 4165 1458 4217 sorte

129 4230 155 4254 a
186 4213 298 4254 libris
329 4227 458 4253 eorum
489 4222 530 4253 ut
559 4228 586 4253 a
619 4213 862 4255 Taurinensi
898 4216 1103 4267 inscriptio
1141 4221 1458 4273 subscriptioque

131 4272 320 4317 abessent,
361 4275 500 4308 temere
538 4283 605 4309 eas
643 4284 691 4310 ea·
721 4270 969 4311 antecedenti
996 4274 1268 4316 constitutione
1295 4275 1456 4328 supple-

129 4326 239 4365 visse.
287 4339 333 4364 ne
364 4324 587 4377 iunqendae
617 4326 770 4377 quidem
802 4340 885 4366 cum
916 4326 993 4366 hac
1023 4327 1120 4379 leqis
1149 4330 1354 4384 inscriptio
1373 4330 1460 4371 veri

129 4382 293 4432 speciem
324 4380 453 4428 habet,
486 4394 568 4420 cum
600 4382 696 4431 quia
710 4381 898 4421 Iulianus
923 4383 1031 4422 urbis
1047 4383 1199 4425 Romae
1223 4387 1457 4439 praefectus

130 4451 166 4475 a.
199 4442 392 4477 326-329
424 4450 501 4475 non
532 4438 708 4488 quadrat
737 4438 794 4477 ad
822 4437 1189 4480 Constantinianum
1215 4451 1455 4495 praetorem,

131 4492 199 4541 qui
233 4492 404 4542 pertinet
449 4492 506 4531 ad
548 4492 949 4544 Constantinopolim,
994 4502 1070 4534 tum
1114 4497 1210 4547 quia
1249 4498 1455 4550 inscriptio

132 4546 224 4585 libri
244 4546 500 4587 Taurinensis
521 4547 644 4598 impp.
678 4549 832 4589 indicat
859 4548 963 4589 hanc
989 4551 1296 4594 constitutionem
1322 4561 1455 4606 ponte-

133 4601 271 4639 riorem
303 4616 383 4640 esse
420 4601 671 4643 Constantino
706 4603 871 4657 Maqno.
925 4606 1171 4657 praesectum
1207 4609 1301 4649 urbi
1327 4618 1454 4649 autem

1544 3717 1823 3771 compilatores
1852 3716 2107 3769 inscriptioni
2140 3716 2180 3766 7,
2210 3723 2270 3763 62,
2301 3723 2339 3756 17
2382 3715 2632 3757 inseruerunt
2669 3730 2735 3767 eo,
2773 3717 2883 3769 quod

1544 3788 1630 3813 eam
1669 3773 1728 3814 ita
1766 3780 2033 3822 mutaverant,
2071 3780 2116 3812 ut
2146 3772 2381 3824 provocatio
2421 3771 2478 3812 ad
2509 3772 2761 3825 praesectum
2788 3774 2883 3814 urbi

1532 3829 1683 3880 fieret.-
1722 3828 1768 3869 id
1803 3827 1904 3868 enim
1940 3827 2143 3880 requirere
2177 3827 2402 3877 videbatur,
2444 3836 2488 3869 ut
2525 3827 2617 3881 ipsa
2655 3827 2878 3869 constitutio

1543 3885 1602 3925 ad
1629 3884 1732 3925 hunc
1766 3884 2040 3937 maqistratum
2070 3883 2169 3924 data
2199 3891 2309 3924 esset.
2367 3892 2506 3924 nomen
2534 3883 2721 3924 videntur
2748 3897 2879 3936 sump-

1542 3941 1641 3981 sisse
1671 3954 1720 3981 ex
1746 3939 2048 3992 subscriptione,
2077 3953 2196 3993 quam
2226 3939 2391 3981 eandem
2408 3940 2545 3992 fuisse
2574 3939 2616 3980 in
2645 3953 2679 3979 c.
2700 3946 2742 3981 17
2771 3946 2810 3979 et
2835 3939 2877 3979 in

1543 3996 1620 4037 hac
1649 4003 1950 4036 consentaneum
1980 4003 2059 4036 est:
2089 4009 2214 4048 neque
2242 3995 2487 4049 iynorabant
2509 4003 2724 4047 praeterea
2749 3993 2876 4034 Iulia-

1544 4067 1631 4093 num
1648 4051 1756 4091 circa
1773 4050 1871 4092 haec
1887 4059 2063 4103 tempora
2074 4052 2321 4104 praesectum
2337 4051 2428 4090 urbi
2445 4052 2580 4102 fuisse
2635 4048 2690 4099 (5)
2707 4047 2782 4088 etsi
2803 4047 2876 4088 Th.

1542 4107 1599 4158 (6)
1627 4118 1653 4146 a
1686 4105 1760 4147 CR
1794 4106 1880 4155 Th„
1911 4121 1984 4147 om.
2025 4106 2102 4147 VP
2229 4106 2284 4157 (7)
2313 4107 2372 4147 sic
2407 4106 2493 4154 Th„
2523 4103 2876 4146 examinatissima

1552 4160 1666 4214 VQ0,
1706 4160 2028 4213 examinatisque
2070 4161 2183 4203 PCR
2353 4161 2409 4213 (8)
2448 4161 2490 4200 Β
2521 4161 2587 4210 38,
2617 4168 2652 4210 9,
2683 4167 2728 4201 60
2764 4174 2873 4213 seqq.

1541 4219 1598 4269 (9)
1626 4216 1786 4270 praetio
1813 4217 2027 4270 praedium
2076 4218 2117 4257 V
2279 4216 2354 4265 (ιο)
2384 4228 2431 4255 1v
2472 4216 2516 4266 V,
2556 4227 2586 4253 v
2615 4215 2664 4265 P,
2694 4226 2742 4253 vx
2772 4215 2872 4255 Hal.

1541 4273 1611 4325 (n)
1641 4275 1760 4313 tusco
1785 4275 1827 4313 et
1846 4272 2035 4325 aquilino
2070 4272 2116 4323 V,
2146 4284 2195 4312 aa
2224 4273 2295 4324 (.--
2318 4287 2353 4312 α.
2373 4272 2458 4322 293)
2484 4270 2585 4311 Hal.
2671 4268 2817 4323 (12)=
2834 4273 2872 4322 5,

1541 4338 1596 4380 37,
1628 4337 1686 4380 22,
1718 4337 1763 4370 e:
1796 4330 1914 4382 iunye
1945 4330 1984 4380 2,
2012 4338 2069 4380 27,
2101 4338 2134 4369 2.
2165 4331 2205 4379 4,
2234 4336 2293 4378 32,
2324 4326 2400 4368 25⁴?
2494 4326 2568 4377 (13)
2599 4325 2642 4366 Β
2675 4327 2739 4376 10,
2765 4333 2799 4378 4,
2826 4335 2872 4368 oo

1538 4399 1686 4481 ἷιῖῗᾳῬ
1735 4385 1890 4490 (Μῖιῖἷο
1899 4385 2006 4480 DZ?
2027 4380 2595 4489 ἶὶἐωῗεῖῗῖωοᾶῗῖἐῗν
2627 4381 2702 4477 (5⁵3
2717 4381 2874 4478 ifflhg'

1604 4469 1613 4480 .
1986 4471 1994 4479 .
2591 4467 2602 4488 ,
2706 4467 2716 4477 .
2862 4467 2871 4478 .

1538 4497 1610 4546 (==
1640 4511 1678 4536 a.
1710 4497 1795 4546 294)
1828 4496 1925 4535 Hal.
2025 4497 2101 4548 (ιε)
2133 4495 2177 4537 Β
2210 4497 2272 4545 10,
2304 4503 2338 4540 ⁴.
2369 4502 2413 4534 ei
2442 4507 2549 4545 seqq.

1539 4554 1578 4601 4,
1610 4560 1662 4603 ιο,
1695 4560 1714 4592 4
1854 4551 1933 4602 (20)
1963 4553 2269 4603 procuratorem
2313 4550 2348 4590 V
2372 4557 2512 4589 contra
2544 4548 2586 4588 Β

1538 4606 1603 4646 ius
1633 4609 1749 4646 tuum
1782 4604 1929 4657 PCR0,
1959 4607 2159 4647 iniustum
2202 4607 2244 4655 1⁷,
2274 4604 2318 4644 in
2349 4617 2440 4645 nus
2471 4607 2588 4644 tuum
2618 4603 2682 4644 R⁰

2645 4492 2722 4544 (19)
2752 4494 2871 4547 iunye

2722 4550 2796 4601 (21)
2827 4549 2868 4589 in
