3080 4770
193 206 271 261 nn
286 214 752 258 -mnnmssoamus

193 368 346 402 eorum
374 355 532 410 eligere
563 352 792 407 creditori,
830 351 870 397 si
897 351 1027 395 modo
1059 356 1230 396 ceteros
1260 354 1404 398 minus
1433 355 1527 398 ido-

179 423 300 457 'neos
330 411 611 456 existimaret.
672 414 720 454 at
746 420 864 452 nunc
897 411 1001 463 post
1036 407 1126 451 litis
1164 410 1529 454 contestationem

190 467 447 524 petitionem
477 467 660 512 divisam
686 463 999 520 redintegrari¹
1041 464 1148 509 iuris
1185 466 1300 510 ratio
1330 481 1419 511 non
1448 478 1527 522 pa-

190 524 314 568 titur.
373 523 466 568 ΡΡ.
499 535 546 568 11
570 522 628 567 id.
656 521 757 566 Iun.
784 519 1015 564 Gordiano
1039 526 1090 564 Α.
1118 533 1163 564 II
1185 527 1229 567 et
1248 521 1528 622 Pompeignp

191 593 335 624 conss.
1356 593 1396 622 a.
1457 585 1482 621 4

248 634 312 682 17
353 634 476 680 Idem
510 635 562 679 A.
595 632 855 697 Brasidae3
899 631 1080 698 Omissis
1122 647 1296 690 quoque
1332 581 1527 691 pignori}

191 693 276 736 bus
319 691 623 736 fideiussorem
668 702 696 733 a
739 688 1031 732 creditoribus
1076 690 1243 734 utiliter
1290 689 1526 741 conveniri,

190 748 275 792 nisi
301 748 347 791 in
375 748 422 792 id
458 746 575 803 quod
603 759 658 790 ex
684 744 754 788 his
793 744 917 788 refici
955 759 1043 789 non
1081 746 1279 802 potuerit
1314 748 1525 802 acceptus

191 804 261 860 sit,
303 802 521 860 explorati
553 802 662 846 iuris
693 806 773 845 est.
833 799 926 844 ΡΡ.
970 814 1018 845 VJ
1043 802 1102 846 id.
1134 801 1271 848 Mart.
1303 802 1452 848 Attico
1483 805 1528 845 et

189 858 489 904 Praetextato
521 871 664 902 conss.
1338 863 1394 912 [a.
1427 859 1524 909 242]

248 912 312 964 18
342 913 455 973 Imp.
486 913 636 972 Philip
673 926 726 956 us
762 915 812 957 A.
853 918 897 957 et
927 913 1166 972 Philippus
1205 913 1248 959 C.
1290 913 1524 973 Smyrnae.

189 970 248 1024 Si,
279 975 331 1014 ut
357 970 586 1037 proponis,
644 968 809 1012 undum
847 970 902 1013 ob
942 970 1135 1014 debitum
1166 971 1407 1026 obligatum
1436 981 1526 1013 non

186 1026 305 1072 iusto
333 1029 475 1083 pretio
504 1025 760 1079 vendidisti,
801 1026 1022 1070 residuam
1054 1029 1363 1083 quantitatem,
1395 1037 1526 1093 quam

186 1095 250 1182 gxi
273 1083 414 1148 pretio
443 1081 636 1148 eiusdem
666 1093 843 1147 servare
879 1083 1128 1183 ἒοῒιὶξῗεε,
1164 1083 1344 1184 ἷζεὶἒῃᾱί
1382 1082 1463 1181 tilbi
1499 1093 1527 1124 a

252 1150 447 1184 eiussore
472 1151 565 1182 non
592 1150 688 1182 iure
749 1151 863 1184 oscis
897 1172 908 1184 .
1053 1175 1061 1183 .
1103 1152 1132 1183 V
1198 1174 1207 1183 .
1280 1154 1309 1183 u
1344 1173 1352 1182 .
1433 1151 1526 1182 ere-

185 1195 320 1252 qrino
348 1199 395 1239 et
419 1193 669 1238 Aemiliano
701 1152 844 1238 clonss.
1310 1153 1393 1248 ἦα.
1427 1196 1524 1245 244]

243 1247 308 1298 19
339 1248 485 1308 Impp.
512 1249 824 1294 Diocletianus
853 1256 897 1295 et
918 1250 1231 1296 Maximianus
1252 1251 1344 1295 ΑΛ.
1377 1255 1421 1295 et
1446 1248 1524 1294 CC.

186 1305 448 1351 Sabiniano.
517 1305 562 1350 Si
600 1306 789 1350 alienam
828 1320 904 1351 reo
977 1307 1253 1364 rincipaliter
1285 1306 1525 1351 constituto

185 1362 493 1418 obligationem
532 1363 770 1419 suscepisti
799 1364 868 1408 vel
905 1363 937 1407 fi
969 1364 1182 1408 eiussorio
1221 1362 1313 1407 sive
1342 1362 1525 1406 manda·

183 1419 296 1463 torio
339 1419 408 1462 vel
461 1432 736 1476 quocumque
785 1420 930 1464 alieno
980 1420 1156 1464 nomine
1199 1432 1282 1486 pro
1328 1419 1527 1463 debitore

182 1474 490 1527 intercessisti,
537 1489 627 1519 non
669 1489 801 1531 posse
845 1476 1054 1531 urgueri3
1098 1475 1381 1529 creditorem,
1427 1487 1526 1519 eum

183 1530 259 1586 qui
293 1535 491 1574 mutuam
535 1531 711 1588 accepit
746 1532 981 1588 pecuniam
1018 1544 1149 1587 quam
1188 1536 1234 1575 te
1278 1531 1524 1584 convenire,

182 1586 297 1631 scire
325 1586 556 1641 debueras,
588 1600 701 1641 cum,
732 1588 772 1631 si
799 1588 885 1632 hoc
913 1587 959 1631 in
986 1587 1112 1632 initio
1140 1589 1400 1632 contractus
1426 1598 1524 1642 spe-

183 1642 354 1686 cialiter
378 1656 467 1687 non
490 1644 671 1699 placuit,
699 1644 863 1688 habeat
886 1643 1072 1687 liberam
1100 1643 1371 1687 electionem.
1413 1642 1459 1686 S.
1482 1653 1530 1685 ΙΙ

181 1697 224 1741 lc.
255 1697 364 1742 Mai.
396 1700 488 1743 ΛΑ.
520 1713 665 1743 conss.
1338 1703 1395 1751 [a.
1428 1699 1524 1752 293]

239 1752 304 1802 20
335 1753 460 1799 Idem
488 1756 580 1801 ΛΑ.
613 1760 658 1799 et
689 1753 765 1798 CC.
797 1755 995 1799 Aurelio.
1049 1754 1279 1798 Sententia
1307 1755 1526 1799 bonorum

181 1811 374 1854 omnium
408 1810 732 1865 ademptionem
773 1811 1026 1854 continente
1063 1810 1130 1854 rei
1169 1809 1367 1853 damnati
1403 1810 1524 1865 prin-

180 1867 220 1909 ci
239 1865 689 1964 ‘aligmi-ntercessores
729 1866 918 1922 eligendi
958 1865 1166 1910 creditori
1204 1870 1404 1922 potestas
1426 1878 1525 1972 {19⁰3}

177 1932 205 1964 a
295 1933 312 1963 1
389 1954 399 1965 .
1353 1935 1394 1964 a.

235 1974 293 2022 21
332 1975 456 2020 Idem
481 1977 573 2020 ΛΑ.
606 1981 651 2021 et
678 1975 756 2022 CC.
785 1976 982 2022 Iuliano.
1043 1977 1171 2022 Sicut
1200 1925 1389 2033 eligen[di
1416 1976 1525 2020 fide-

175 2032 372 2076 iussores
397 2032 589 2076 creditor
617 2033 753 2076 habet
782 2037 1061 2090 potestatem,
1091 2034 1157 2077 ita
1184 2033 1525 2078 intercessorem

175 2089 477 2145 postulantem
517 2089 613 2133 cedi
652 2090 736 2133 sibi
772 2091 801 2133 h
831 2090 1050 2146 pothecae
1090 2090 1180 2134 sive
1211 2089 1384 2146 pignori
1413 2089 1524 2134 obli-

176 2147 281 2200 gata
319 2144 415 2188 iure
457 2158 547 2189 non
587 2145 710 2201 prius
756 2159 782 2190 a
853 2147 1142 2199 solutionem,
1186 2146 1272 2190 nisi
1314 2146 1526 2190 mandata

177 2213 315 2300 sgupgil·
342 2201 467 2300 lhapv
480 2213 529 2245 re
561 2201 707 2301 {iffi-it
749 2202 1026 2258 persecutio,
1081 2203 1288 2247 convenit
1331 2203 1523 2312 prggffiij

217 2291 224 2299 .
376 2291 384 2299 .
463 2270 530 2301 ov.
646 2291 654 2300 .
687 2271 831 2302 conss.
1352 2274 1392 2303 a.
1483 2264 1492 2276 '

235 2309 302 2358 22
343 2310 464 2356 Idem
500 2313 593 2357 AA.
644 2318 688 2357 et
727 2312 804 2359 CC.
847 2314 1111 2360 Hermiano.
1182 2314 1230 2359 Si
1268 2315 1388 2359 ultra
1423 2315 1524 2370 hoc,

179 2368 296 2424 quod
325 2368 499 2424 accepit
529 2380 603 2421 ea,
640 2382 719 2425 pro
751 2383 838 2426 qua
866 2374 911 2415 te
941 2370 1220 2414 mandatorio
1251 2372 1428 2415 nomine
1456 2371 1524 2414 in-

177 2425 437 2469 tercessisse
462 2438 793 2479 commemoras,
821 2427 1028 2470 daturum
1050 2431 1096 2470 te
1112 2427 1334 2482 scripsisti
1345 2429 1376 2481 ⁴,
1393 2439 1523 2482 prae-

178 2493 250 2524 ses
289 2481 540 2536 provinciae
580 2494 634 2526 ex
670 2482 780 2535 hoc,
812 2483 931 2538 quod
961 2484 1080 2526 ultra
1110 2482 1370 2527 mandatum
1398 2488 1524 2527 tuum

177 2540 457 2581 numeratum
486 2540 576 2593 est,
605 2550 633 2581 a
662 2542 705 2582 te
735 2538 847 2583 nihil
877 2539 991 2595 exigi
1021 2539 1231 2595 patietur.
1294 2538 1338 2583 S.
1372 2550 1453 2582 χιι
1479 2538 1522 2582 lc.

178 2591 287 2637 Mai.
322 2593 400 2638 CC.
433 2607 577 2638 conss.
1336 2599 1392 2648 [a.
1426 2598 1523 2647 294]

236 2646 301 2696 23
333 2648 458 2694 Idem
482 2650 574 2694 ΛΑ.
606 2655 651 2694 et
673 2649 750 2696 CC.
781 2652 1041 2710 Antipatro.
1103 2651 1223 2700 Reos
1253 2651 1524 2707 principales

177 2705 246 2750 vel
283 2706 566 2751 mandatores
608 2706 866 2763 simpliciter
905 2711 1114 2764 acceptos
1156 2708 1316 2763 eligere
1344 2708 1414 2751 vel
1442 2719 1524 2763 pro

177 2766 306 2818 parte
337 2763 570 2807 convenire
599 2764 689 2816 v'el,
727 2764 839 2808 satis
870 2776 959 2807 non
989 2764 1180 2808 faciente
1212 2769 1368 2808 contra
1397 2776 1526 2819 quem

177 2830 330 2919 32³?ss
359 2818 982 2921 ἕξὶἓὲῐὲιῗὲἑιέιῖἶιῗῑῗὲἰ
1018 2820 1205 2921 Γὲνθὲῗῑ,
1237 2833 1343 2920 Ἕέἕί
1373 2820 1524 2920 buz-¹22⁸

175 2929 348 2974 mediae
380 2929 457 2974 CC.
490 2944 634 2975 conss.
815 2909 826 2929 ’
1334 2935 1391 2986 [a.
1424 2935 1522 2984 294]

233 2984 299 3032 24
330 2985 455 3031 Idem
479 2989 571 3035 ΛΑ.
603 2993 648 3032 et
674 2986 752 3032 CC.
785 2987 1041 3055 Perqamio.
1097 2988 1396 3033 Fideiussoris
1456 2988 1523 3032 ui·

175 3041 275 3086 dem
312 3042 442 3087 heres
482 3044 682 3100 exemplo
722 3045 786 3088 rei
824 3045 1087 3102 principalis
1127 3049 1317 3090 tenetur.
1378 3058 1425 3090 se
1486 3044 1525 3089 si

175 3097 290 3141 idem
334 3099 535 3156 utrisque
578 3101 815 3155 succedat,
869 3102 1202 3146 intercessionis
1254 3102 1524 3158 obligatione

177 3153 300 3196 finita
339 3154 458 3198 velut
494 3156 754 3211 principalis
796 3162 969 3201 tantum
1009 3158 1222 3202 debitoris
1258 3159 1386 3202 heres
1418 3171 1524 3202 con-

179 3209 314 3252 veniri
374 3215 503 3254 otest.
563 3210 609 3255 S.
643 3212 729 3254 Xl⁶
757 3211 799 3255 lc.
834 3212 932 3256 Ian.
969 3212 1048 3257 CC.
1080 3227 1223 3257 conss,
1334 3217 1390 3266 [a.
1424 3217 1522 3267 294]

234 3262 298 3310 25
369 3265 467 3309 dem
495 3266 586 3310 ΑΛ.
628 3273 673 3310 et
705 3266 780 3310 CC.
813 3266 1044 3326 Philippo.
1110 3268 1376 3323 Pignoribus
1408 3269 1523 3313 datis

178 3333 204 3363 a
242 3332 320 3365 reo
389 3321 596 3378 rincipali
635 3322 857 3368 distractis
897 3337 982 3368 nec
1020 3329 1123 3380 post
1161 3325 1282 3379 longi
1312 3325 1523 3380 temporis

176 3377 362 3443 interval
380 3379 483 3421 um⁷
521 3377 746 3421 residuum
784 3392 811 3422 a
850 3378 1111 3424 fideiussore
1151 3381 1345 3425 creditor
1373 3386 1524 3436 petere

175 3433 451 3489 prohibetur.
513 3433 557 3477 S.
598 3446 647 3477 VJ
674 3434 715 3477 lc.
749 3434 847 3479 Ian.
883 3435 961 3481 CC.
994 3450 1138 3481 conss.
1336 3440 1392 3490 [a.
1425 3440 1522 3490 294]

235 3486 300 3535 26
340 3487 454 3547 Imp.
497 3488 779 3534 lastinianus
818 3492 870 3535 A.
913 3491 1096 3536 Iuliano
1127 3507 1211 3551 pp.
1279 3492 1522 3545 Sancimus,

178 3545 215 3589 si
260 3545 357 3601 quis
402 3558 482 3601 pro
521 3545 607 3590 alio
650 3547 957 3602 spoponderit,
1004 3553 1225 3604 quatenus
1265 3562 1366 3593 eum
1404 3549 1523 3593 intra

179 3606 349 3667 certum
385 3607 563 3667 tempus
592 3603 741 3646 tradat
769 3604 838 3648 vel
868 3609 1034 3648 certam
1064 3605 1356 3661 quantitatem
1386 3617 1521 3660 pecu·

177 3670 350 3700 mamm
371 3670 453 3713 pro
476 3671 528 3702 eo
549 3658 727 3712 inferat,
745 3664 789 3702 et
809 3665 1007 3716 tempore
1023 3666 1191 3705 statuto
1209 3662 1296 3705 iam
1314 3660 1522 3705 effluente

178 3726 267 3756 non
295 3714 457 3769 poterit
485 3727 585 3757 eum
614 3720 971 3771 repraesentare,
1012 3731 1102 3764 non
1132 3718 1281 3762 statim
1310 3717 1522 3773 pecunias

177 3782 260 3824 pro
290 3770 607 3835 eo‘stipulatas
631 3771 808 3824 inferre,
840 3773 918 3817 sed
942 3786 1039 3817 com
1074 3778 1192 3818 etere
1220 3773 1395 3839 quidem
1420 3777 1523 3829 post

177 3830 387 3881 temporis
417 3826 591 3881 lapsum
620 3827 869 3873 omnimodo
899 3842 1045 3884 poena
1063 3843 1132 3873 em
1162 3835 1401 3883 actionem,
1433 3842 1522 3873 non

177 3884 326 3925 autem
365 3882 513 3924 statim
544 3895 777 3937 summam,
809 3898 890 3939 pro
922 3898 1010 3940 qua
1038 3885 1273 3930 fideiussor
1302 3885 1521 3929 admissus

182 3942 197 3979 1
262 3941 342 3990 est,
373 3937 611 4002 profligari.
656 3938 744 3983 Sed
769 3940 806 3983 si
830 3940 1005 3995 quidem
1034 3955 1175 3997 usque
1206 3943 1262 3986 ad
1293 3955 1370 3986 sex
1399 3953 1520 3985 men-

178 4005 306 4037 suum
335 3995 526 4049 spatium
554 3998 730 4050 tempus
756 3999 974 4040 statutum
999 3997 1071 4053 sit,
1102 3998 1222 4042 aliud
1252 4003 1424 4042 tantum
1454 3997 1523 4040 ei⁸

175 4049 405 4106 indulgeri,
450 4050 567 4093 intra
611 4050 730 4106 quod
773 4052 810 4095 si
849 4052 994 4107 possit
1035 4066 1274 4109 personam
1313 4054 1522 4099 exhibere

178 4109 203 4148 2
260 4111 306 4150 et
344 4118 439 4150 eam
477 4106 673 4158 tradere,
714 4119 859 4162 poena
887 4108 946 4152 sit
974 4109 1204 4154 liberatus.
1266 4110 1343 4154 Sin
1372 4113 1520 4153 autem

178 4161 367 4218 amplius
404 4173 534 4218 quam
573 4175 654 4206 sex
691 4175 923 4207 mensuum
962 4167 1137 4221 tempus
1171 4167 1229 4210 ab
1258 4166 1382 4210 initio
1414 4178 1519 4209 con-

178 4218 382 4263 stitutum
421 4222 510 4271 est,
551 4221 678 4273 tunc,
717 4219 1089 4276 quanticumque⁹
1127 4223 1336 4278 temporis
1379 4221 1517 4265 curri-

179 4360 230 4411 (1)
259 4361 318 4402 sic
354 4361 396 4412 0,
434 4361 714 4413 redintegrare
755 4361 834 4402 PR
958 4363 1014 4414 (2)
1043 4374 1182 4414 posces
1221 4363 1297 4413 La,
1336 4375 1519 4415 reposces

182 4415 271 4468 PR,
301 4417 478 4469 reposcis
500 4416 601 4458 LbC
686 4419 737 4468 (3)
760 4419 819 4458 sic
848 4417 891 4468 0,
913 4430 1091 4469 urguere
1113 4419 1155 4459 R
1240 4420 1293 4470 (4)
1323 4420 1423 4460 idem
1448 4419 1517 4460 B:

181 4471 291 4521 quod
332 4472 526 4513 daturum
575 4476 615 4515 te
658 4472 879 4526 scripsisti,
924 4474 1084 4525 accepit
1123 4503 1132 4513 .
1150 4504 1160 4513 .
1178 4503 1188 4514 .
1230 4486 1518 4515 commemoras

190 4526 397 4572 Mommsen
482 4531 536 4581 (5)
567 4529 695 4570 alium
728 4527 858 4580 C⁶R⁰‚
889 4527 1011 4569 illum
1037 4527 1157 4571 C0R0
1241 4531 1297 4581 (6)
1326 4543 1376 4571 11
1402 4531 1516 4595 Hal.2

1334 4645 1337 4648 '
1361 4586 1457 4693 (15³3)
1466 4599 1517 4682 aed

186 4593 227 4621 vr
256 4582 298 4623 P
363 4585 417 4636 (7)
442 4586 500 4627 sic
532 4587 574 4637 0,
604 4599 680 4627 nec
705 4585 831 4638 longo
853 4586 976 4636 temp.
1003 4584 1225 4626 intervallo
1248 4585 1328 4627 PR

182 4637 272 4688 PR,
302 4654 374 4680 om.
410 4640 442 4682 C
552 4643 608 4693 (9)
638 4644 696 4683 sic
732 4642 776 4694 Ο,
807 4642 1138 4693 quantacumque
1167 4640 1248 4682 PR

1523 192 1632 258 353

2721 198 2845 258 VIII
2883 202 2947 257 40

1616 356 1716 399 cula
1746 357 1851 400 data
1872 359 1988 407 sunt,
2018 358 2166 400 tamen
2224 359 2294 401 ost
2316 356 2488 414 lapsum
2514 371 2663 402 eorum
2687 363 2951 403 semenstres

1613 416 1786 455 tantum
1813 412 1978 456 habere
2007 425 2106 457 eum
2135 413 2179 456 in
2214 414 2342 467 utias,
2372 415 2490 459 intra
2549 428 2629 459 uas
2660 415 2717 457 sit
2747 415 2786 458 ei
2814 415 2950 459 licen-

1615 472 1637 511 3
1697 468 1760 512 tia
1783 481 2018 524 personam
2045 473 2089 512 et
2109 482 2198 513 non
2223 470 2434 524 pecunias
2460 483 2507 514 re
2540 470 2655 515 dere.
2702 470 2780 514 Sin
2804 475 2952 514 autem

1614 527 1658 567 et
1701 524 1897 568 secunda
1941 524 2129 569 adiectio
2170 527 2380 581 temporis
2420 527 2624 578 excedat,
2667 530 2773 568 tunc
2813 526 2950 570 omni-

1613 583 1638 622 4
1696 580 1825 624 modo
1855 593 2044 636 poenam
2069 582 2367 637 pecuniariam
2391 582 2627 638 persolvat.
2681 581 2768 624 Sed
2793 582 2832 624 si
2855 582 2951 637 qui-

1613 634 1711 678 dem
1739 641 1842 691 post
1871 641 2086 680 statutum
2116 638 2172 681 ab
2203 637 2327 681 initio
2357 643 2531 692 tempus
2564 636 2830 690 completum
2859 649 2952 679 ma-

1612 690 1744 733 luerit
1772 704 1895 734 reum
1925 706 2006 748 pro
2039 706 2125 749 quo
2158 694 2416 737 convenitur
2446 692 2702 745 defendere,
2740 692 2876 734 licere
2913 691 2954 735 ei

1611 745 1697 789 hoc
1735 746 1905 802 facere,
1947 748 2031 791 nisi
2066 749 2188 803 pacti
2218 754 2348 792 tenor
2376 748 2434 791 ad
2450 748 2484 774 ¹⁰
2521 748 2607 789 hoc
2637 746 2954 798 reclamaverit,

1611 801 1648 845 si
1678 800 1866 844 forsitan
1896 803 1990 845 sine
2021 804 2273 847 defensione
2300 802 2506 846 facienda
2527 815 2611 858 pro
2639 814 2689 845 eo
2714 801 2952 845 fideiussit:

1610 856 1689 901 sed
1733 857 1771 900 si
1816 857 2115 901 defensionem
2154 858 2358 909 subierit,
2403 869 2500 900 eam
2549 868 2690 912 usque
2729 856 2786 899 ad
2823 857 2956 900 finem

1610 912 1871 968 adimplere,
1922 913 2046 955 nulla
2090 913 2131 955 ei
2173 913 2353 955 licentia
2398 911 2682 955 concedenda
2722 911 2768 954 in
2811 911 2956 955 medio

1610 980 1849 1024 personam
1887 968 2064 1012 tradere
2104 972 2147 1010 et
2176 968 2465 1022 pecuniarum
2497 967 2719 1011 dationem
2750 967 2954 1022 effugere.

1611 1029 1635 1067 5
1698 1024 1776 1069 Sin
1813 1026 1963 1068 autem
1998 1026 2044 1068 et
2080 1023 2323 1068 secundum
2352 1027 2525 1078 tempus
2559 1022 2795 1077 effluxerit,
2835 1023 2956 1067 nullo

1610 1080 1740 1125 modo
1779 1080 1820 1124 ei
1859 1080 2040 1124 licentia
2080 1079 2351 1124 concedatur
2388 1091 2471 1123 nec
2500 1078 2558 1122 ad
2588 1079 2855 1123 defensionis
2884 1092 2956 1124 ve-

1611 1137 1707 1181 nire
1735 1136 2026 1204 praesidium,
2068 1135 2146 1180 sed
2187 1135 2436 1180 omnimodo
2476 1147 2665 1191 poenam
2696 1136 2956 1189 conferatn,

1611 1194 1697 1238 nisi
1739 1196 1859 1237 mtra
1895 1193 2084 1249 primum
2122 1195 2295 1249 tempus
2335 1191 2453 1248 quod
2494 1195 2712 1236 statutum
2750 1197 2818 1236 est
2853 1204 2958 1235 reus

1610 1250 1869 1307 principalis
1900 1250 1956 1294 ab
1986 1249 2072 1293 hac
2099 1248 2199 1293 luce
2227 1248 2364 1292 fuerit
2393 1249 2671 1293 subtractus:
2705 1251 2813 1292 tnnc
2843 1248 2958 1292 enim

1611 1306 1789 1362 penitus
1828 1306 1885 1349 ab
1922 1305 2159 1350 exactione
2196 1317 2367 1361 poenae
2395 1305 2583 1348 liberum
2613 1317 2712 1348 eum
2743 1304 2959 1349 custodiri

1614 1367 1638 1406 6
1697 1365 1886 1418 oportet.
1933 1361 2062 1417 Quod
2092 1361 2130 1405 si
2161 1361 2355 1406 secundo
2385 1363 2585 1417 tempore
2613 1361 2811 1405 instante
2839 1374 2955 1405 mor-

1611 1422 1716 1463 tuus
1758 1419 1917 1471 fuerit,
1961 1418 2099 1462 nihilo
2142 1418 2290 1461 minus
2333 1430 2478 1473 poena
2519 1418 2607 1460 iam
2655 1417 2888 1464 commissa
2929 1430 2958 1460 a

1614 1481 1636 1519 7
1696 1474 1955 1519 fideiussore
1985 1474 2200 1529 exigatur.
2262 1474 2499 1526 Omnibus,
2541 1486 2654 1529 quae
2693 1474 2741 1517 in
2778 1473 2956 1518 fideius-

1613 1544 1760 1584 sores,
1801 1530 1978 1587 quando
2016 1531 2098 1574 tali
2114 1532 2148 1557 ¹²
2183 1543 2354 1587 poenae
2391 1530 2557 1574 fuerint
2585 1529 2763 1585 illigati,
2800 1529 2956 1574 statui-

1613 1601 1725 1641 mus,
1761 1591 1806 1631 et
1833 1587 1881 1630 in
1909 1586 2094 1631 heredes
2123 1600 2205 1642 pro
2237 1586 2429 1631 utilitate
2459 1599 2610 1630 eorum
2642 1585 2956 1632 obtinentibus.

1613 1644 1667 1688 D.
1703 1655 1754 1687 VJ
1779 1642 1822 1687 lc.
1848 1643 1992 1702 April.
2028 1641 2426 1702 Constantinopoli
2453 1641 2706 1700 Lampadio
2738 1649 2781 1687 et
2804 1642 2959 1687 Oreste

1611 1714 1674 1744 vv.
1707 1713 1769 1744 cc.
1801 1712 1944 1743 conss.
2627 1747 2631 1753 .
2770 1703 2825 1752 [a.
2859 1702 2957 1751 530]

1669 1752 1733 1801 27
1781 1753 1907 1799 Idem
1951 1755 2003 1798 Α.
2051 1753 2234 1797 Iuliano
2276 1768 2355 1811 pp.
2431 1754 2478 1798 Si
2517 1754 2754 1799 fideiussor
2792 1755 2959 1798 nullam

1611 1811 1785 1866 quidem
1822 1810 2072 1854 cautionem
2109 1809 2248 1852 faciat
2287 1810 2524 1853 ostendens
2568 1823 2616 1854 se
2654 1810 2959 1854 fideiussorem

1611 1866 1823 1919 extitisse,
1850 1865 2162 1922 praesentibus
2187 1869 2338 1908 autem
2360 1866 2594 1910 tabulariis
2618 1866 2705 1910 hoc
2727 1866 2958 1910 confessus

1611 1924 1698 1974 est,
1739 1922 1859 1978 quod
1887 1922 1935 1965 in
1962 1921 2053 1965 fide
2084 1933 2166 1965 sua
2196 1933 2296 1964 eum
2325 1923 2534 1977 suscepit,
2572 1921 2905 1966 ¹³dubitabatur
2934 1935 2962 1965 a

1609 1978 1868 2022 Palaestina
1907 1977 2219 2029 advocatione,
2259 1979 2467 2020 utrumne
2505 1981 2607 2034 post
2645 1978 2755 2022 duos
2786 1991 2959 2022 menses

1609 2035 1825 2078 liberatur
1865 2034 1994 2090 quasi
2030 2034 2125 2077 sine
2163 2034 2342 2089 scriptis
2382 2033 2663 2078 fideiussione
2701 2035 2845 2087 facta,
2891 2049 2958 2079 se-

1612 2090 1805 2135 cundum
1843 2091 2069 2145 generalia
2106 2089 2252 2134 edicta
2267 2090 2301 2116 ¹⁴
2337 2090 2676 2135 sublimissimae
2714 2092 2959 2147 praetoria-

1610 2160 1694 2191 nae
1734 2147 1872 2201 sedis‚
1912 2160 1969 2190 an
2008 2152 2164 2202 utpote
2203 2146 2291 2190 scri
2323 2152 2425 2190 tura
2461 2147 2778 2192 interveniente
2807 2152 2957 2192 tenea-

1610 2208 1705 2248 tur:
1751 2207 1796 2248 et
1839 2203 1994 2247 divisio
2040 2203 2129 2246 alia
2172 2203 2288 2246 intro
2322 2203 2562 2257 ucebatur‚
2613 2203 2651 2247 si
2704 2203 2748 2247 id
2766 2207 2799 2231 ¹⁵
2848 2204 2958 2248 iuris

1612 2273 1708 2304 esse
1753 2261 1886 2304 debet
1936 2263 2028 2303 tam
2071 2259 2119 2303 in
2161 2258 2354 2314 publicis
2401 2261 2549 2303 causis
2597 2273 2728 2315 quam
2780 2260 2825 2303 in
2866 2261 2956 2315 pri-

1615 2321 1633 2359 1
1694 2316 1822 2359 vatis.
1899 2315 2133 2359 Sancimus
2177 2316 2350 2370 itaque,
2403 2315 2490 2358 nisi
2535 2315 2753 2359 confessio
2798 2317 2958 2360 litteris

1612 2372 1816 2428 exposita
1854 2371 1990 2415 fuerit
2029 2384 2056 2414 a
2093 2370 2427 2414 fideiussoribus
2466 2383 2519 2414 ex
2549 2372 2958 2427 repraesentatione

1610 2440 1922 2484 personarum,
1962 2428 2067 2470 licet
2101 2427 2327 2470 attestatio
2368 2440 2504 2482 super
2531 2427 2618 2471 hoc
2647 2429 2956 2484 praecesserit,

1612 2486 1808 2527 attamen
1837 2483 1985 2528 adhuc
2014 2483 2110 2526 sine
2140 2482 2318 2538 scriptis
2349 2495 2447 2527 esse
2467 2483 2807 2538 fideiussionem,
2838 2484 2958 2528 vide-

1611 2541 1715 2584 licet
1744 2540 1789 2583 in
1821 2540 1969 2583 causis
1999 2539 2194 2594 privatis,
2233 2539 2477 2582 existimari
2508 2541 2601 2583 et¹⁶
2632 2540 2807 2584 duobus
2836 2553 2956 2584 men-

1612 2597 1735 2641 sibus
1781 2595 2064 2640 effluentibus
2114 2597 2170 2641 ab
2218 2595 2468 2640 huiusmodi
2513 2609 2631 2640 nexu
2674 2596 2957 2641 fideiussores

1610 2652 1810 2707 liberari,
1854 2652 1940 2696 nisi
1978 2652 2024 2695 in
2063 2653 2236 2707 tempus
2277 2654 2442 2695 certum
2474 2652 2580 2696 data
2610 2657 2677 2696 est
2704 2652 2956 2697 fideiussio:

1610 2713 1717 2752 tunc
1750 2709 1863 2752 enim
1891 2708 1939 2751 in
1966 2710 2141 2751 tantum
2172 2719 2268 2751 eam
2294 2708 2483 2761 extendi,
2513 2709 2561 2752 in
2586 2713 2798 2765 quantum
2825 2709 2958 2753 etiam

1613 2769 1635 2807 2
1682 2764 1908 2809 attestatio
1934 2764 2068 2808 fuerit
2092 2775 2319 2820 expressa.
2365 2763 2443 2807 Sin
2464 2770 2610 2808 autem
2626 2765 2805 2820 publica
2822 2778 2958 2809 causa

1610 2821 1896 2872 interveniat,
1927 2822 2035 2865 tunc
2067 2819 2315 2865 omnimodo
2346 2820 2674 2865 attestationem
2702 2833 2784 2877 pro
2816 2821 2905 2865 scri
2939 2845 2957 2854 -

1610 2880 1712 2921 tura
1740 2877 1911 2921 haberi.
1963 2877 2113 2921 multis
2144 2876 2306 2921 etenim
2334 2876 2571 2932 privilegiis
2600 2882 2785 2934 propter
2813 2835 2958 2934 pubii-

1612 2947 1686 2978 cas
1731 2934 2017 2979 necessitates
2061 2933 2242 2990 publico
2281 2932 2368 2976 iuri
2407 2933 2633 2988 praestitis
2671 2947 2775 2993 non,
2807 2935 2862 2977 ab
2908 2946 2958 2977 re

1611 2994 1679 3034 est
1717 2995 1762 3034 et
1800 3003 1881 3034 nos
1923 2989 2179 3034 huiusmodi
2218 2990 2568 3046 praerogativam
2604 2988 2646 3032 ei
2689 2989 2954 3034 condonare.

1611 3046 1665 3090 D.
1713 3058 1750 3090 x
1798 3045 1840 3089 lc.
1887 3045 2025 3090 Mart.
2075 3045 2467 3103 Constantinopoli
2511 3051 2627 3102 post
2674 3045 2956 3089 consulatum

1611 3102 1722 3146 Lam
1758 3102 1853 3146 adii
1881 3108 1924 3146 et
1956 3101 2127 3147 Orestis
2155 3115 2219 3146 vv.
2253 3115 2313 3144 cc.
2766 3104 2822 3153 [a.
2855 3104 2953 3153 531]

1668 3156 1698 3204 2
1768 3157 1892 3201 Idem
1922 3160 1973 3201 A.
2007 3157 2255 3201 Iohanniss
2275 3171 2312 3215 p
2350 3190 2358 3200 .
2413 3156 2687 3200 Generaliter
2714 3156 2954 3209 sancimus,

1612 3213 1976 3270 quemadmodum
1999 3213 2045 3256 in
2068 3212 2317 3256 mandatori
2349 3225 2402 3255 us
2429 3216 2642 3256 statutum
2668 3217 2748 3267 est,
2775 3218 2825 3256 ut
2849 3226 2952 3257 con-

1609 3270 1847 3315 testatione
1887 3271 2043 3313 contra
2079 3282 2216 3311 unum
2252 3281 2307 3311 ex
2336 3267 2405 3311 his
2435 3268 2555 3311 facta
2584 3269 2695 3312 alter
2724 3282 2814 3313 non
2845 3269 2952 3313 libe·
3016 3285 3021 3296 ¹

1614 3332 1629 3370 1
1678 3330 1814 3379 retur,
1839 3325 1902 3368 ita
1928 3328 1973 3368 et
1993 3325 2039 3367 in
2062 3323 2396 3368 fideiussoribus
2418 3325 2656 3368 observari.
2702 3324 2953 3369 Invenimus

1611 3382 1724 3427 enim
1755 3384 1848 3424 et¹⁸
1882 3380 1929 3424 in
1957 3380 2270 3424 fideiussorum
2302 3379 2579 3424 cautionibus
2610 3381 2868 3437 plerumque
2899 3394 2954 3425 ex

1608 3441 1741 3495 pacto
1786 3436 2035 3480 huiusmodi
2073 3448 2234 3480 causae
2272 3448 2369 3479 esse
2412 3441 2723 3493 prospectum,
2769 3442 2812 3480 et
2852 3437 2951 3482 ideo

1608 3493 1803 3550 generali
1840 3493 1935 3547 lege
1972 3493 2195 3537 sancimus
2235 3492 2355 3535 nullo
2399 3492 2529 3537 modo
2570 3494 2785 3537 electione
2824 3494 2950 3538 unius

1610 3564 1663 3594 ex
1698 3548 2034 3592 fideiussoribus
2073 3549 2141 3592 vel
2170 3548 2307 3603 ipsius
2338 3548 2404 3592 rei
2432 3549 2620 3592 alterum
2648 3549 2841 3602 liberari,
2883 3550 2951 3593 vel

1607 3607 1750 3661 ipsum
1790 3617 1912 3648 reum
1950 3604 2285 3649 fideiussoribus
2314 3605 2382 3648 vel
2420 3618 2510 3650 uno
2545 3618 2599 3649 ex
2628 3605 2696 3650 his
2729 3606 2867 3649 electo
2899 3605 2948 3647 li-

1607 3661 1881 3707 berationem
1911 3661 2083 3715 mereri,
2114 3661 2199 3705 nisi
2227 3660 2465 3704 satisfiat¹⁹
2496 3660 2714 3714 creditori,
2749 3660 2826 3704 sed
2856 3673 2948 3703 ma-

1608 3730 1713 3761 nere
1755 3717 1825 3761 ius
1868 3717 2109 3772 integrum,
2154 3717 2295 3761 donec
2339 3717 2384 3760 in
2427 3717 2615 3761 solidum
2655 3717 2695 3760 ei
2733 3716 2948 3772 pecuniae

1609 3778 1632 3817 2
1690 3773 1999 3830 persolvantur
2028 3773 2095 3815 vel
2133 3772 2219 3816 alio
2260 3772 2391 3817 modo
2432 3773 2538 3816 satis
2580 3772 2618 3815 ei
2654 3772 2744 3817 fiat.
2804 3771 2945 3814 Idem-

1608 3842 1694 3885 que
1736 3828 1783 3872 in
1826 3828 1998 3872 duobus
2042 3829 2128 3872 reis
2171 3829 2456 3884 promittendi
2510 3827 2836 3880 constituimus,
2893 3839 2947 3870 ex

1607 3886 1738 3930 unius
1775 3884 1843 3928 rei
1879 3884 2091 3929 electione
2126 3884 2446 3941 praeiudicium
2486 3883 2695 3927 creditori
2734 3882 2945 3926 adversus

1607 3941 1743 3985 alium
1783 3940 1880 3984 fieri
1918 3953 2006 3984 non
2047 3940 2362 3994 concedentes,
2408 3940 2486 3984 sed
2524 3951 2751 3983 remanere
2789 3945 2832 3981 et
2860 3937 2945 3994 ipsi

1608 3996 1817 4041 creditori
1847 3995 2044 4040 actiones
2080 3996 2274 4052 integras
2305 4000 2348 4039 et
2377 3995 2630 4051 personales
2659 3999 2703 4036 et
2731 3994 2943 4049 hypothe-

1607 4057 1631 4097 3
1706 4052 1873 4104 carias,
1912 4051 2051 4096 donec
2089 4065 2170 4108 per
2213 4052 2360 4096 omnia
2398 4051 2436 4094 ei
2474 4049 2673 4094 satisfiat.
2745 4049 2790 4092 Si
2829 4049 2944 4093 enim

1606 4109 1750 4164 pactis
1782 4108 2006 4152 conventis
2035 4107 2120 4153 hoc
2150 4108 2246 4152 fieri
2270 4106 2527 4152 conceditur
2552 4109 2596 4149 et
2619 4106 2665 4149 in
2690 4118 2774 4148 usu
2799 4105 2942 4161 quoti-

1607 4165 1736 4208 diano
1781 4176 1956 4219 semper
1998 4164 2084 4209 hoc
2127 4163 2292 4208 versari
2334 4161 2623 4217 adspicimus,
2674 4173 2811 4216 quare
2854 4173 2943 4205 non

1605 4221 1703 4277 ipsa
1727 4219 1835 4276 legis
1861 4220 2128 4265 auctoritate
2152 4220 2238 4263 hoc
2261 4218 2557 4275 permittatur,
2584 4221 2635 4259 ut
2663 4229 2745 4260 nec
2774 4215 2942 4273 simpli-

1607 4358 1780 4411 PUCI’R,
1810 4363 1894 4400 tam
1925 4360 2038 4403 PlC*²
2124 4361 2195 4411 (13)
2226 4361 2284 4400 sic
2321 4357 2406 4409 CR,
2436 4370 2529 4399 cum
2562 4358 2635 4398 ins.
2670 4356 2708 4397 P
2790 4357 2847 4406 (14
2879 4357 2940 4401 sic

1606 4417 1704 4467 PR,
1744 4416 1935 4469 generale
1965 4417 2143 4457 edictum
2179 4417 2213 4457 C
2335 4415 2407 4465 (15)
2437 4413 2544 4453 idem
2575 4415 2666 4454 dett.
2794 4415 2869 4463 (16)
2900 4415 2942 4453 et

1607 4475 1712 4521 dect„
1739 4487 1812 4513 om.
1832 4473 1946 4514 PCR
2017 4474 2091 4525 (17)
2114 4470 2285 4513 iohanni
2308 4470 2343 4510 S
2358 4470 2472 4519 Hal,
2497 4468 2657 4509 iuliano
2683 4467 2859 4521 (iuliono
2883 4468 2941 4521 P)

1605 4528 1722 4570 PCR
1761 4537 1863 4570 recte
1900 4531 2096 4580 fortasse,
2138 4538 2180 4569 ut
2210 4526 2446 4579 subscriptio
2477 4525 2716 4565 Haloandri
2738 4526 2941 4578 pertineat

1606 4585 1663 4625 ad
1692 4599 1725 4625 c.
1755 4592 1812 4633 29,
1853 4586 1951 4626 haec
1990 4594 2116 4625 autem
2159 4583 2380 4623 constitutio
2412 4581 2581 4621 eiusdem
2613 4581 2696 4621 diei
2722 4582 2787 4630 sit,
2827 4580 2938 4621 cuius

1605 4649 1663 4682 est
1687 4655 1719 4680 c.
1745 4649 1786 4682 27
1859 4639 1935 4692 (18)
1963 4641 2071 4681 enim
2097 4643 2137 4680 et
2167 4639 2250 4686 CR,
2270 4639 2309 4676 et
2335 4636 2383 4687 P,
2411 4635 2518 4676 enim
2547 4636 2601 4676 M
2673 4638 2748 4689 (19)
2770 4635 2940 4680 satisfiat

186 4693 270 4744 CR,
297 4709 368 4735 om.
394 4695 436 4736 P
504 4697 571 4750 (11)
605 4698 677 4740 sed
705 4730 715 4742 .
734 4727 744 4739 .
762 4728 772 4739 .
804 4697 988 4745 conferat
1012 4696 1106 4750 PR,
1131 4712 1205 4739 om.
1237 4697 1271 4739 G
1340 4699 1414 4751 (12)
1440 4696 1516 4738 tan
1556 4703 1562 4739 ι
1600 4697 1761 4750 scripsi,
1792 4695 2045 4736 satisfactum
2074 4695 2145 4735 fiat
2184 4693 2298 4735 PCR
