3086 4732
195 146 264 188 m·
299 148 548 188 chameis
1538 132 1598 192 21

194 282 312 329 niam
331 284 570 339 postulatio
597 297 730 341 super
759 281 1056 329 criminalibus
1089 287 1230 332 causis
1260 288 1379 344 apud
1408 302 1524 332 com-

193 342 411 395 petentem
446 339 634 384 iudicem
671 339 870 396 deposita
909 340 1186 386 exhibitionis
1227 357 1360 388 causa
1394 344 1528 387 fuerit

194 399 506 441 sacrosanctae
533 395 751 452 religionis
781 395 1008 448 antistitis,
1049 398 1227 452 triginta
1255 400 1400 454 pondo
1431 399 1528 442 auri

194 449 553 495 condemnatione
593 450 782 507 publicis
827 450 1006 494 calculis
1050 453 1275 497 inferenda
1328 459 1378 498 ut
1427 467 1526 509 per-

197 509 217 550 1
279 505 487 559 cellatur,
524 505 833 563 praecipimus
900 506 1013 560 QuIn
1053 509 1182 551 etiam
1222 511 1366 553 omnia
1395 508 1527 565 privi-

192 560 319 616 legia,
352 575 466 617 quae
495 560 789 606 sacrosanctis
814 561 1012 606 ecclesiis
1031 565 1316 619 confugarum
1338 570 1415 608 aut
1440 564 1526 607 cle-

193 617 397 671 ricorum,
418 617 681 662 decanorum
691 616 760 660 vel
776 616 959 659 alio-rum
981 619 1376 664 ecclesiasticorum
1393 631 1527 662 causa

193 671 362 727 legibus
392 677 495 716 sunt
521 672 755 728 praestita,
795 672 961 716 intacta
990 679 1121 730 atque
1150 676 1319 720 illibata
1349 674 1525 718 servari.

195 731 219 771 2
276 728 511 772 Praeterea
547 727 771 779 iubemus,
810 733 861 770 ut
899 742 1047 772 omnes
1088 731 1234 774 clerici
1273 736 1405 786 atque
1432 742 1525 772 mo-

193 783 337 838 nachi,
368 784 443 839 qui
469 783 522 827 de
551 783 642 827 suis
672 782 922 827 civitatibus
959 785 1015 827 ad
1043 786 1156 829 hanc
1188 788 1346 830 almam
1374 786 1526 828 urbem

194 838 478 883 ecclesiastici
513 838 675 893 negotii
713 838 783 882 vel
811 839 1030 894 religionis
1071 854 1204 885 causa
1239 841 1525 898 proficiscun-

194 898 288 948 tur,
325 893 482 938 litteris
523 893 740 949 episcopi,
782 894 854 938 cui
882 897 1210 951 unusquisque¹
1247 898 1332 941 iter
1359 895 1524 939 faciens

194 948 466 1005 obsequitur,
505 949 661 992 muniti
689 949 947 994 adveniant:
985 952 1139 995 scituri
1168 953 1306 1007 quod,
1347 952 1384 995 si
1418 951 1526 994 citra

191 1004 306 1048 hanc
331 1003 538 1048 fiduciam
566 1006 857 1058 accesserint,
887 1006 1061 1050 sibimet
1088 1008 1380 1063 imputabunt,
1412 1004 1526 1061 quod

192 1071 282 1102 non
309 1059 457 1103 clerici
483 1060 552 1103 vel
579 1061 788 1104 monachi
816 1075 912 1106 esse
941 1064 1228 1117 putabuntur.
1287 1063 1341 1107 D.
1370 1073 1437 1105 111
1464 1059 1523 1103 id.

190 1113 317 1158 Febr.
351 1112 740 1175 Constantinopoli
782 1116 1095 1163 Valentiniano
1125 1121 1175 1163 A.
1210 1121 1282 1162 VJ²
1309 1123 1353 1162 et
1379 1116 1524 1160 Nemo

191 1181 333 1213 conss.
1330 1173 1390 1229 [a.
1423 1174 1502 1214 445

245 1221 310 1272 23
342 1223 506 1286 ³Impp.
548 1226 890 1272 Valentinianus
926 1233 971 1272 et
1003 1227 1265 1272 Marcianus
1297 1229 1388 1271 AA.
1419 1225 1526 1269 Pa'-

189 1279 310 1324 ladio
337 1295 415 1347 pp.
475 1282 689 1337 Quoniam
718 1284 979 1327 venerabilis
1008 1283 1322 1329 recordationis
1350 1281 1524 1325 Flavia-

186 1348 272 1380 nus
313 1337 444 1382 hulus
489 1338 629 1383 almae
673 1339 795 1382 urbis
841 1340 1071 1395 episcopus
1116 1341 1244 1383 cum⁴
1289 1337 1526 1382 venerabili

187 1392 385 1448 synodo-⁵
411 1393 796 1438 innumerabilium
820 1408 960 1451 paene
986 1395 1277 1448 sacerdotum,
1306 1394 1381 1449 qui
1397 1393 1524 1437 Chal-

189 1447 352 1492 cedone
383 1454 691 1504 convenerunt,
723 1454 847 1494 tanto
873 1463 926 1494 ac
950 1451 1029 1493 tali
1053 1450 1285 1493 decoratus
1311 1454 1378 1493 est
1402 1448 1524 1492 testi-

187 1504 346 1557 monio,
376 1508 428 1548 ut
454 1505 693 1560 Eutyches,
725 1506 799 1561 qui
830 1510 983 1549 contra
1012 1510 1221 1557 senserat,
1263 1519 1362 1548 cum
1391 1504 1524 1548 scele-

186 1559 296 1604 ratis
339 1559 468 1604 dictis
510 1561 601 1604 suis
645 1562 700 1604 ab
746 1561 947 1604 omnibus
986 1573 1073 1604 uno
1115 1574 1190 1604 ore
1231 1561 1525 1611 damnaretur,

187 1615 419 1659 aboleatur
475 1615 648 1671 quidem
699 1615 959 1671 Eutychetis
1025 1616 1237 1659 damnosa
1300 1615 1523 1666 memoria,

187 1670 388 1714 Flaviani
458 1675 605 1715 autem
674 1670 909 1714 laudabilis
981 1671 1226 1715 recordatio
1292 1671 1523 1714 reveletur.

185 1724 242 1770 D.
289 1723 680 1808 q'onstantinopoli
722 1725 878 1784 pridie
923 1739 1068 1770 nonas
1111 1725 1257 1770 Iulias
1300 1725 1525 1838 Sparge&

185 1794 306 1825 cons.
1351 1796 1390 1825 a.
1452 1787 1473 1823 5

241 1833 307 1882 24
337 1833 463 1880 Idem
490 1836 583 1880 AA.
613 1834 826 1880 Palladio
848 1851 884 1894 p
923 1871 931 1880 .
989 1837 1054 1891 Id,
1100 1838 1215 1893 quod
1253 1837 1526 1893 pauperibus

183 1895 444 1936 testamento
482 1892 550 1935 vel
588 1891 801 1936 codicillis
830 1905 878 1936 re
896 1893 1111 1948 inquitur,
1150 1906 1240 1936 non
1268 1898 1319 1936 ut
1345 1893 1526 1937 incertis

183 1947 382 2003 personis
410 1946 636 1991 relictum⁷
670 1953 915 1999 evanescat,
947 1948 1024 1992 sed
1053 1949 1192 1993 modis
1223 1949 1424 1993 omnibus
1453 1962 1525 1992 ra-

182 2008 276 2047 tum
301 2002 563 2059 firmumque
594 2003 818 2047 consistat.
877 2004 932 2048 D.
962 2016 1051 2048 νη]
1075 2004 1119 2049 lc.
1150 2003 1259 2049 Mai.
1290 2005 1525 2049 Anthemio

184 2072 303 2103 cons.
1304 2062 1388 2160 C[a.
1421 2061 1524 2117 455]

239 2111 305 2161 25
339 2113 469 2172 ⁸Imp.
493 2112 760 2158 Marcianus
773 2115 824 2159 A.
852 2114 1145 2160 Constantino
1159 2131 1243 2174 pp.
1339 2131 1414 2160 um
1439 2117 1525 2160 cle-

182 2170 286 2215 ricis
313 2170 361 2214 in
387 2169 596 2214 iudicium
624 2171 791 2215 vocatis
821 2176 971 2227 pateat
1001 2171 1264 2227 episcopalis
1287 2172 1524 2226 audientia,

183 2226 427 2278 volentibus
464 2230 613 2269 tamen
651 2227 899 2280 actoribus,
938 2228 976 2271 si
1011 2232 1135 2271 actor
1165 2228 1525 2284 disceptationem

183 2281 448 2326 sanctissimi
475 2281 796 2338 archiepiscopi
823 2283 1015 2327 noluerit
1042 2284 1243 2338 experiri,
1275 2284 1524 2328 eminentis-

184 2337 319 2382 simae
354 2342 460 2381 tuae
495 2337 611 2382 sedis
648 2349 833 2382 examen
862 2343 1018 2382 contra
1046 2340 1287 2383 catholicos
1317 2340 1400 2383 sub
1430 2340 1523 2386 viro

183 2393 531 2437 reverentissimo
549 2392 882 2449 archiepiscopo
900 2394 1031 2438 huius
1061 2394 1184 2437 urbis
1209 2395 1392 2439 clericos
1419 2408 1524 2439 con-

183 2449 362 2493 stitutos
396 2448 467 2492 vel
503 2452 657 2491 contra
696 2450 1093 2493 reverentissimum
1121 2462 1406 2493 oeconomum
1434 2455 1525 2493 tam

185 2504 239 2548 de
265 2504 404 2560 ipsius
434 2515 566 2559 quam
593 2503 646 2547 de
677 2504 988 2548 ecclesiasticis
1027 2505 1213 2559 negotiis
1243 2505 1417 2549 sibim&
1445 2519 1524 2549 no-

185 2559 295 2604 verit
321 2558 613 2615 expetendum
642 2572 786 2615 neque
822 2560 870 2603 in
907 2560 1028 2603 ullo⁹
1067 2561 1152 2604 alio
1176 2561 1274 2604 foro
1308 2561 1377 2604 vel
1407 2562 1526 2616 apud

185 2628 446 2671 quemquam
485 2614 673 2658 alterum
709 2615 899 2659 iudicem
937 2616 1113 2660 eosdem
1152 2617 1334 2660 clericos
1374 2617 1524 2661 litibus

182 2671 362 2715 inretire
392 2676 435 2714 et
464 2669 661 2722 civilibus
691 2670 761 2714 vel
790 2671 1087 2716 criminalibus
1127 2673 1312 2727 negotiis
1340 2675 1526 2728 temptet

187 2734 203 2769 1
266 2726 502 2770 innectere.
560 2725 797 2770 Memorati
834 2731 979 2770 autem
1009 2727 1349 2772 reverentissimi
1378 2728 1525 2772 clerici

182 2781 525 2826 orthodoxarum
554 2781 861 2836 ecclesiarum,
899 2795 1012 2837 quae
1041 2783 1122 2826 sub
1152 2783 1242 2827 viro
1273 2784 1473 2839 religioso
1491 2786 1526 2811 ¹⁰

183 2837 378 2881 antistite
404 2837 535 2880 huius
563 2837 743 2881 inclitae
760 2839 793 2865 ¹²
821 2838 944 2882 urbis
974 2843 1090 2892 sunt,
1119 2839 1166 2882 in
1190 2852 1336 2891 causa,
1366 2840 1413 2883 in
1438 2853 1525 2895 qua

181 2893 251 2937 vel
276 2893 363 2948 ipsi
389 2893 458 2937 vel
485 2898 812 2949 procuratores,
844 2907 954 2952 quos
983 2908 1063 2949 pro
1094 2907 1142 2939 se
1172 2894 1383 2947 dederint,
1424 2908 1524 2939 sen·

185 2949 421 2992 tentiarum
437 2949 470 2974 ¹2
498 2949 768 2992 auctoritate
788 2950 1034 3014 pulsantur,
1066 2951 1416 3003 exsecutoribus,
1445 2964 1526 3007 per

183 3017 294 3059 quos
324 3006 548 3060 coeperint
577 3005 821 3060 conveniri,
860 3005 1163 3050 fideiussorem
1201 3007 1525 3051 sacratissimae

182 3060 314 3104 huius
365 3060 488 3103 urbis
541 3060 754 3104 ecclesiae
809 3074 1094 3105 oeconomum
1137 3062 1205 3106 vel
1250 3062 1524 3107 defensorem

182 3116 444 3171 praebeant,
490 3116 564 3171 qui
606 3129 746 3172 usque
789 3117 847 3160 ad
889 3118 1204 3173 quinquaginta
1247 3118 1384 3162 libras
1428 3119 1522 3162 auri

187 3177 240 3215 la
295 3171 529 3215 fideiussor
557 3171 731 3215 existat.
788 3172 890 3227 Ipse
917 3186 1019 3216 vero
1048 3174 1423 3217 reverentissimus
1450 3188 1522 3218 oe-

184 3239 394 3270 conomus
440 3227 582 3270 almae
627 3227 760 3270 huius
798 3227 923 3271 urbis
961 3229 1173 3271 ecclesiae
1207 3229 1286 3272 lite
1322 3229 1524 3285 pulsatus

183 3282 484 3326 fideiussorem
504 3294 585 3336 pro
616 3294 664 3325 se
692 3295 784 3325 non
803 3284 1026 3337 praebeat,
1057 3286 1211 3337 utpote
1240 3284 1315 3338 qui
1343 3288 1388 3327 et
1416 3285 1522 3329 alio-

182 3350 279 3380 rum
308 3337 567 3381 clericorum
594 3336 828 3381 fideiussor
854 3338 1031 3381 futurus
1062 3345 1143 3390 est,
1181 3339 1260 3382 sed
1287 3339 1389 3382 fidei
1418 3353 1525 3384 suae

186 3392 236 3436 ib
305 3392 616 3436 committatur.
690 3392 817 3447 Quod
852 3393 890 3437 si
918 3393 970 3436 lis
1012 3393 1281 3437 diversorum
1324 3398 1523 3451 (excepto

181 3447 529 3492 reverentissimo
571 3450 826 3501 oeconomo)
858 3448 1136 3502 clericorum,
1204 3461 1288 3492 uae
1318 3451 1524 3504 agitanda

181 3504 260 3558 sit,
297 3508 583 3548 memoratam
621 3516 835 3547 summam
863 3503 1034 3547 videtur
1062 3517 1168 3548 exce
1201 3517 1296 3558 ere,
1337 3505 1522 3550 clericus

179 3560 257 3604 lite
298 3559 501 3616 pulsatus
545 3559 619 3603 det
649 3559 898 3603 exsecutori
938 3572 1019 3615 pro
1062 3559 1241 3604 residua
1280 3560 1525 3614 quantitate

181 3615 431 3658 cautionem
474 3627 623 3659 suam:
669 3615 740 3659 cui
782 3615 952 3659 nullum
992 3619 1141 3658 tamen
1184 3615 1398 3659 insertum
1441 3617 1524 3659 erit

179 3670 499 3723 iusiurandum,
540 3670 642 3725 quia
681 3670 990 3714 ecclesiasticis
1033 3671 1194 3726 regulis
1225 3675 1269 3713 et
1300 3684 1468 3714 canone
1497 3686 1525 3715 a

180 3725 443 3769 beatissimis
469 3725 688 3781 episcopis
709 3726 951 3781 antiquitus
967 3726 1169 3773 institut-o
1201 3726 1350 3770 clerici
1377 3727 1525 3770 iurare

181 3784 206 3824 2
263 3781 566 3836 prohibentur.
625 3781 868 3825 Statuimus
906 3785 1074 3835 autem,
1113 3786 1164 3825 ut
1191 3782 1524 3828 exsecutoribus

181 3837 294 3880 idem
323 3836 699 3880 reverentissimus
729 3849 996 3880 oeconomus
1025 3839 1094 3881 vel
1134 3837 1210 3881 alii
1249 3837 1407 3881 diversi
1436 3838 1523 3881 cle-

179 3892 262 3935 rici
290 3891 372 3936 sub
402 3891 655 3935 beatissimo
686 3892 1018 3948 archiepiscopo
1058 3892 1188 3936 huius
1223 3892 1523 3948 splendidissi-

180 3959 278 3990 mae
318 3946 505 3990 civitatis
544 3947 860 3990 sententiarum
896 3952 1073 3994 tuarum
1111 3949 1374 3992 auctoritate
1406 3962 1523 3992 com-

181 4002 335 4046 moniti
364 4001 527 4045 solidos
559 4001 670 4045 duos
708 4002 1010 4047 tantummodo
1041 4003 1144 4046 dent
1171 4017 1253 4068 pro
1286 4004 1520 4047 commoni-

182 4058 300 4101 tione
330 4069 411 4100 sua
441 4061 484 4100 et
512 4070 594 4112 pro
614 4057 889 4101 institutione
914 4061 1230 4114 procuratoris,
1261 4060 1300 4103 si
1320 4073 1400 4114 per
1424 4071 1523 4102 eum

181 4116 207 4156 3
264 4111 484 4157 voluerint
521 4112 708 4166 litigare.
778 4111 904 4166 Quod
943 4113 1062 4157 circa
1101 4114 1211 4158 alios
1252 4127 1427 4170 quoque
1457 4115 1520 4157 di-

190 4261 239 4312 (1)
259 4272 400 4300 eorum
415 4261 490 4300 ins.
509 4258 550 4299 P
603 4259 660 4311 (2)
677 4256 960 4298 valentiniano
976 4271 1029 4300 111
1046 4259 1222 4299 traditur
1278 4259 1333 4310 (3)
1349 4279 1404 4294 =
1419 4273 1527 4300 conc.

194 4315 381 4356 Chalced.
413 4314 575 4366 (Mansz'
600 4323 635 4365 7,
665 4318 750 4356 499)
878 4312 932 4364 (4)
964 4326 1057 4353 cum
1086 4315 1326 4365 confirmant
1359 4312 1531 4355 Graeci.-

190 4370 236 4409 in
263 4385 341 4411 scr.
441 4371 495 4422 (5)
525 4368 751 4410 venerabili
782 4365 905 4419 (—lis
919 4369 976 4419 R)
1005 4368 1151 4421 synodi
1169 4369 1265 4410 libri
1355 4370 1410 4420 (6)
1440 4380 1531 4421 spo-

191 4425 302 4465 racio
326 4436 389 4466 vc.
408 4425 536 4476 etqui
553 4425 682 4466 fuerit
709 4422 927 4464 nuntiatus
956 4436 1083 4465 conss.
1106 4425 1259 4476 Chalc„
1281 4439 1330 4465 ex
1349 4440 1426 4477 quo
1442 4427 1533 4465 sub-

191 4482 355 4532 scriptio
384 4482 572 4522 restituta
589 4489 646 4521 est
723 4480 779 4531 (7)
808 4478 989 4530 legatum
1006 4478 1048 4519 P
1108 4481 1161 4530 (8)
1189 4480 1394 4533 iunyenda
1422 4480 1533 4520 vide-

193 4542 255 4574 tur
285 4544 366 4585 1,4,
384 4544 420 4576 13
515 4535 570 4585 (9)
601 4547 733 4586 neque
761 4534 806 4573 in
836 4533 1032 4585 nunciis,
1063 4535 1173 4584 quod
1202 4535 1247 4573 in
1278 4533 1365 4574 ullo
1384 4535 1431 4584 P,
1462 4547 1532 4573 ne-

194 4598 272 4638 que
288 4588 375 4631 ullo
390 4590 433 4644 0,
449 4590 520 4646 qui
539 4589 705 4631 nulloR
758 4590 831 4642 (10)
849 4589 1171 4631 reverentissimo
1184 4589 1225 4630 P
1274 4590 1343 4640 (11)
1359 4589 1488 4628 almae
1501 4590 1540 4628 P

2842 144 2939 196 13

1609 300 1757 333 versos
1795 284 2068 348 apparitores
2110 284 2368 328 eminentiae
2405 287 2510 328 tuae
2547 284 2593 327 in
2620 286 2709 342 his,
2749 305 2858 347 quae
2890 306 2940 336 01

1611 340 1926 388 consuetudine
1961 339 2230 394 praebentur
2259 340 2429 393 officio,
2471 341 2693 385 observari
2725 346 2770 387 in
2800 349 2942 392 causis

1609 398 1933 455 praedictorum
1973 394 2231 437 clericorum
2267 396 2492 446 iubemus,
2534 400 2583 437 ut
2623 397 2710 440 litis
2748 408 2944 456 sumptus

1609 454 1678 498 vel
1706 462 1923 506 expensae
1953 461 1980 491 a
2011 449 2179 493 clericis
2209 450 2441 505 pauciores
2457 450 2788 496 humanioresve
2816 470 2943 510 prae-

1610 513 1788 553 stentur.
1848 504 1891 548 D
1894 535 2617 548 ...........
2627 507 2660 532 ²³
2723 509 2783 562 [a.
2814 513 2943 567 450‘3]

1667 561 1732 608 26
1791 559 1904 617 Imp.
1937 558 2028 601 Leo
2059 560 2110 601 A.
2154 558 2390 604 Viviano¹⁴
2419 574 2502 623 pp.
2561 559 2859 614 Decernimus,
2898 573 2947 609 ut

1608 619 1795 674 posthac
1833 627 1973 669 neque
2009 614 2214 657 monachi
2250 619 2326 657 aut
2365 628 2627 670 quicumque
2663 617 2773 660 alius
2804 620 2946 663 cuius-

1608 674 1716 716 libet
1758 675 1900 714 status
1946 673 2024 711 aut
2066 668 2271 712 fortunae
2315 670 2360 711 in
2404 670 2534 714 aedes
2573 671 2774 725 publicas
2809 675 2877 716 vel
2904 675 2948 717 in

1610 737 1910 783 quaecumque
1937 725 2038 767 loca
2067 724 2219 779 populi
2247 725 2547 780 voluptatibus
2579 725 2796 770 fabricata
2824 742 2949 772 vene·

1608 783 1788 826 rabilem
1819 792 1995 824 crucem
2025 784 2069 822 et
2098 785 2350 823 sanctorum
2379 787 2617 837 martyrum
2637 782 2842 837 reliquias
2866 784 2948 826 illi-

1610 838 1695 881 cite
1723 836 1887 879 inferre
1919 839 2133 879 conentur
2161 836 2230 878 vel
2261 849 2478 891 occupare
2508 837 2701 880 audeant
2738 851 2810 890 ea,
2842 853 2950 893 quae

1609 894 1677 936 vel
1716 893 1773 935 ad
1811 891 2014 946 publica-s
2053 903 2212 934 causas
2251 893 2320 934 vel
2358 892 2414 935 ad
2449 893 2602 947 populi
2632 893 2952 937 oblectamenta

1611 952 1864 992 constructa
1895 949 2010 989 sunt.
2071 960 2170 989 cum
2202 947 2316 989 enim
2344 948 2574 1002 religiosae
2604 949 2734 992 aedes
2762 963 2851 992 non
2881 950 2951 992 de-

1609 1009 1725 1057 sunt,
1756 1007 1945 1058 possunt
1974 1001 2049 1055 ibi,
2089 1003 2301 1046 consultis
2330 1004 2452 1058 prius
2483 1008 2534 1046 ut
2569 1007 2743 1060 oportet
2781 1004 2951 1057 religio-

1609 1059 1792 1104 sissimis
1813 1057 2046 1114 episcopis,
2077 1058 2284 1112 reliquias
2299 1063 2539 1115 martyrum
2568 1073 2658 1103 non
2681 1060 2953 1115 quorundam

1609 1115 1922 1170 usurpatione,
1962 1113 2037 1157 sed
2078 1113 2258 1157 arbitrio
2288 1115 2739 1158 reverentissimorum
2783 1116 2953 1159 antisti-

1609 1176 1704 1214 tum
1734 1171 1964 1214 collocare.
2030 1168 2126 1213 ideo
2168 1170 2426 1225 patientiam
2456 1175 2499 1213 et
2527 1171 2784 1214 modestiam
2815 1185 2953 1222 suam,

1611 1240 1742 1283 quam
1770 1226 1888 1280 leges
1917 1230 2096 1269 nostrae
2135 1230 2178 1268 et
2204 1226 2386 1280 publica
2416 1226 2648 1280 disciplina
2685 1232 2730 1270 et
2757 1227 2953 1281 ipsorum

1609 1283 1926 1326 monachorum
1964 1294 2125 1325 nomen
2162 1282 2380 1336 exposcit,
2418 1282 2613 1325 studiose
2656 1283 2955 1337 unusquisque

1611 1343 1702 1381 tam
1740 1338 1983 1381 monachus
2023 1350 2153 1391 quam
2193 1338 2429 1381 cuiuslibet
2457 1338 2639 1382 alterius
2667 1338 2955 1394 professionis

1610 1395 1800 1437 retineat
1837 1398 1881 1437 et
1918 1398 2133 1448 perpetuo
2173 1394 2403 1437 observare
2441 1398 2663 1450 procuret.
2724 1393 2888 1448 Dav
2911 1393 2952 1436 lc.

1615 1449 1706 1494 Oct.
1738 1448 1942 1492 Patricio
1974 1461 2094 1492 cons.
2761 1450 2820 1505 [a.
2853 1449 2953 1504 459]

1661 1503 1723 1550 27
1763 1503 1924 1547 ¹⁹Idem
1943 1504 1995 1547 A.
2019 1502 2239 1561 Erythrio
2253 1517 2336 1561 pp.
2383 1505 2592 1560 Quisquis
2624 1505 2812 1548 emensis
2840 1506 2954 1548 mili-

1613 1560 1698 1603 tiae
1739 1572 1846 1604 suae
1885 1559 2115 1614 stipendiis
2156 1560 2428 1614 expletisque
2458 1560 2615 1604 officiis
2646 1561 2735 1604 sive
2762 1561 2951 1603 muneri-

1610 1617 1716 1668 bus,
1763 1628 1874 1670 quae
1918 1615 2177 1669 cuicumque
2217 1615 2463 1658 condicioni
2509 1620 2588 1659 aut
2639 1615 2953 1659 consuetudine

1611 1673 1679 1715 vel
1706 1672 1802 1726 lege
1831 1671 2040 1724 debebat,
2083 1670 2141 1713 ad
2181 1671 2451 1714 consortium
2481 1684 2528 1715 se
2559 1672 2796 1715 contulerit
2827 1672 2952 1714 cleri-

1611 1741 1763 1771 corum
1791 1731 1836 1770 et
1863 1727 1979 1769 inter
2007 1726 2228 1769 ministros
2258 1739 2388 1769 verae
2419 1727 2690 1770 orthodoxae
2722 1727 2825 1770 fidei
2861 1740 2952 1769 ma-

1609 1783 1742 1827 luerit
1770 1787 1814 1826 et
1845 1782 2022 1837 elegerit
2051 1781 2282 1834 numerari,
2313 1782 2475 1825 nullius
2504 1795 2687 1837 prorsus
2713 1783 2954 1825 sententiae

1610 1838 1849 1882 acerbitate
1878 1843 2111 1881 revocetur
2138 1850 2221 1880 nec
2250 1850 2277 1880 a
2307 1837 2377 1881 dei
2400 1838 2572 1892 templis
2597 1838 2754 1892 quibus
2779 1851 2826 1881 se
2852 1851 2954 1881 con-

1611 1895 1799 1939 secravit
1833 1893 2143 1949 inopportunis
2182 1893 2499 1937 intentionibus
2542 1893 2837 1945 abstrahatur,
2880 1894 2956 1936 sed

1609 1950 1750 1996 isdem
1787 1949 2050 1993 beatissimis
2090 1948 2342 1992 ministeriis
2383 1962 2565 1992 securus
2610 1954 2864 2004 permaneat
2913 1954 2954 1991 et

1611 2007 1809 2062 quietus,
1847 2005 1904 2048 ad
1940 2018 2054 2060 quae
2089 2009 2191 2060 post
2228 2005 2346 2058 longi
2374 2004 2538 2048 laboris
2567 2004 2867 2048 lassitudinem
2900 2005 2953 2047 ob

1610 2062 1805 2118 reliquae
1854 2061 1970 2104 vitae
2019 2060 2213 2116 requiem
2258 2060 2440 2103 consilio
2484 2060 2661 2103 meliore
2703 2065 2953 2116 protractus

1610 2122 1697 2162 est:
1727 2118 1796 2161 his
1827 2117 2091 2167 actionibus,
2123 2116 2288 2171 siquae
2306 2119 2459 2159 contra
2489 2130 2588 2159 eum
2614 2116 2794 2172 eiusque
2817 2116 2943 2170 patri·

1609 2173 1802 2218 monium
1830 2173 2025 2228 legitima
2052 2172 2295 2215 intentione
2326 2176 2598 2226 competunt,
2637 2185 2717 2227 pro
2748 2172 2855 2214 iuris
2887 2184 2956 2214 or-

1612 2229 1713 2273 dine
1741 2242 2056 2284 responsurus:
2089 2228 2282 2282 exceptis
2311 2227 2670 2283 primipilaribus,
2702 2240 2812 2282 quos
2828 2241 2957 2282 prae-

1612 2285 1750 2340 ceptis
1789 2285 1855 2328 tui
1894 2283 2099 2328 culminis
2139 2286 2184 2327 et
2228 2283 2416 2339 publicis
2460 2283 2722 2327 utilitatibus
2761 2283 2807 2325 in
2858 2296 2956 2337 pcr-

1611 2346 1792 2396 petuum
1842 2353 1938 2384 esse
1989 2339 2214 2384 subiectos
2264 2339 2587 2383 sacratissimae
2632 2338 2956 2382 constitutionis

1611 2399 1781 2441 statuta
1821 2398 2078 2439 sanxerunt.
2146 2394 2202 2438 D.
2224 2394 2350 2452 prid.
2392 2409 2495 2438 non.
2535 2393 2671 2438 Mart.
2707 2393 2955 2438 Constanti-

1611 2465 1669 2495 no
1707 2451 1769 2494 oli
1799 2450 1950 2495 Leone
1977 2452 2030 2494 A.
2063 2462 2131 2493 111
2158 2463 2278 2493 cons.
2758 2449 2820 2548 Ea.
2852 2448 2953 2503 466]

1662 2465 1733 2552 {8
1766 2504 1890 2549 Idem
1920 2507 1973 2550 Α.
2004 2505 2265 2548 Nicostrato
2289 2519 2371 2562 pp.
2436 2505 2556 2547 Nulli
2594 2505 2726 2547 licere
2789 2504 2954 2548 ecerni-

1611 2576 1731 2615 mus,
1771 2561 1859 2605 si¹⁵
1897 2565 2159 2604 testamento
2191 2560 2318 2603 heres
2350 2560 2408 2602 sit
2435 2559 2663 2602 institutus
2695 2573 2773 2603 seu
2804 2561 2858 2603 ab
2889 2560 2952 2602 in-

1611 2622 1773 2663 testato
1805 2616 2016 2660 succedat
2046 2629 2125 2660 seu
2153 2615 2583 2658 fideicommissarius
2612 2615 2679 2658 vel
2720 2615 2955 2670 legatarius

1610 2673 1871 2724 inveniatur,
1902 2671 2231 2728 dispositionem
2267 2671 2330 2726 pii
2358 2671 2581 2714 testatoris
2617 2670 2854 2726 infringere
2890 2670 2957 2714 vel

1611 2729 1813 2785 improba
1851 2734 1995 2772 mente
2024 2728 2204 2778 violare,
2244 2726 2485 2774 adserendo
2525 2726 2743 2769 incertum
2773 2739 2868 2770 esse
2894 2726 2955 2768 le-

1611 2791 1762 2839 gatum
1799 2784 1867 2828 vel
1905 2782 2312 2831 fideicommissum,
2352 2782 2470 2836 quod
2508 2781 2798 2835 redemptioni
2827 2782 2957 2823 relin-

1613 2841 1763 2896 quitur
1793 2839 2088 2895 captivorum,
2127 2837 2205 2882 sed
2241 2837 2382 2881 modis
2413 2836 2612 2880 omnibus
2644 2840 2848 2879 exactum
2876 2849 2958 2890 pro

1612 2896 1839 2940 voluntate
1900 2894 2128 2938 testatoris
2181 2893 2280 2948 piae
2326 2892 2388 2935 rei
2442 2892 2615 2945 negotio
2636 2893 2669 2919 ¹⁶
2727 2891 2956 2947 proficere.

1616 2957 1636 2995 1
1696 2952 1759 2995 Et
1787 2951 1824 2994 si
1854 2949 2029 3006 quidem
2056 2954 2243 2992 testator
2267 2947 2588 3003 significaverit,
2619 2960 2699 3002 per
2724 2961 2853 3003 quem
2883 2947 2958 2990 de-

1613 3007 1780 3051 siderat
1807 3005 2148 3061 redemptionem
2177 3004 2272 3047 fieri
2303 3003 2588 3059 captivorum,
2618 3004 2655 3046 is
2686 3004 2759 3058 qui
2789 3003 2957 3058 specia-

1612 3064 1712 3107 liter
1751 3061 2004 3116 designatus
2042 3065 2109 3104 est
2143 3060 2277 3114 legati
2320 3072 2399 3104 seu
2434 3059 2757 3102 fideicommissi
2795 3059 2958 3101 habeat

1613 3118 1813 3175 exigendi
1851 3117 2074 3160 licentiam
2112 3121 2156 3158 et
2194 3128 2273 3168 pro
2314 3127 2395 3157 sua
2445 3114 2714 3157 conscientia
2731 3115 2763 3140 ²⁷
2808 3118 2958 3156 votum

1613 3175 1850 3230 adimpleat
1877 3171 2117 3216 testatoris.
2178 3171 2246 3212 sin
2284 3174 2431 3212 autem
2468 3181 2660 3223 persona
2696 3182 2786 3211 non
2816 3168 2957 3222 desig-

1612 3235 1720 3273 nata
1758 3232 1948 3271 testator
1986 3226 2186 3269 absolute
2233 3224 2535 3267 tantummodo
2578 3237 2790 3267 summam
2828 3224 2959 3279 legati

1612 3286 1680 3330 vel
1715 3281 2041 3327 fideicommissi
2077 3280 2311 3333 taxaverit,
2354 3292 2466 3334 quae
2504 3280 2663 3323 debeat
2690 3283 2958 3323 memoratae

1615 3352 1775 3384 causae
1803 3337 2032 3394 proficere,
2062 3336 2128 3379 vir
2155 3335 2532 3378 reverentissimus
2570 3336 2803 3390 episcopus
2840 3335 2956 3377 illius

1615 3394 1824 3448 civitatis,
1868 3407 1922 3437 ex
1961 3404 2048 3447 qua
2085 3396 2276 3435 testator
2307 3391 2468 3443 oritur,
2509 3391 2672 3434 habeat
2700 3390 2958 3433 facultatem

1615 3449 1833 3505 exigendi,
1878 3448 1995 3503 quod
2037 3448 2168 3491 huius
2213 3446 2279 3490 rei
2319 3446 2462 3501 gratia
2512 3447 2645 3489 fuerit
2688 3446 2957 3495 derelictum,

1613 3507 1734 3562 pium
1771 3504 1965 3548 defuncti
2003 3503 2277 3558 propositum
2317 3503 2409 3545 sine
2456 3502 2546 3544 ulla
2587 3501 2867 3544 cunctatione
2910 3504 2959 3543 ut

1615 3567 1639 3605 2
1700 3560 1902 3604 convenit
1929 3559 2204 3614 impleturus.
2272 3558 2381 3602 Cum
2410 3561 2556 3600 autem
2586 3557 2650 3599 vir
2685 3556 2957 3611 religiosissi-

1613 3630 1710 3660 mus
1742 3616 1975 3671 episcopus
2004 3613 2255 3657 huiusmodi
2283 3613 2493 3668 pecunias
2530 3614 2602 3667 pio
2633 3612 2810 3656 relictas
2841 3611 2957 3654 arbi-

1614 3673 1699 3715 trio
1736 3671 1872 3714 fuerit
1911 3674 2190 3721 consecutus,
2230 3669 2378 3713 statim
2406 3669 2539 3723 gestis
2568 3667 2957 3711 intervenientibus

1614 3740 1765 3771 earum
1808 3725 2098 3780 quantitatem
2142 3729 2186 3767 et
2226 3728 2400 3779 tempus
2445 3736 2531 3779 quo
2584 3735 2659 3766 eas
2713 3722 2959 3777 susceperit

1616 3782 1735 3838 apud
1783 3785 1999 3824 rectorem
2038 3779 2291 3835 provinciae
2326 3779 2554 3834 publicare
2594 3777 2782 3822 debebit.
2855 3781 2957 3831 post

1617 3838 1747 3880 unius
1777 3849 1878 3880 vero
1910 3836 2014 3879 anni
2043 3836 2234 3890 spatium
2275 3839 2318 3877 et
2346 3847 2575 3876 numerum
2606 3833 2878 3887 captivorum
2915 3835 2958 3873 et

1616 3894 1721 3935 data
1748 3905 1830 3948 pro
1859 3891 1928 3935 his
1957 3891 2101 3946 pretia
2130 3903 2227 3933 eum
2261 3889 2544 3932 manifestare
2571 3888 2877 3944 praecipimus,
2909 3892 2958 3928 ut

1614 3961 1695 4003 per
1734 3947 1880 3993 omnia
1916 3947 2181 4001 impleantur
2218 3950 2308 3987 tam
2324 3945 2359 3972 ¹⁸
2402 3944 2502 4008 piae
2540 3943 2834 3987 deficientium
2880 3955 2967 4004 voe

1613 4004 1830 4048 luntates:
1869 4002 1934 4046 ita
1963 4007 2124 4048 tamen.
2154 4006 2203 4043 ut
2230 4000 2308 4043 reli
2340 3999 2542 4043 'osissimi
2572 3998 2790 4042 antistites
2819 4001 2955 4052 gratis

1615 4064 1660 4102 et
1689 4058 1782 4101 sine
1810 4058 1900 4101 ullo
1932 4057 2159 4112 dispendio
2196 4068 2303 4110 prae
2337 4055 2423 4098 ’cta
2460 4059 2585 4108 gesta
2621 4053 2871 4104 conficiant,
2899 4063 2956 4115 ne

1614 4113 1902 4158 humanitatis
1933 4114 2116 4156 obtentu
2146 4111 2323 4154 relictae
2346 4109 2561 4165 pecuniae
2582 4109 2842 4152 iudiciorum
2867 4107 2954 4148 dis-

1612 4258 1690 4312 (12)
1735 4258 1900 4296 tuarum
1939 4257 2014 4297 ins.
2054 4252 2174 4295 L⁶BI
2308 4256 2379 4303 (13)
2411 4254 2452 4294 in
2487 4255 2532 4302 1,
2563 4261 2596 4305 4,
2627 4261 2665 4293 13
2704 4250 2965 4290 subscribitur

1620 4310 1658 4351 d.
1692 4324 1777 4350 vm
1805 4341 1816 4352 .
1834 4341 1844 4351 .
1861 4341 1872 4352 .
1901 4310 2021 4363 april.
2038 4322 2188 4350 varane
2205 4309 2245 4348 et
2258 4308 2438 4348 iohanne
2454 4320 2581 4349 conss.
2638 4307 2710 4357 (14)
2729 4304 2893 4344 viviano
2912 4304 2963 4354 R,

1618 4367 1796 4407 bebiano
1812 4366 1856 4414 S,
1871 4366 2031 4409 iuliano
2052 4365 2087 4406 Ο
2189 4365 2261 4414 (15)
2290 4363 2326 4404 si
2337 4364 2410 4404 Ma
2426 4379 2508 4404 cum
2527 4362 2705 4412 Graecis,
2721 4360 2805 4400 sive
2825 4357 2964 4400 CRM>

1619 4423 1696 4474 (16)
1723 4422 1784 4463 sic
1806 4419 1866 4462 Rb
1890 4435 1975 4463 cum
1996 4421 2179 4470 Graecis,
2208 4419 2420 4470 negotium
2441 4419 2482 4466 C,
2515 4419 2589 4457 inc.
2606 4417 2671 4455 R‘²
2787 4415 2861 4466 (17)
2893 4428 2963 4454 sua

1627 4477 1877 4517 conscientia
1906 4474 1977 4518 Mb
2008 4491 2092 4517 cum
2127 4475 2311 4526 Graecis,
2345 4486 2418 4514 sua
2446 4471 2617 4512 scientia
2641 4470 2683 4523 G,
2710 4469 2882 4512 scientia
2911 4472 2963 4514 R,

1613 4543 1695 4582 qua
1714 4530 1885 4570 scientia
1902 4532 1973 4570 Ma
2032 4532 2106 4581 (18)
2134 4532 2218 4568 tam
2244 4544 2315 4568 om.
2337 4529 2485 4568 Μοιαη
2509 4525 2678 4566 Graecis
2735 4527 2809 4575 (19)
2844 4527 2963 4579 iunye

1619 4590 1657 4638 1,
1673 4596 1730 4638 12,
1747 4594 1782 4627 6.
1813 4588 1854 4638 9,
1872 4596 1932 4638 30,
1950 4595 1969 4626 2
