3138 4776
186 166 261 206 DE
296 165 482 206 PACTIS

241 299 272 348 2
303 300 447 361 Impp.
481 301 670 348 Severus
698 306 742 346 et
757 300 1010 346 Antoninus
1038 303 1126 346 AA.
1154 305 1347 351 Claudio.
1403 307 1509 351 Post

186 357 476 402 venditionem
520 358 773 410 hereditatis
815 370 843 400 a
884 361 929 400 te
967 356 1150 409 factam,
1196 362 1232 404 si
1271 363 1508 406 creditores

185 415 339 458 contra
377 418 592 469 emptores
631 413 826 457 ac'tiones
847 425 966 456 suas
996 415 1178 458 movisse
1207 419 1394 472 probare
1423 431 1508 473 po-

182 469 320 512 tueris
352 481 514 526 eosque
538 482 611 513 eas
636 472 876 524 spontanea
897 470 1142 524 suscepisse
1168 473 1402 527 voluntate,
1432 485 1506 516 ex-

182 525 388 624 ?iptlv‘ssiff·
398 524 762 625 ‘ailbeiffl‘smb
768 523 1379 639 ffliffiifflbndssssiapss
1386 526 1504 636 pilii·

239 631 269 680 3
303 634 427 680 Idem
454 636 544 679 AA.
584 633 817 678 Restituto.
887 634 1046 678 Servus
1089 638 1314 682 creditoris
1361 637 1506 680 melio-

182 702 274 733 rem
303 703 479 735 causam
508 689 666 734 domini
694 689 839 733 facere
867 694 1033 746 potest:
1069 692 1112 733 in
1142 693 1333 737 deterius
1362 695 1506 736 autem

182 745 421 790 reformare
456 758 566 790 novo
632 748 731 788 acto
760 757 850 788 non
878 750 1026 800 potest
1056 748 1361 803 obligationem
1388 751 1507 792 recte

183 802 477 846 constitutam.
540 799 584 843 P
623 834 631 843 .
672 811 766 843 VIII
799 799 841 843 lc.
872 801 1015 858 April.
1050 801 1212 847 Severo
1244 815 1312 847 [ιι
1346 807 1391 847 et
1416 802 1505 846 An-

186 857 337 901 tonino
366 858 456 901 AA.
486 868 626 900 conss.
1323 859 1377 915 [a.
1408 859 1503 909 202]

238 909 268 956 4
299 910 422 956 Idem
449 911 539 955 AA.
582 909 795 954 Valeriae.
864 911 1103 967 Postquam
1141 914 1205 956 liti
1243 914 1298 956 de
1325 911 1504 980 praedio

182 971 323 1011 motae
359 966 639 1016 renuntiasti,
678 978 855 1010 causam
894 966 1061 1011 finitam
1099 969 1337 1013 instaurari
1373 980 1505 1024 posse
1541 1009 1545 1018 ,

782 1021 875 1065 ΡΡ.
908 1034 999 1066 1111
1026 1024 1083 1068 id.
1116 1025 1241 1069 Febr.
1273 1024 1433 1069 Albino
1462 1026 1508 1066 et
1541 1021 1545 1036 ¹

181 1022 300 1066 nulla
337 1021 449 1065 ratio
484 1021 708 1077 permittit.

180 1077 424 1122 Aemiliano
455 1089 596 1120 conss.

236 1130 266 1178 5
297 1130 410 1190 Imp.
441 1131 692 1175 Antoninus
733 1133 780 1175 A.
815 1131 1105 1191 Demaqorae·
1321 1084 1376 1132 [a.
1407 1077 1503 1132 206]

1178 1135 1389 1179 Creditori
1426 1139 1503 1177 tuo

177 1187 216 1232 si
257 1191 424 1243 partem
466 1187 679 1243 pecuniae
724 1189 968 1239 exsolvisti,
1015 1190 1068 1233 de
1118 1194 1244 1245 parte
1273 1203 1373 1234 vero
1416 1202 1504 1232 non

177 1242 363 1299 petenda
389 1243 503 1286 inter
530 1248 574 1286 te
605 1248 648 1286 et
677 1257 773 1287 eum
804 1245 1005 1288 convenit
1038 1247 1093 1289 ob
1125 1259 1279 1290 causas
1309 1244 1503 1300 negotia-

177 1310 261 1364 que
300 1298 392 1342 eius
431 1303 508 1342 tuo
547 1299 790 1354 patrocinio
830 1300 1000 1356 fideque
1031 1302 1222 1353 defensa,
1259 1314 1309 1344 ea
1339 1301 1501 1354 obliga-

177 1358 295 1398 tione
329 1354 487 1408 partim
524 1355 620 1397 iure
659 1354 772 1397 civili
811 1356 969 1410 partim
1010 1358 1242 1400 honorario
1294 1357 1502 1400 liberatus

177 1421 238 1452 es.
304 1422 404 1452 nam
444 1410 641 1465 exceptio
680 1415 894 1466 perpetua
932 1413 1051 1466 pacti
1091 1413 1291 1456 conventi
1320 1413 1385 1455 vel
1415 1411 1503 1454 doli

177 1463 339 1508 residui
366 1465 619 1521 petitionem
648 1467 830 1520 repellit,
862 1481 959 1510 cum
989 1474 1033 1511 et
1061 1468 1252 1512 solutum
1275 1481 1354 1523 per
1383 1468 1502 1523 igno-

176 1519 364 1564 rantiam
392 1521 531 1576 repeti
560 1521 788 1576 potuisset.
855 1521 948 1565 PP.
989 1535 1083 1566 νη]
1115 1522 1157 1566 lc.
1189 1525 1302 1580 Auq.
1333 1522 1504 1566 Romae

175 1576 401 1620 Antonino
431 1577 482 1620 A.
513 1587 604 1619 IIII
629 1581 674 1620 et
701 1576 896 1620 Balbino
927 1591 1067 1620 conss.
1319 1581 1372 1632 [a.
1406 1581 1501 1629 213]

231 1628 263 1676 6
298 1629 436 1674 ¹Idem
451 1631 501 1674 A.
526 1630 700 1674 Iuliae2
726 1631 937 1675 Bas-iliae.
965 1643 968 1645 ’
996 1633 1144 1686 Pacta,
1176 1636 1319 1688 quae³
1349 1639 1503 1677 contra

172 1686 289 1741 leges
342 1686 766 1740 constitutionesque
818 1688 886 1729 vel
938 1691 1095 1730 contra
1147 1688 1287 1732 bonos
1328 1689 1501 1732 mores⁴

172 1739 296 1793 fiunt,
325 1741 491 1784 nullam
517 1741 602 1784 vim
630 1741 796 1785 habere
822 1741 1058 1785 indubitati
1087 1743 1196 1787 iuris
1227 1749 1306 1788 est.
1358 1744 1454 1787 ΡΡ.
1478 1756 1507 1786 V

172 1794 215 1838 lc.
245 1796 316 1839 Au
349 1830 358 1838 .
390 1796 618 1839 Antonino
634 1797 684 1839 A.
717 1808 810 1839 HJJ
836 1803 879 1840 et
894 1797 1089 1841 Balbino
1121 1813 1262 1842 conss.
1320 1804 1374 1852 [a.
1403 1803 1500 1851 213]

228 1847 256 1895 7
289 1809 431 1894 θῗιίενη
445 1851 495 1894 A.
520 1850 672 1895 Iulio⁶
694 1850 914 1896 Maoeimo.
947 1857 950 1860 '
974 1853 1174 1898 Debitori
1202 1860 1278 1899 tuo
1309 1856 1346 1899 si
1374 1855 1501 1899 heres

170 1905 366 1958 extitisti,
403 1905 533 1956 actio,
563 1919 693 1962 quam
726 1912 880 1950 contra
910 1921 1008 1952 eum
1038 1910 1243 1964 habuisti,
1273 1911 1395 1955 adita
1423 1912 1501 1955 he-

167 1961 353 2006 reditate
377 1961 559 2005 confusa
574 1967 653 2006 est.
701 1963 779 2007 sed
795 1963 831 2007 si
854 1975 949 2007 eam
973 1965 1298 2018 he1·editatem⁷‚
1324 1973 1500 2022 postea-

169 2030 298 2073 quam
326 2017 373 2061 in
399 2017 560 2061 iudicio
575 2021 592 2045 ⁸
620 2018 860 2071 obtinuisti,
902 2021 941 2063 ei
970 2020 1203 2074 tradidisti,
1245 2036 1372 2078 quem
1403 2036 1500 2066 sen-

167 2073 306 2117 tentia
343 2086 646 2129 superaveras,
687 2087 740 2118 ea
776 2075 1029 2120 condicione
1058 2083 1291 2134 pactoque,
1334 2084 1384 2122 ut
1411 2083 1500 2123 tam

169 2128 324 2172 ceteris
364 2129 650 2174 creditoribus
692 2143 823 2184 quam
861 2131 942 2174 tibi
979 2133 1025 2174 in
1055 2146 1128 2185 eo,
1170 2135 1287 2189 quod
1315 2135 1396 2178 tibi
1426 2135 1499 2179 de-

167 2184 367 2236 beretur,
409 2185 447 2228 si
485 2198 579 2229 eam
617 2186 904 2230 hereditatem
934 2201 1021 2231 non
1051 2188 1231 2242 adisses,
1273 2191 1499 2234 satisface-

168 2244 247 2292 ret,
284 2241 403 2296 pacti
433 2241 818 2297 conventionisque
845 2242 954 2287 fides
993 2246 1204 2289 servanda
1240 2252 1320 2290 est.
1389 2260 1502 2302 quae

169 2294 207 2339 si
234 2309 321 2339 non
350 2301 563 2348 servatur,
595 2310 650 2340 ex
679 2298 905 2353 stipulatu,
936 2299 973 2343 si
995 2300 1122 2343 modo
1139 2305 1271 2356 pacto
1299 2303 1498 2346 subiecta

168 2355 237 2395 est
248 2350 278 2405 ⁹,
322 2351 439 2396 actio
482 2351 660 2395 dabitur
673 2354 720 2396 ¹⁰.
794 2352 886 2398 ΡΡ.
934 2366 1002 2397 III
1041 2354 1084 2399 lc.
1114 2360 1228 2414 Auq.
1271 2358 1498 2401 Antonino

167 2407 219 2451 A.
252 2417 343 2450 1111
368 2411 413 2451 et
442 2406 636 2451 Balbino
668 2421 811 2452 conss.
1313 2417 1368 2464 [a.
1402 2416 1498 2464 213]

226 2458 256 2509 8
288 2459 354 2517 (9)
403 2461 551 2520 ¹¹Imp.
591 2463 854 2508 Alexander
899 2466 950 2508 A.
990 2466 1222 2510 Ατινείιό12
1264 2467 1498 2532 Dionysio.

170 2517 301 2572 Cum,
346 2523 632 2574 posteaquam
686 2519 962 2564 adversarius
1013 2522 1164 2566 matris
1214 2527 1318 2566 tuae
1360 2529 1500 2567 victus

169 2578 298 2624 esset,
344 2577 526 2618 matrem
569 2578 691 2617 tuam
737 2575 1086 2631 circumvenerit,
1127 2583 1176 2621 ut
1212 2580 1251 2622 ei
1281 2580 1502 2622 caveret¹³

168 2629 331 2672 nullam
361 2642 408 2673 se
438 2630 781 2674 controversiam
810 2630 864 2675 de
892 2633 1026 2676 servis
1057 2639 1286 2686 moturam‚
1321 2635 1366 2678 id
1395 2647 1499 2690 pac-

170 2689 260 2727 tum
274 2685 390 2728 mala
404 2684 490 2728 fide
503 2685 671 2728 factum
687 2686 859 2730 irritum
874 2692 953 2741 est,
979 2693 1023 2732 et
1039 2702 1136 2732 cum
1158 2703 1210 2733 ex
1234 2702 1288 2734 ea
1311 2703 1498 2734 conven-

170 2739 289 2784 tione
319 2753 418 2784 cum
445 2745 584 2784 matre
611 2745 690 2793 tua
719 2742 790 2797 agi
819 2743 1025 2798 coeperit,
1053 2744 1186 2788 iudex
1214 2757 1311 2789 eam
1339 2746 1498 2790 libera-

171 2795 232 2839 bit
247 2795 292 2839 ¹¹¹.
350 2794 442 2840 ΡΡ.
455 2796 577 2854 prid.
593 2797 652 2840 id.
672 2795 795 2855 Sept.
811 2798 1074 2843 Alexandro
1090 2802 1139 2843 A.
1159 2813 1278 2844 cons.
1326 2806 1382 2853 [a.
1402 2805 1498 2852 222]

223 2847 254 2897 9
285 2846 350 2904 (8)
390 2849 515 2896 Idem
552 2854 603 2896 A.
639 2851 931 2897 Macatrauli.
1001 2854 1047 2898 Si
1085 2856 1309 2910 pascenda
1337 2870 1500 2912 pecora

166 2907 375 2963 partiaria
404 2906 466 2962 (id
495 2912 561 2952 est
589 2911 639 2951 ut
668 2908 784 2952 fetus
817 2922 967 2953 eorum
996 2911 1295 2966 portionibus,
1340 2913 1498 2968 quibus

165 2962 344 3062 fflcmt’
373 2963 488 3007 inter
515 2963 738 3008 dominum
763 2969 807 3007 et
825 2970 1054 3030 pastorem
1077 2966 1342 3020 dividantur)
1359 2969 1497 3024 Apol-

184 3017 194 3028 '
229 3031 347 3063 arem
378 3020 621 3075 suscepisse
650 3020 924 3075 probabitur,
953 3022 1085 3066 fidem
1108 3027 1241 3078 pacto
1303 3030 1500 3069 raestare

166 3086 245 3174 pier
259 3074 445 3119 iudicem
463 3075 748 3132 compelletur
764 3078 811 3122 ¹⁵.
841 3075 933 3120 ΡΡ.
953 3089 1044 3120 HJJ
1057 3077 1099 3121 lc.
1122 3077 1213 3123 Oet.
1232 3080 1270 3122 A
1289 3080 1496 3123 exandro

208 3164 217 3172 .
248 3143 367 3174 cons.
1329 3149 1368 3178 a.
1401 3139 1479 3178 222

227 3183 289 3230 10
324 3183 484 3228 ²⁸Idem
523 3186 572 3228 A.
615 3184 766 3230 Nicae.
826 3187 1000 3242 Legem,
1039 3201 1170 3243 quam
1206 3139 1367 3242 dixis[ti,
1399 3141 1498 3234 cuni

167 3239 310 3284 dotem
335 3253 416 3296 pro
441 3239 618 3283 alumna
632 3240 773 3293 dares,
804 3243 968 3285 servari
984 3250 1170 3297 oportet.
1230 3258 1311 3288 nec
1341 3246 1498 3290 obesse

166 3294 250 3339 tibi
287 3295 451 3352 potuit,
490 3295 605 3350 quod
643 3295 732 3339 dici
770 3297 881 3340 solet
921 3310 975 3340 ex
1003 3303 1134 3352 pacto
1164 3300 1380 3343 actionem
1409 3314 1498 3344 non

167 3351 309 3395 nasci:
353 3355 461 3395 tunc
504 3351 619 3394 enim
661 3352 746 3395 hoc
790 3352 884 3395 iure
922 3353 1146 3404 utimur¹⁷,
1191 3367 1291 3397 cum
1319 3359 1498 3410 pactum

170 3406 331 3450 nudum
369 3410 456 3450 est:
497 3406 692 3462 alioquin
735 3420 834 3450 cum
872 3408 1060 3472 pecunia
1095 3407 1226 3451 datur
1263 3415 1306 3453 et
1335 3411 1499 3466 aliquid

169 3462 222 3506 de
249 3461 470 3506 reddenda
495 3474 548 3505 ea
577 3463 790 3515 convenit,
821 3464 939 3506 utllis
957 3468 1023 3506 est
1040 3463 1271 3508 condictio.
1321 3464 1413 3508 ΡΡ.
1432 3478 1501 3510 II!

167 3517 210 3562 lc.
241 3517 376 3562 Mart.
406 3517 568 3562 Albino
598 3522 643 3562 et
668 3516 875 3562 Max-imo
906 3532 1046 3562 conss.
1312 3525 1367 3572 [a.
1401 3525 1496 3574 227]

230 3572 286 3620 11
325 3572 484 3618 ¹⁸Idem
514 3574 565 3617 A.
599 3571 817 3632 Capitoni.
885 3574 957 3618 Ex
986 3575 1271 3619 conventione
1311 3576 1496 3631 quidem,

168 3713 218 3764 (1)
232 3733 288 3749 =
307 3713 549 3755 Consultatio
570 3716 604 3764 1,
622 3723 640 3756 ἵ
698 3714 754 3767 (2)
772 3714 905 3755 Iuliae
925 3715 1112 3767 Consult.,
1130 3732 1201 3756 om.
1221 3716 1317 3757 libri
1370 3717 1426 3769 (3)
1448 3716 1499 3757 ab
1584 3720 1657 3764 (18)
1686 3736 1742 3751 =
1770 3719 1810 3768 4,
1840 3725 1897 3764 47,
1926 3726 1943 3758 1

168 3768 312 3808 invitis
340 3770 414 3810 ins.
449 3769 636 3820 Consule,
668 3785 740 3810 om.
771 3771 815 3810 Β

168 3837 231 3864 ree
247 3839 317 3865 om.
341 3825 528 3875 Consule,
547 3826 692 3866 habent
708 3825 752 3865 B

929 3773 982 3822 (4)
1012 3770 1076 3812 vel
1099 3776 1242 3811 contra
1258 3771 1384 3812 bonos
1413 3786 1498 3811 mo-

836 3826 892 3879 (5)
908 3847 963 3861 =
983 3827 1101 3881 Greq.
1126 3830 1206 3879 1,1‚
1222 3837 1238 3870 1
1316 3828 1371 3876 (6)
1389 3827 1498 3867 Iulio

172 3880 309 3934 Grey.,
339 3896 411 3920 om.
442 3881 539 3922 libri
619 3880 675 3932 (Ἰ)
703 3880 970 3921 hereditatem
1000 3898 1070 3922 om.
1108 3882 1229 3936 Grey.
1315 3884 1369 3932 (8)
1396 3896 1497 3934 quo-

167 3948 248 3986 que
277 3937 351 3976 ins.
386 3935 505 3989 Greq.
675 3936 730 3986 (9)
761 3936 795 3975 si
826 3937 875 3985 (si
903 3954 974 3978 om.
1008 3938 1097 3988 alii)
1127 3937 1247 3978 modo
1275 3939 1497 3979 transactio

167 3991 275 4031 facta
304 3993 362 4031 est
393 3991 514 4044 Greq.
686 3994 758 4042 (ιο)
796 3995 887 4042 post
921 3992 1086 4032 dabitur
1124 3996 1214 4034 edd.
1251 3995 1406 4035 addunt
1434 3993 1497 4034 vel

166 4047 426 4099 praescriptis
440 4045 573 4086 verbis
594 4046 714 4097 actio,
743 4046 778 4085 si
797 4047 1009 4099 stipulatio
1024 4061 1106 4088 non
1122 4049 1345 4089 intervenit
1360 4060 1498 4090 contra

172 4101 291 4156 Grey.
305 4117 319 4142 :
350 4103 482 4143 eodem
511 4103 624 4142 modo
645 4103 876 4143 sententiam
892 4104 1088 4156 supplevit
1108 4105 1345 4145 Thalelaeus
1363 4107 1400 4146 in
1417 4106 1504 4144 ΒΣ

169 4158 238 4210 (11)
267 4178 323 4193 =
356 4158 601 4199 Consultatio
631 4158 670 4208 9,
700 4166 748 4199 11.
781 4160 817 4209 1,
849 4167 891 4200 8:
923 4160 1125 4212 iungenda
1153 4161 1308 4201 videtur
1338 4162 1376 4210 7,
1407 4170 1440 4211 4,
1463 4171 1494 4201 5.

168 4229 200 4254 c.
219 4222 240 4254 8
271 4222 308 4254 et
333 4222 354 4255 9
386 4221 648 4265 transponunt
679 4213 774 4254 libri
801 4228 883 4254 cum
906 4214 962 4254 S:
993 4216 1168 4255 ordinem
1200 4218 1383 4267 temporis
1413 4231 1495 4256 cum

167 4268 268 4310 Hal.
298 4269 535 4310 restituimus
565 4282 619 4308 ea:
647 4269 690 4308 B
865 4272 937 4319 (12)
968 4269 1137 4309 Aurelio
1167 4286 1238 4310 om.
1271 4272 1375 4321 libri,
1405 4286 1497 4324 sup-

163 4324 276 4376 plevi
312 4339 360 4364 ea:
393 4324 567 4365 Consule.
598 4325 635 4371 9,
668 4333 701 4364 11
824 4323 896 4373 (13)
935 4326 983 4364 ut
1019 4324 1290 4376 pacisceretur
1325 4327 1493 4366 Consule.

167 4379 240 4428 (14)
278 4379 376 4430 quia
414 4378 462 4419 de
491 4392 535 4419 re
564 4378 745 4418 iudicata
771 4379 923 4429 pacisci
959 4391 1076 4420 nemo
1103 4383 1237 4432 potest
1265 4382 1361 4421 add.
1395 4380 1495 4422 Con-

167 4434 257 4474 sult.
345 4435 418 4485 (15)
446 4436 594 4486 scripsi
622 4451 704 4474 cam
729 4434 778 4485 Β,
810 4433 1070 4486 compellitur
1099 4437 1195 4476 libri
1278 4438 1351 4485 (16)
1375 4453 1430 4468 =
1456 4440 1493 4485 5,

170 4496 223 4537 14,
251 4498 289 4530 1:
331 4490 413 4529 loco
442 4491 594 4541 yemino
624 4491 854 4530 inscribitur
890 4490 1015 4542 impp.
1045 4490 1217 4531 Severus
1253 4494 1292 4531 et
1322 4492 1492 4530 Antoni-

170 4555 246 4582 nus
274 4545 359 4582 AA.
390 4545 530 4594 Nicae,
566 4547 827 4585 subscribitur
855 4558 922 4598 pp.
954 4558 1017 4584 vu
1046 4546 1086 4585 k.
1117 4547 1237 4586 Febr.
1272 4546 1420 4586 Albino
1456 4551 1495 4586 et

170 4596 399 4640 Aemiliano
428 4611 554 4642 conss.
584 4601 638 4653 (a.
669 4604 755 4652 206)
931 4600 1005 4653 (17)
1034 4601 1111 4643 hoc
1140 4601 1312 4644 dicimus
1341 4603 1365 4645 l.
1393 4618 1492 4658 qem.

1522 154 1590 216 93
2812 147 2864 200 Π
2897 143 2924 192 3

1623 321 1680 350 ua

1592 321 1690 404 gum
1740 362 1903 405 undum
1931 360 1976 404 in
2005 360 2150 405 dotem
2167 364 2301 418 daret,
2333 369 2382 408 ut
2405 368 2448 407 et
2473 364 2638 406 tributa
2664 366 2759 420 ipsa
2782 381 2916 422 agno-

1591 421 1732 460 sceret
1762 421 1805 461 et
1818 417 1852 443 ¹⁹
1880 415 2182 471 creditoribus,
2213 420 2370 474 quibus
2399 419 2574 462 fuerant
2596 422 2776 474 praedia
2807 424 2915 465 obli-

1588 476 1704 526 gata,
1735 485 1896 516 usuras
1926 471 2132 525 solveret,
2173 476 2286 518 actio
2327 474 2408 518 tibi
2437 473 2643 517 adversus
2676 487 2770 516 eam
2800 489 2915 519 com-

1587 530 1739 581 petere
1782 541 1870 571 non
1911 531 2081 583 potest,
2128 533 2170 571 et
2214 530 2249 572 si
2287 535 2467 594 pactum
2503 529 2548 572 in
2596 529 2916 584 stipulationem

1590 581 1825 624 deductum
1862 582 2086 638 probetur.
2154 584 2229 627 sed
2269 598 2304 628 si
2341 585 2503 627 fundus
2543 585 2796 628 aestimatus
2844 586 2918 638 ita,

1589 640 1639 678 ut
1678 649 1781 691 pars
1818 638 2096 681 instrumenti
2133 638 2372 695 significat,
2409 641 2455 682 in
2491 639 2637 683 dotem
2680 638 2809 682 datus
2840 646 2919 690 est,

1589 703 1642 733 ex
1679 692 1851 736 vendito
1893 693 2034 745 actio,
2074 697 2124 737 ut
2152 695 2327 750 placitis
2358 699 2510 746 stetur,
2551 694 2768 749 competit.
2827 694 2918 736 ΡΙ).

1587 759 1690 787 non.
1723 746 1827 790 Dee.
1860 748 1959 804 ipso
1990 750 2040 791 A.
2074 761 2142 792 ΙΙΙ
2168 755 2211 794 et
2238 749 2385 793 Dione
2415 761 2461 792 ΙΙ
2489 762 2630 792 conss,
2735 752 2791 800 [a.
2825 753 2919 798 229]

1649 798 1708 844 12
1755 800 1919 844 ²⁰Idem
1955 805 2005 846 A.
2047 804 2300 848 Flaccillae.
2373 805 2511 847 Pacta
2554 803 2788 846 novissima
2832 817 2921 845 ser-

1588 854 1680 897 vari
1724 860 1927 909 oportere
1971 863 2059 900 tam
2102 858 2209 902 iuris
2254 872 2384 912 quam
2427 859 2565 913 ipsius
2617 859 2679 901 rei
2724 859 2921 912 aequitas

1587 909 1795 965 postulat.
1856 918 2124 966 quapropter
2153 914 2189 956 si
2220 914 2506 956 conventione
2543 925 2654 966 quae
2682 915 2923 968 praecessit

1588 965 1759 1008 diversa
1785 977 1887 1020 pars
1919 979 2097 1008 usuram
2119 981 2165 1010 se
2182 981 2268 1010 non
2286 980 2382 1011 esse
2407 968 2641 1020 consensit,
2673 974 2716 1010 et
2738 970 2923 1011 maxime

1587 1021 1645 1072 si,
1690 1024 1740 1063 ut
1784 1021 2013 1074 proponi-s,
2059 1021 2103 1064 id
2142 1022 2275 1064 etiam
2315 1022 2433 1077 apud
2473 1029 2572 1066 acta
2601 1024 2815 1079 praesidis
2846 1026 2921 1067 ad-

1587 1076 1816 1126 severavit,
1848 1076 2077 1127 actionem,
2110 1090 2222 1132 quae
2252 1080 2430 1133 super²¹
2469 1080 2606 1134 prima
2637 1081 2923 1124 conventione

1585 1131 1752 1186 fuerat,
1793 1144 1997 1175 exercere
2036 1145 2126 1175 non
2162 1133 2421 1188 prohiberis.
2491 1134 2583 1178 ΡΡ.
2618 1147 2688 1178 JJJ
2714 1135 2755 1178 lc.
2786 1135 2923 1179 Mart.

1587 1188 1803 1245 Aqrieola
1833 1195 1877 1231 et
1907 1186 2125 1232 Clemente
2153 1201 2295 1232 conss.
2738 1196 2792 1242 [a.
2827 1196 2922 1241 230]

1648 1240 1707 1289 13
1750 1242 1862 1300 Imp.
1901 1242 2182 1286 Maximinus
2218 1245 2268 1287 A.
2301 1244 2496 1289 Marino.
2565 1246 2616 1288 In
2656 1247 2796 1289 bonae
2824 1246 2926 1290 fidei

1588 1299 1889 1342 contractibus
1928 1299 1990 1341 ita
2032 1299 2202 1342 demum
2244 1313 2296 1343 ex
2326 1306 2458 1356 pacto
2489 1302 2603 1344 actio
2637 1303 2854 1357 competit,
2886 1303 2923 1345 si

1587 1367 1640 1396 ex
1672 1355 1912 1398 continenti
1941 1354 2041 1397 fiat:
2083 1369 2182 1407 nam
2223 1357 2339 1411 quod
2368 1361 2523 1412 postea
2552 1358 2732 1412 placuit,
2763 1358 2807 1401 id
2835 1372 2924 1402 non

1586 1411 1865 1464 petitionem,
1906 1411 1984 1455 sed
2025 1411 2325 1467 exceptionem
2354 1413 2481 1468 parit.
2542 1412 2634 1456 ΡΡ.
2679 1426 2703 1455 V
2734 1414 2792 1456 id.
2825 1413 2923 1456 Ian.

1586 1465 1841 1510 Matrimino
1872 1468 1922 1510 A.
1954 1472 2000 1510 et
2026 1467 2250 1523 Africano
2286 1482 2427 1512 conss.
2738 1475 2792 1521 [a.
2826 1474 2923 1520 236]

1651 1520 1706 1566 14
1745 1521 1853 1579 Imp.
1891 1520 2147 1566 Gordianus
2175 1524 2227 1566 A.
2261 1523 2450 1567 Caecilio
2490 1525 2628 1568 militi.
2703 1525 2750 1568 Si
2779 1531 2924 1581 pacto,

1587 1591 1672 1631 quo
1713 1591 1897 1632 poenam
1937 1578 2235 1622 adversarium
2265 1584 2387 1622 tuum
2420 1581 2671 1636 promisisse
2700 1582 2923 1636 proponis,

1587 1633 1623 1675 si
1665 1634 1829 1688 placito
1871 1647 1958 1678 non
1998 1635 2212 1688 stetisset,
2254 1635 2479 1691 stipulatio
2517 1637 2716 1680 subiecta
2749 1643 2828 1690 est,
2872 1650 2923 1680 ex

1587 1688 1801 1743 stipulatu
1842 1703 1975 1744 agens
2005 1690 2073 1734 vel
2116 1690 2161 1732 id
2210 1692 2324 1745 quod
2362 1693 2406 1734 in
2439 1693 2767 1735 conventionem
2798 1693 2924 1736 deve-

1587 1751 1724 1797 nerat,
1768 1749 1817 1788 ut
1845 1743 1937 1797 fiat,
1981 1746 2264 1801 consequeris
2305 1748 2369 1790 vel
2415 1762 2602 1802 poenam
2642 1748 2925 1802 stipulatione

1589 1802 1948 1855 comprehensam
1987 1814 2108 1846 more
2145 1802 2403 1846 iudiciorum
2446 1805 2604 1859 exiges.
2676 1817 2776 1846 nam
2811 1805 2925 1847 bona

1587 1855 1827 1899 adversarii
1866 1858 1930 1900 tui
1967 1858 2011 1900 in
2051 1861 2095 1901 te
2124 1858 2355 1902 transferri
2386 1860 2496 1903 citra
2527 1860 2779 1903 sollemnem
2810 1860 2923 1903 ordi-

1586 1924 1684 1955 nem
1714 1912 1882 1955 frustra
1911 1913 2172 1969 deprecaris.
2231 1913 2324 1957 ΡΡ.
2342 1914 2383 1958 lc.
2402 1915 2544 1973 April.
2566 1914 2797 1959 Gordiano
2813 1917 2864 1960 A.
2884 1927 2925 1958 ll

1587 1973 1631 2011 et
1659 1967 1771 2011 Pom
1808 1970 1938 2012 eiano
1970 1983 2112 2013 conss.
2740 1976 2794 2023 [a.
2828 1974 2924 2022 241]

1647 2022 1707 2068 15
1775 2038 1846 2086 mp
1885 2059 1892 2067 .
1946 2024 2214 2069 Valerianus
2252 2034 2294 2070 et
2327 2026 2556 2070 Gallienus
2584 2028 2673 2070 AA.
2717 2034 2759 2070 et
2800 2026 2925 2070 Valc-

1585 2079 1743 2122 rianus
1773 2094 1830 2123 no
1862 2080 2072 2124 ilissimus
2106 2080 2147 2124 C.
2181 2081 2439 2125 I'actwneio
2453 2084 2501 2125 2².
2571 2083 2769 2136 Pactum,
2811 2082 2926 2138 quod

1586 2135 1721 2178 dotali
1760 2136 2053 2180 instrumento
2092 2139 2455 2193 comprehensum
2493 2143 2580 2192 est,
2623 2145 2683 2191 ut,
2726 2140 2762 2182 si
2800 2144 2926 2193 pater

1586 2191 1674 2234 vita
1703 2191 1978 2246 fungeretur.
2022 2206 2074 2235 ex
2105 2206 2246 2248 aequa
2277 2195 2479 2250 portione
2509 2207 2560 2237 ea
2590 2208 2702 2249 quae
2732 2195 2927 2238 nubebat

1586 2260 1684 2289 cum
1724 2247 1863 2290 fratre
1905 2249 2028 2291 heres
2060 2249 2175 2304 patri
2206 2263 2284 2293 suo
2316 2257 2444 2301 esset,
2482 2263 2622 2306 neque
2652 2251 2783 2293 ullam
2815 2250 2925 2294 obli-

1584 2303 1803 2356 gationem
1843 2304 2102 2347 contrahere
2146 2318 2226 2348 nec
2270 2306 2515 2349 libertatem
2558 2306 2812 2350 testamenti
2856 2306 2921 2348 fa-

1586 2357 1729 2401 ciendi
1758 2359 1949 2402 mulieris
1979 2360 2096 2414 patri
2126 2361 2269 2416 potuit
2298 2362 2481 2405 auferre.
2541 2361 2632 2405 PP.
2652 2375 2688 2404 Χ
2714 2361 2755 2404 lc.
2783 2360 2919 2404 Mart.

1584 2413 1833 2456 Aemiliano
1865 2419 1907 2457 et
1940 2414 2085 2458 Basso
2118 2429 2259 2459 conss.
2739 2421 2793 2468 [a.
2827 2420 2922 2467 259]

1646 2466 1708 2514 16
1740 2467 1882 2526 Impp.
1924 2469 2232 2514 Diocletianus
2268 2479 2310 2514 et
2348 2471 2657 2515 Maximianus
2691 2474 2782 2514 AA.
2815 2471 2923 2514 Dia-

1618 2523 1768 2567 banco.
1844 2524 1951 2568 Cum
1994 2539 2217 2581 proponas
2268 2526 2379 2570 filios
2424 2532 2684 2570 testamento
2730 2528 2916 2582 scriptos

1618 2579 1769 2623 eredes
1809 2585 1984 2635 rogatos
2027 2593 2142 2632 esse,
2183 2586 2231 2624 ut
2262 2582 2336 2636 qui
2364 2584 2528 2638 primus
2559 2583 2690 2626 rebus
2720 2583 2920 2626 humanis

1586 2635 1871 2686 eximeretur,
1912 2636 2039 2679 alteri
2076 2637 2323 2692 portionem
2365 2638 2617 2681 hereditatis
2658 2639 2922 2690 restitueret,

1585 2691 1791 2746 quoniam
1822 2692 2066 2746 precariam
2096 2693 2447 2736 substitutionem
2486 2693 2674 2736 fratrum
2704 2707 2919 2738 consensu

1584 2746 1811 2789 remissam
1853 2747 2043 2797 adseris,
2098 2748 2425 2792 fideicommissi
2471 2749 2717 2804 persecutio
2765 2755 2922 2793 cessat.

1584 2801 1678 2844 ΡΡ.
1697 2813 1787 2844 1111
1799 2801 1856 2844 id.
1871 2802 1998 2846 Febr.
2012 2802 2218 2848 Maaetmo
2237 2816 2282 2847 II
2294 2811 2337 2848 el
2350 2806 2562 2860 Aquilino
2582 2819 2722 2848 conss.
2754 2809 2808 2857 [a.
2821 2809 2917 2857 286]

1647 2854 1705 2902 17
1750 2855 1872 2900 Idem
1913 2859 2003 2900 AA.
2038 2858 2328 2903 Deoeimaclio.
2403 2861 2611 2911 Pactum,
2650 2861 2768 2915 quod
2806 2862 2923 2904 bona

1583 2913 1668 2956 fide
1697 2913 2002 2968 interpositum
2032 2914 2284 2968 docebitur,
2326 2920 2368 2958 et
2398 2917 2434 2959 si
2465 2916 2684 2971 scriptura
2712 2929 2802 2960 non
2832 2917 2920 2959 exi-

1584 2973 1727 3012 stente
1766 2968 1862 3011 aliis
1893 2970 2227 3024 probationibus
2259 2971 2322 3014 rei
2355 2977 2506 3026 gestae
2533 2972 2692 3015 veritas
2725 2985 2921 3027 compro-

1584 3025 1682 3067 bari
1711 3030 1870 3079 potest,
1909 3038 2090 3080 praeses
2120 3027 2371 3082 provinciae
2401 3028 2641 3071 secundum
2671 3028 2740 3070 ius
2772 3034 2919 3071 custo-

1583 3080 1668 3123 diri
1699 3079 1872 3123 efficiet.
1932 3080 2025 3124 PP.
2067 3093 2185 3125 VJJJJ
2218 3081 2260 3126 lc.
2293 3082 2379 3126 Iul.
2410 3081 2615 3126 Maximo
2649 3095 2693 3125 ll
2721 3088 2765 3125 et
2783 3084 2920 3139 Aqui-

1584 3136 1676 3179 lino
1708 3148 1851 3178 conss.
2733 3141 2788 3189 [a.
2823 3142 2918 3189 286]

1646 3187 1706 3235 18
1753 3190 1878 3233 Idem
1922 3192 2011 3233 AA.
2062 3190 2179 3233 Iulio
2224 3197 2266 3234 et
2308 3193 2508 3235 Aemilio.
2593 3193 2637 3235 Si
2683 3193 2919 3237 creditores

1582 3251 1750 3289 vestros
1782 3257 1834 3288 ex
1865 3250 1991 3298 parte
2021 3246 2155 3288 debiti
2184 3246 2412 3290 admisisse
2442 3261 2702 3303 quemquam
2728 3254 2918 3293 vestrum

1582 3314 1662 3356 pro
1704 3313 1785 3343 sua
1824 3313 2014 3354 persona
2053 3302 2369 3356 persolventem
2414 3304 2724 3358 probaveritis,
2775 3305 2920 3348 aditus

1582 3361 1730 3399 rector
1772 3355 2023 3409 provinciae
2063 3370 2143 3411 pro
2187 3370 2268 3400 sua
2306 3359 2540 3413 gravitate,
2585 3372 2641 3403 ne
2682 3360 2794 3403 alter
2811 3373 2914 3459 ipre

1582 3413 1722 3454 altero
1763 3410 1981 3464 exigatur,
2050 3411 2276 3456 revidebit.
2345 3413 2439 3457 ΡΡ.
2480 3426 2552 3457 VJJ
2591 3415 2649 3458 id.
2681 3414 2779 3459 Ian.
2855 3417 2918 3458 io-

1584 3466 1774 3510 oletiano
1808 3477 1874 3508 [ΙΙ
1900 3471 1943 3509 et
2014 3467 2256 3518 ,aoeimiano
2293 3467 2385 3512 AA.
2418 3482 2560 3513 conss.
2732 3475 2786 3523 [a.
2821 3475 2917 3523 287]

1644 3518 1706 3566 ’19
1739 3519 1861 3563 Idem
1892 3521 1980 3564 AA.
2025 3521 2284 3567 Victoriana
2325 3525 2465 3568 militi.
2531 3525 2658 3568 Licet
2686 3526 2802 3570 inter
2830 3528 2919 3582 pri·

1583 3582 1707 3620 vatos
1748 3576 1997 3621 huiusmodi
2036 3578 2270 3635 scriptum,
2313 3593 2398 3635 quo
2439 3582 2835 3636 comprehenditur,
2871 3588 2919 3625 ut

1753 307 1896 350 actam
1941 318 2167 350 novercam
2209 311 2328 352 tuam
2369 322 2466 352 cum
2505 312 2629 362 patre
2680 315 2754 355 tuo
2794 312 2915 365 dicis,

2094 3719 2170 3768 (19)
2200 3721 2240 3758 et
2269 3719 2362 3759 trib.
2393 3720 2481 3771 ipsa
2509 3724 2746 3772 agnosceret
2775 3724 2815 3761 et
2844 3738 2915 3763 om.

1585 3774 1698 3822 libri,
1733 3781 2014 3825 praeterquam
2055 3775 2164 3826 quod
2191 3776 2231 3814 in
2263 3775 2338 3815 PL
2369 3777 2610 3816 adnotatur:
2649 3776 2750 3815 alias
2780 3780 2827 3816 ut
2856 3781 2918 3828 (ut

1582 3843 1657 3868 om.
1680 3828 1731 3875 P)
1762 3827 1919 3867 tributa
1946 3828 2034 3880 ipsa
2062 3834 2316 3880 agnosceret:
2347 3832 2532 3882 supplevi
2559 3847 2606 3872 ea:
2637 3833 2719 3871 loeo
2747 3835 2916 3885 yemino,

1582 3884 1653 3923 ubi
1680 3885 1872 3923 omittitur
1901 3886 1940 3923 et
1998 3886 2094 3933 rius,
2133 3895 2169 3925 et
2198 3901 2246 3924 ex
2277 3887 2361 3924 ΒΣ
2386 3883 2513 3934 (κατὰ
2541 3881 2699 3936 ruffino:
2739 3885 2812 3927 ἵνα
2841 3889 2915 3926 καὶ

1581 3935 1636 3978 τὰ
1673 3933 1862 3991 δημόσια
1901 3954 1946 3979 τε
1990 3941 2144 3994 ’σματα
2184 3935 2294 3991 αὐτὴ
2331 3941 2503 3996 ἐπιγνῷ
2541 3943 2613 3980 καὶ
2652 3944 2743 3982 τοῖς
2771 3938 2914 3982 δανει-

1579 3995 1702 4034 σταῖς
1728 4024 1739 4034 .
1757 4023 1768 4033 .
1785 4023 1795 4034 .
1826 3991 1925 4035 τοὺς
1951 3989 2102 4036 τόκους
2131 3990 2374 4051 καταβάλῃ,
2413 4012 2574 4048 quocum
2617 4001 2849 4038 conveniunt
2880 4007 2917 4038 et

1581 4051 1701 4089 index
1734 4049 1943 4091 nalelaei
1968 4052 2045 4101 (B)
2076 4060 2112 4090 et
2141 4052 2417 4091 adnotationes
2447 4052 2628 4091 eiusdem.
2699 4068 2822 4105 neque
2854 4063 2913 4093 ta-

1581 4119 1664 4143 men
1697 4119 1791 4144 casu
1822 4120 1870 4144 ea
1898 4108 2020 4146 verba
2050 4107 2245 4146 excidisse
2276 4107 2367 4146 inde
2398 4115 2580 4158 apparet,
2612 4109 2720 4159 quod
2749 4119 2786 4148 et
2799 4108 2910 4160 Epic.

1585 4161 1647 4207 11,
1665 4169 1683 4200 4
1711 4169 1748 4199 et
1771 4161 1859 4198 ΒΣ
1870 4161 1934 4211 29,
1951 4172 1985 4212 5,
2005 4170 2049 4202 26
2075 4162 2123 4201 de
2150 4162 2304 4201 tributis
2333 4169 2483 4201 tacent.-
2511 4163 2622 4201 immo
2647 4165 2820 4203 consulto
2845 4165 2911 4203 de-

1582 4215 1660 4254 leta
1689 4224 1790 4258 ,sunt
1818 4217 1869 4255 ab
1899 4217 1968 4264 iis,
2009 4218 2079 4268 qui
2115 4231 2198 4255 cum
2232 4216 2446 4256 Tkalelaeo
2479 4217 2580 4266 (ΒΣ
2605 4219 2738 4258 adnot.
2771 4216 2909 4270 Σήμε-

1580 4284 1659 4326 ρον
1682 4285 1726 4323 p.
1746 4272 1830 4320 652)
1860 4273 2112 4313 crediderunt
2143 4272 2190 4310 de
2222 4272 2377 4312 tributis
2404 4272 2603 4312 solvendis
2635 4275 2822 4313 actionem
2841 4276 2912 4313 de-

1580 4326 1804 4378 neqandam
1849 4341 1931 4367 esse
1970 4336 2136 4379 propter
2172 4327 2210 4373 4,
2252 4336 2307 4374 47,
2346 4335 2379 4375 2,
2417 4328 2581 4378 ideoque
2626 4329 2665 4367 in
2698 4329 2790 4377 fine
2835 4329 2916 4369 loci

1576 4382 1741 4432 qemini,
1787 4381 1858 4432 qui
1892 4383 1941 4422 de
1978 4383 2038 4422 lais
2079 4382 2176 4421 solis
2210 4389 2367 4429 tractat,
2403 4382 2578 4434 leyerunt
2611 4395 2693 4421 non
2718 4383 2912 4435 competit

1579 4438 1657 4484 (20)
1689 4437 1806 4488 iunye
1835 4437 1873 4486 3,
1903 4446 1960 4488 42,
1990 4446 2010 4477 4
2178 4437 2250 4485 (21)
2293 4449 2391 4488 prae
2425 4452 2501 4488 pro
2540 4448 2660 4487 super
2700 4438 2743 4477 Β
2781 4439 2909 4480 male:

1574 4491 1709 4542 prima
1739 4494 1939 4533 conventio
1971 4507 2016 4532 ea
2047 4501 2113 4539 est,
2146 4506 2247 4543 quae
2268 4502 2427 4544 pactum
2451 4493 2498 4531 de
2516 4506 2592 4530 non
2604 4494 2775 4543 petendo
2785 4509 2907 4548 prae-

1578 4547 1695 4587 cessit
1805 4546 1885 4599 (22)
1912 4547 2142 4599 pactumeio
2173 4548 2278 4596 dett,
2308 4563 2380 4588 om.
2414 4547 2508 4586 libri
2535 4548 2629 4588 boni
