3054 4796
153 164 238 207 DE*
260 162 735 204 PRAESCRIPTIONE
769 162 886 201 XXX

150 297 434 401 &roprietatis
484 304 665 346 nostrae
713 296 986 362 privilegium
1046 299 1223 346 abolere
1276 306 1441 360 poterit
1457 308 1486 350 ¹.

196 391 204 400 .
244 366 271 398 ν
303 354 345 399 lc.
377 356 521 414 April.
556 354 945 414 Constantinopoli
976 356 1172 402 Arcadio
1206 371 1294 403 1111
1320 367 1364 406 et
1393 361 1488 405 Ho-

149 411 281 456 norio
315 423 382 455 11!
408 414 500 456 AA.
534 427 676 458 conss.
1300 420 1354 470 [a.
1388 421 1485 471 396]

663 582 981 631 XXXVIIII.²

149 666 224 705 DE
261 665 746 707 PRAESCRIPTIONE
777 663 907 705 XXX
939 665 1051 706 VEL
1086 667 1162 707 XL
1193 668 1482 710 ANNORUM.

207 746 229 793 1
267 746 335 791 Im-
364 762 412 805 p.
446 747 756 792 Diocletianus
791 751 835 791 et
864 746 1174 793 Maximianus
1204 752 1295 794 AA.
1327 751 1485 796 Arria-

147 817 244 848 nae.
354 817 428 846 um
474 803 706 847 adseveras
749 807 793 846 te
838 803 1020 847 absente
1067 818 1159 859 eos,
1215 807 1289 861 qui
1334 806 1485 850 oculos

146 858 338 915 praediis
368 860 456 902 tuis
486 860 803 915 imposuerant,
837 873 1015 915 operam
1047 862 1233 914 dedisse,
1266 868 1316 906 ut
1346 875 1483 905 anno-

146 915 298 958 nariae
353 915 600 959 collationis
654 919 887 970 praetextu
930 917 1004 960 vili
1048 919 1189 973 pretio
1237 920 1291 961 ab
1337 917 1483 962 officio

143 971 381 1025 praesidali
431 970 615 1026 praedia
667 974 745 1013 tua
788 971 1159 1028 distraherentur,
1217 975 1254 1017 si
1306 973 1485 1029 legitimi

143 1027 353 1082 temporis
384 1027 575 1082 spatium
605 1039 660 1070 ex
689 1027 952 1072 venditionis
982 1030 1050 1072 die
1085 1030 1236 1082 fluxit,
1277 1031 1351 1086 qui
1381 1042 1483 1085 pro-

142 1082 330 1125 vinciam
369 1083 480 1136 regit
518 1082 636 1127 inter
665 1096 741 1127 vos
775 1089 1010 1139 cognoscet
1040 1089 1103 1138 et,
1147 1086 1266 1141 quod
1304 1085 1482 1142 publico

148 1142 162 1180 1
226 1138 353 1182 iure³
413 1138 703 1194 raescriptum
735 1145 823 1193 est,
864 1145 1042 1185 statuet.
1113 1143 1160 1185 Si
1197 1147 1345 1185 autem
1372 1154 1483 1184 non-

143 1193 246 1236 dum
285 1206 340 1237 ex
408 1193 448 1237 ie
487 1195 695 1249 publicae
731 1196 990 1241 venditionis
1031 1198 1270 1252 legitimum
1309 1202 1482 1252 tempus

141 1249 447 1293 transmissum
477 1251 545 1304 sit,
578 1250 709 1295 iudex
734 1253 991 1298 examinatis
1019 1253 1368 1309 adlegationibus
1395 1252 1483 1296 tuis

141 1304 260 1361 quod
298 1306 363 1349 rei
403 1306 595 1361 qualitas
633 1307 862 1351 dictaverit
898 1313 1129 1365 sequetur,
1170 1323 1259 1353 non
1289 1309 1482 1364 ignarus,

139 1363 178 1404 si
218 1360 430 1405 iniustam
475 1375 571 1407 esse
614 1364 879 1419 emptionem
930 1366 1228 1421 perspexerit,
1281 1365 1483 1421 pretium,

139 1417 258 1472 quod
302 1431 383 1473 pro
428 1419 583 1463 vitioso
630 1425 862 1464 contractu
907 1421 1059 1465 datum
1104 1424 1191 1475 est,
1241 1421 1485 1465 secundum

138 1472 451 1529 principalium
490 1478 757 1520 statutorum
791 1480 988 1521 tenorem
1018 1478 1133 1521 mala
1161 1476 1246 1520 fide
1278 1476 1484 1533 emptori-

139 1530 223 1572 bus
251 1530 426 1574 testitui
457 1545 546 1575 non
578 1537 795 1588 oportere.

196 1583 227 1630 2
259 1585 406 1644 Impp.
451 1586 794 1632 Valentinianus
832 1593 877 1632 et
916 1587 1081 1631 Valens
1114 1588 1206 1631 ΑΑ.
1249 1587 1310 1631 ad
1350 1587 1485 1632 Volu-

137 1641 315 1685 sianum
337 1657 420 1700 pu.
480 1643 600 1688 Male
629 1645 774 1699 agitur
805 1644 935 1688 cum⁴
970 1643 1156 1687 dominis
1186 1644 1483 1699 praediorum,

138 1697 177 1740 si
214 1702 340 1741 tanta.
378 1700 584 1754 precario
623 1699 951 1755 possidentibus
992 1699 1300 1755 praerogativa
1341 1699 1484 1743 defer-

137 1756 233 1806 tur,
270 1759 322 1797 ut
361 1768 436 1799 eos
475 1758 579 1811 post
617 1755 911 1811 quadraginta
949 1767 1168 1798 annorum
1199 1755 1346 1810 spatia
1376 1768 1484 1810 qua-

136 1810 245 1853 libet
272 1809 446 1854 ratione
475 1811 664 1854 decursa
693 1811 940 1865 inquietare
970 1824 1060 1854 non
1089 1810 1243 1863 liceat,
1285 1824 1385 1855 cum
1414 1811 1486 1854 lex

138 1865 537 1910 Constantiniana-⁵
573 1866 725 1909 iubeat
764 1867 819 1909 ab
860 1866 930 1910 his
973 1866 1268 1922 possessionis
1311 1866 1486 1910 initium

136 1934 227 1965 non
255 1921 432 1977 requiri,
464 1921 541 1977 qui
569 1922 654 1966 sibi
682 1922 832 1977 potius
863 1934 995 1977 quam
1019 1921 1150 1966 alteri
1174 1923 1483 1977 possederunt,

137 1989 213 2021 eos
255 1983 404 2021 autem
442 1990 723 2033 possessores
763 1991 851 2021 non
886 1978 1090 2022 convenit
1127 1978 1368 2034 appellari,
1410 1977 1486 2033 qui

134 2032 199 2077 ita
228 2037 405 2087 tenent,
446 2038 498 2077 ut
537 2034 594 2078 ob
635 2034 721 2077 hoc
751 2034 897 2089 ipsum
927 2033 1103 2078 solitam
1134 2034 1325 2078 debeant
1353 2046 1484 2091 prae-

142 2093 156 2132 1
220 2091 340 2134 stare
367 2089 626 2134 mercedem.
685 2090 826 2134 Nemo
857 2090 1013 2145 igitur,
1047 2090 1122 2146 qui
1152 2091 1209 2133 ad
1237 2089 1483 2147 possessio-

134 2157 236 2189 nem
276 2145 521 2190 conductor
551 2145 744 2198 accedit,
787 2146 863 2190 diu
896 2146 1065 2190 alienas
1094 2159 1164 2190 res
1194 2146 1383 2191 tenendo
1414 2146 1484 2190 ius

136 2201 222 2245 sibi
259 2201 548 2258 proprietatis
587 2206 794 2258 usurpet,
843 2215 899 2246 ne
945 2207 1162 2257 cogantur
1201 2202 1368 2248 domini
1406 2207 1485 2246 aut

136 2257 339 2302 amittere
368 2258 487 2314 quod
514 2258 777 2303 locaverunt
805 2263 884 2302 aut
915 2259 1208 2303 conductores
1237 2259 1370 2303 utiles
1401 2259 1485 2303 sibi

135 2313 342 2358 fortassis
381 2314 617 2358 excludere
653 2319 732 2358 aut
767 2315 896 2359 annis
936 2315 1141 2359 omnibus
1182 2327 1316 2371 super
1345 2315 1482 2359 domi-

136 2369 209 2413 nio
250 2382 333 2414 suo
370 2370 551 2426 publice
589 2370 845 2426 protestari.
915 2370 969 2414 D.
1011 2382 1128 2414 VIIII
1161 2370 1205 2414 lc.
1237 2372 1351 2429 Auq.
1395 2370 1482 2415 Va-

141 2425 389 2469 lentiniano
419 2431 464 2471 et
504 2426 691 2471 Valente
719 2426 814 2470 ΛΑ.
847 2439 990 2470 conss.
1294 2431 1349 2478 [a.
1384 2430 1481 2479 365]

194 2479 224 2528 3
254 2480 423 2540 ‘'Impp.
456 2481 694 2526 Honorius
723 2487 769 2526 et
799 2481 1078 2526 Theodosius
1107 2482 1222 2525 ΑΛ.7
1252 2481 1482 2540 Asclepio-

136 2537 245 2582 doto
277 2552 361 2596 pp.
431 2537 558 2582 Sicut
592 2538 638 2581 in
677 2550 772 2582 rem
808 2537 1045 2594 speciales,
1084 2538 1150 2582 ita
1186 2537 1241 2581 de
1269 2537 1483 2582 universi-

136 2598 228 2637 tate
265 2606 318 2637 ac
354 2595 613 2649 personales
650 2594 850 2638 actiones
886 2594 1006 2638 ultra
1046 2593 1227 2649 triginta
1266 2607 1483 2638 annorum

137 2649 329 2705 spatium
366 2650 545 2694 minime
582 2650 920 2706 protendantur.
990 2650 1068 2695 sed
1105 2650 1141 2694 si
1179 2663 1268 2706 qua
1302 2662 1374 2695 res
1415 2651 1485 2694 vel

136 2706 205 2749 ius
230 2705 407 2761 aliquod
421 2707 672 2762 postuletur
686 2707 755 2751 vel
774 2719 965 2762 persona
981 2705 1292 2763 qualicumque
1308 2706 1483 2751 actione

135 2761 205 2806 vel
242 2762 550 2818 persecutione
585 2763 813 2818 pulsetur,
858 2762 995 2806 nihilo
1034 2762 1179 2806 minus
1215 2762 1300 2806 erit
1335 2762 1484 2817 agenti

136 2818 317 2872 triginta
340 2830 557 2863 annorum
575 2819 871 2874 praescriptio
889 2817 1145 2862 metuenda:
1172 2818 1327 2862 eodem
1349 2818 1483 2862 etiam

135 2874 181 2917 in
211 2873 305 2917 eius
334 2874 506 2918 valente
536 2887 747 2930 persona,
789 2874 864 2930 qui
900 2874 1059 2930 pignus
1089 2874 1157 2918 vel
1187 2874 1483 2931 hypothecam

135 2943 225 2973 non
264 2942 292 2974 a
329 2942 410 2974 suo
449 2931 667 2985 debitore,
708 2931 786 2975 sed
822 2931 879 2974 ab
919 2931 1005 2974 alio
1046 2943 1126 2986 per
1164 2931 1342 2986 longum
1372 2935 1481 2974 tem-

139 2991 158 3029 1
219 2990 335 3042 pus⁸
385 2987 638 3042 possidente
687 2987 846 3031 nititur
897 2987 1134 3030 vindicare.
1209 2986 1332 3042 Quae
1379 3000 1481 3043 ergo

136 3046 238 3085 ante
267 3055 356 3085 non
384 3047 531 3086 motae
560 3046 667 3087 sunt
694 3043 906 3095 actiones,
938 3043 1121 3098 triginta
1146 3055 1361 3087 annorum
1391 3042 1484 3098 iugi

137 3098 335 3150 silentio,
378 3111 433 3141 ex
471 3112 557 3153 quo
597 3103 845 3154 competere
883 3099 982 3143 iure
1012 3103 1273 3155 coeperunt,
1311 3099 1485 3143 vivendi

136 3153 324 3197 ulterius
363 3167 453 3196 non
490 3155 686 3198 habeant
714 3154 986 3198 facultatem.
1045 3168 1129 3199 nec
1159 3154 1355 3199 sufficiat
1381 3168 1483 3211 pre-

139 3209 265 3251 cibus
308 3209 467 3252 oblatis
512 3209 703 3263 speciale
743 3209 988 3264 quoddam,
1027 3210 1132 3254 licet
1174 3223 1257 3265 per
1294 3211 1481 3255 adnota-

137 3264 326 3316 tionem,
367 3265 665 3319 promeruisse
702 3277 988 3319 responsum‚
1027 3266 1097 3308 vel
1135 3267 1266 3309 etiam
1310 3266 1482 3310 iudiciis

137 3320 381 3375 adlegasse‚
421 3320 507 3363 nisi
546 3320 748 3375 adlegato
780 3332 908 3364 sacro
939 3320 1156 3375 rescripto
1187 3325 1266 3363 aut
1294 3321 1341 3364 in
1368 3321 1483 3365 iudi-

140 3376 208 3419 cio
248 3376 548 3431 postulatione
588 3375 788 3431 deposita
828 3375 963 3419 fuerit
1001 3376 1242 3420 subsecuta
1283 3389 1365 3431 per
1408 3389 1483 3420 ex-

142 3436 196 3475 1α
264 3432 544 3476 secutorem⁹
588 3432 836 3475 conventio.
909 3431 1012 3475 Non
1055 3444 1188 3476 sexus
1229 3431 1482 3487 fragilitate,

137 3500 229 3532 non
259 3488 483 3540 absentia,
524 3501 615 3532 non
645 3487 802 3531 militia
831 3491 988 3532 contra
1017 3488 1134 3531 hanc
1163 3488 1302 3543 legem
1331 3487 1482 3532 defen·

139 3543 297 3598 denda,
328 3543 406 3588 sed
434 3543 643 3600 pupillari
673 3546 819 3588 aetate
849 3544 1094 3598 dumtaxat,
1126 3543 1321 3600 quamvis
1335 3543 1371 3570 ¹⁰
1399 3544 1481 3588 sub

138 3599 302 3644 tutoris
325 3599 580 3643 defensione
604 3599 808 3644 consistit
822 3600 985 3650 ¹²‚l1uic
1001 3599 1231 3643 eximenda
1246 3599 1480 3644 sanctioni.

138 3668 243 3698 nam
282 3668 383 3700 cum
422 3655 479 3699 ad
508 3668 584 3700 eos
617 3668 756 3699 annos
795 3656 1067 3712 pervenerit,
1108 3655 1183 3712 qui
1222 3656 1281 3699 ad
1319 3655 1482 3699 sollici·

138 3711 334 3755 tudinem
373 3711 598 3768 pertinent
634 3712 877 3764 curatoris,
920 3712 1172 3757 necessario
1212 3712 1274 3756 eis
1291 3712 1326 3738 ¹2
1364 3710 1482 3755 simi-

138 3767 239 3811 liter
282 3771 334 3810 ut
375 3767 474 3810 aliis
517 3780 732 3811 annorum
774 3767 957 3824 triginta
997 3768 1229 3812 intervalla
1271 3766 1485 3811 servanda

142 3827 165 3866 2
224 3827 341 3867 sunt.
400 3823 498 3866 Hae
538 3827 685 3867 autem
723 3824 921 3868 actiones
961 3824 1089 3868 annis
1127 3824 1310 3879 triginta
1341 3822 1482 3867 conti·

140 3878 240 3923 nuis
271 3879 608 3933 extinguantur,
647 3892 760 3934 quae
796 3883 1039 3935 perpetuae
1067 3879 1354 3932 videbantur,
1394 3891 1484 3922 non

141 3939 166 3979 3
204 3934 319 3988 illae,
345 3947 458 3989 quae
480 3934 722 3990 antiquitus
736 3936 771 3962 ¹³
789 3936 1063 3991 temporibus
1077 3936 1336 3979 limitantur.
1376 3935 1486 3978 Post

139 3990 260 4035 hanc
287 4003 391 4034 vero
427 3991 638 4046 temporis
676 3989 974 4036 definitionem
1003 3992 1113 4035 nulli
1142 3990 1342 4036 movendi
1371 3990 1483 4034 ulte-

141 4132 193 4182 (1)
235 4133 464 4184 potuerunt
521 4132 595 4172 ΤΙι.
642 4146 726 4171 cum
776 4131 801 4171 l.
841 4146 964 4184 yem„
1017 4126 1223 4185 ἠδυνήθη
1262 4133 1308 4174 Β
1345 4133 1401 4182 (κ.
1418 4133 1483 4182 π.)

142 4187 198 4239 (2)
223 4189 266 4229 Β
293 4191 360 4238 50,
388 4196 427 4229 14
498 4186 553 4238 (3)
579 4187 671 4227 iure
695 4186 750 4235 R,
780 4186 866 4227 iuri
901 4187 937 4229 Ο
1023 4187 1076 4239 (4)
1107 4200 1200 4228 cum
1235 4189 1278 4239 C,
1309 4203 1381 4229 om.
1405 4187 1484 4228 PR

142 4243 198 4295 (5)
228 4244 460 4296 particulae
497 4243 613 4283 huius
649 4243 942 4283 constitutionis
983 4244 1169 4285 videntur
1205 4252 1342 4285 extare
1372 4245 1412 4284 in
1445 4245 1483 4293 3,

144 4306 174 4347 1,
206 4306 240 4341 8.
271 4301 311 4350 7,
342 4307 399 4351 22,
432 4308 466 4351 3,
497 4300 578 4339 nisi
605 4313 675 4338 eae
705 4312 790 4338 eum
818 4298 1067 4352 Gotkofredo
1098 4301 1156 4340 ad
1186 4299 1260 4340 ΤΙι.
1296 4301 1358 4352 13,
1383 4307 1438 4350 10,
1464 4307 1484 4338 2

142 4355 274 4406 potius
302 4355 464 4396 Licinio
496 4354 787 4395 adscribendae
816 4355 897 4393 sint
1015 4354 1071 4406 (6)
1100 4375 1157 4390 =
1190 4355 1262 4396 Th.
1294 4358 1334 4406 4,
1364 4363 1416 4405 14,
1445 4363 1483 4396 1:

145 4409 264 4462 iunqe
298 4410 371 4450 Th.
401 4412 441 4462 2,
472 4419 526 4460 12,
558 4419 575 4451 Ἰ
690 4409 744 4461 (7)
774 4408 878 4461 Imp.
908 4408 1164 4450 Theodosius
1191 4411 1242 4451 A.
1273 4419 1376 4452 recte
1411 4410 1484 4450 ΤΙι.

147 4463 203 4514 18)
232 4476 307 4515 per
334 4463 362 4504 l.
393 4467 554 4519 tempus
584 4481 657 4507 om.
692 4465 780 4516 ΤΙι.,
815 4473 970 4505 tuentur
1001 4466 1043 4505 B
1074 4467 1212 4518 (met.)
1325 4466 1382 4518 (9)
1411 4477 1486 4518 per

146 4522 421 4561 exsecutorem
453 4538 524 4562 om.
562 4522 635 4562 Th.
665 4529 806 4563 eontra
836 4521 879 4560 B
910 4521 967 4571 (κ.
982 4523 1048 4571 π.)
1177 4521 1255 4573 (10)
1286 4520 1485 4573 quamdiu

151 4573 224 4614 Th.
255 4583 392 4617 eontra
424 4577 466 4617 Β
497 4578 552 4628 (κ.
571 4576 635 4627 π.)
759 4577 828 4627 (11)
858 4578 916 4616 sic
946 4577 987 4616 P
1018 4577 1087 4616 ΤΙι.
1124 4577 1166 4617 Β
1195 4579 1355 4628 (mm),
1388 4588 1485 4616 con·

146 4628 256 4669 stitit
290 4630 362 4671 CR
474 4633 549 4683 (12)
582 4632 619 4673 ei
656 4633 748 4683 ΤΙι.,
787 4627 934 4672 αὐτοῖς
962 4631 1008 4671 Β
1038 4635 1160 4685 (κατ.)
1274 4633 1348 4684 (13)
1377 4631 1484 4671 anti-

1478 148 1575 210 311

2587 157 2683 209 VII
2720 158 2801 216 38.
2841 158 2906 208 39

1570 305 1661 350 rius
1707 305 1965 353 facultatem
2007 308 2160 362 patere
2205 319 2457 358 censemus,
2505 309 2674 354 etiamsi
2714 322 2761 354 se
2800 309 2907 366 legis

1570 362 1818 436 ignorantia
1847 373 2060 406 excusare
2089 364 2381 418 temptaverit.
2436 363 2491 409 D.
2524 378 2658 409 XVIII
2670 367 2704 393 ¹⁴
2732 365 2775 410 lc.
2803 365 2906 409 Dee.

1574 417 1966 476 Constantinopoli
2006 416 2185 463 Victore
2215 432 2334 463 cons.
2717 425 2777 475 [a.
2810 425 2906 472 424]

1626 473 1658 519 4
1704 472 1854 532 ¹⁵Imp.
1886 473 2159 517 Anastasius
2197 476 2247 518 A.
2280 474 2574 521 Matroniano
2604 491 2686 534 pp.
2747 476 2907 521 Omnes

1569 529 1758 573 nocendi
1795 529 2062 585 quibuslibet
2101 530 2240 574 modis
2281 536 2399 575 artes
2440 532 2641 576 omnibus
2677 535 2908 587 amputan-

1568 589 1634 628 tes
1666 588 1850 629 cunctas
1883 586 2056 641 quidem
2086 587 2348 641 temporales
2378 587 2676 642 exceptiones,
2713 598 2827 641 quae
2856 600 2910 630 ex

1569 644 1716 684 vetere
1770 641 1865 684 iure
1908 641 1977 685 vel
2029 641 2172 697 princi
2206 643 2348 686 alibus
2393 642 2578 685 decretis
2624 641 2909 693 descendunt,

1569 699 1792 750 tamquam
1833 696 1871 740 si
1909 709 1988 752 per
2023 697 2141 740 hanc
2195 710 2315 752 egem
2345 697 2597 753 specialiter
2627 708 2681 739 ac
2711 696 2908 738 nomina-

1568 751 1646 793 tim
1676 750 1865 794 fuissent
1893 757 2195 805 enumeratae,
2240 766 2339 796 cum
2378 765 2459 795 suo
2490 751 2650 794 robore
2681 750 2839 793 durare
2868 756 2912 793 et

1570 818 1698 848 suum
1742 807 1935 858 cunctis,
1980 808 2140 861 quibus
2186 811 2442 862 competunt
2485 806 2554 849 vel
2597 806 2642 848 in
2684 810 2910 860 posterum

1570 865 1821 925 competere
1850 862 2090 912 valuerint,
2130 875 2211 916 pro
2248 875 2329 905 suo
2360 861 2564 904 videlicet
2601 865 2754 904 tenore
2784 873 2911 916 prae-

1573 921 1588 959 1
1653 915 1812 960 sidium
1841 915 1887 959 in
1917 920 2183 971 perpetuum
2212 917 2384 959 deferre
2415 916 2705 959 decernimus.
2776 916 2911 971 Quid-

1568 971 1673 1026 quid
1702 976 1851 1015 autem
1881 971 2220 1026 praeteritarum
2249 971 2651 1027 praescriptionum
2675 972 2742 1015 vel
2768 971 2912 1015 verbis

1567 1028 1636 1071 vel
1675 1027 1878 1071 sensibus
1919 1027 2062 1070 minus
2103 1026 2376 1080 continetur,
2415 1026 2649 1082 implentes
2690 1040 2769 1083 per
2798 1028 2912 1071 hanc

1567 1083 1614 1127 in
1644 1087 1907 1139 perpetuum
1936 1083 2169 1127 valituram
2197 1084 2337 1138 legem
2367 1083 2604 1135 sancimus,
2645 1089 2706 1138 ut,
2749 1083 2787 1127 si
2817 1085 2912 1138 quis

1570 1142 1848 1193 contractus,
1890 1140 1927 1183 si
1957 1151 2045 1194 qua
2075 1139 2211 1193 actio,
2252 1151 2387 1195 quae,
2431 1152 2531 1182 cum
2571 1152 2662 1183 non
2691 1144 2808 1184 esset
2837 1153 2912 1184 ex-

1567 1195 1755 1251 pressim
1774 1196 1807 1221 ¹⁰
1847 1207 1980 1251 saepe
2020 1195 2149 1239 dictis
2187 1195 2507 1251 temporalibus
2550 1195 2913 1262 praescriptioni-

1568 1253 1652 1295 bus
1692 1256 1929 1307 concepta,
1971 1251 2248 1307 quorundam
2287 1256 2434 1295 tamen
2473 1251 2592 1295 vel¹⁷
2630 1251 2818 1296 fortuita
2847 1253 2914 1296 vel

1569 1307 1820 1363 excogitata
1858 1307 2222 1364 interpretatione
2263 1320 2338 1351 sae
2372 1320 2396 1352 e
2434 1307 2654 1352 dictarum
2688 1309 2913 1365 exceptio-

1568 1376 1674 1407 num
1703 1364 1885 1419 laqueos
1917 1363 2101 1408 evadere
2131 1376 2264 1419 posse
2292 1364 2334 1408 vi
2368 1366 2509 1416 eatur,
2539 1364 2644 1409 huic
2674 1365 2912 1410 saluberri-

1568 1432 1667 1463 mae
1718 1424 1898 1463 nostrae
1950 1419 2169 1464 sanctioni
2221 1420 2484 1465 succumbat
2534 1422 2578 1464 et
2621 1420 2915 1477 quadraginta

1571 1475 1804 1520 curriculis
1842 1488 2058 1520 annorum
2096 1476 2253 1532 procul
2292 1475 2428 1520 dubio
2459 1477 2679 1532 sopiatur,
2722 1478 2911 1521 nullum-

1570 1545 1655 1587 que
1684 1532 1753 1575 ius
1784 1532 2001 1588 privatum
2032 1532 2100 1576 vel
2137 1532 2365 1588 publicum
2393 1532 2438 1576 in
2470 1545 2747 1589 quacumque
2778 1546 2915 1577 causa

1568 1587 1615 1630 in
1646 1600 1924 1643 quacumque
1953 1600 2164 1643 persona,
2205 1588 2323 1644 quod
2361 1589 2691 1644 praedictorum
2722 1589 2912 1645 quadra-

1567 1643 1692 1697 ginta
1722 1656 1941 1687 annorum
1972 1645 2216 1688 extinctum
2246 1648 2314 1689 est
2336 1644 2427 1699 iugi
2452 1644 2639 1699 silentio,
2669 1650 2911 1690 moveatur.

1571 1703 1594 1741 2
1654 1699 1741 1743 Sed
1785 1700 2050 1754 quicumque
2093 1712 2229 1755 super
2268 1700 2465 1756 quolibet
2501 1700 2620 1755 iure,
2675 1701 2792 1756 quod
2836 1715 2915 1759 per

1568 1758 1860 1801 memoratum
1899 1760 2073 1811 tempus
2112 1756 2430 1801 inconcussum
2470 1759 2562 1800 et¹⁸
2604 1757 2698 1801 sine
2738 1757 2830 1801 ulla
2867 1771 2916 1802 re

1567 1809 1669 1865 ipsa
1705 1811 1830 1853 illata
1865 1810 2097 1854 iudiciaria
2128 1811 2419 1855 conventione
2446 1813 2655 1868 possedit,
2695 1825 2915 1869 superque

1569 1878 1652 1914 sua
1691 1865 1974 1918 condicione,
2016 1878 2104 1921 qua
2142 1879 2222 1922 per
2257 1866 2374 1910 idem
2411 1869 2588 1922 tempus
2627 1868 2795 1923 absque
2824 1869 2916 1913 ulla

1567 1920 1767 1966 iudiciali
1807 1921 2029 1965 sententia
2065 1922 2194 1966 simili
2234 1921 2477 1966 munitione
2515 1923 2682 1978 potitus
2727 1929 2818 1976 est,
2859 1925 2917 1968 sit

1567 1977 1682 2021 liber
1711 1980 1756 2021 et
1782 1977 2033 2033 praesentis
2065 1978 2384 2022 saluberrimae
2408 1978 2515 2034 legis
2541 1979 2796 2034 plenissima
2819 1993 2914 2024 mu-

1568 2032 1737 2077 nitione
1774 2045 1974 2078 securus.
2035 2032 2089 2078 D.
2123 2034 2261 2077 JJJJ¹⁹
2299 2033 2341 2078 lc.
2372 2035 2488 2093 Auq.
2524 2035 2917 2094 Constantinopoli

1572 2088 1629 2134 Ol
1660 2088 1759 2134 brio
1790 2103 1912 2134 cons.
2726 2096 2783 2145 [a.
2816 2095 2914 2145 491]

1690 2144 1857 2190 2⁰Idem
1872 2146 1923 2191 A.
1950 2146 2013 2190 ad
2029 2144 2242 2190 Tkomam
2270 2160 2348 2204 pp.
2371 2161 2462 2204 per
2487 2145 2734 2204 Illyricum.
2780 2149 2915 2193 Prae-

1568 2201 1855 2258 scriptionem
1900 2201 2196 2258 quadraginta
2241 2215 2458 2247 annorum
2502 2203 2559 2246 ab
2604 2203 2694 2259 his,
2740 2205 2816 2261 qui
2860 2205 2917 2249 ad

1569 2258 1781 2303 curialem
1826 2258 2130 2303 condicionem
2172 2262 2410 2312 vocantur,
2459 2260 2624 2316 opponi
2666 2273 2757 2304 non
2799 2262 2915 2317 pati-

1568 2327 1690 2367 mur,
1734 2313 1813 2358 sed
1854 2314 2094 2370 genitalem
2137 2318 2304 2359 statum
2343 2328 2518 2371 semper
2559 2328 2634 2359 eos
2675 2329 2916 2372 agnoscere

1568 2369 1773 2426 compelli
1816 2371 2054 2414 sancimus.
2128 2383 2261 2414 sacra
2303 2371 2464 2414 etenim
2507 2375 2688 2416 nostrae
2735 2373 2914 2427 pietatis

1566 2426 1638 2469 lex
1651 2426 1688 2452 2¹
1728 2425 1784 2469 de
1823 2425 1922 2469 aliis
1962 2425 2158 2481 loquitur
2195 2425 2528 2470 condicionibus
2567 2439 2651 2471 nec
2680 2428 2913 2472 anteriori-

1569 2482 1651 2526 bus
1707 2481 2099 2525 constitutionibus
2152 2494 2234 2536 per
2284 2481 2467 2525 eandem
2516 2483 2733 2527 novellam
2774 2484 2913 2539 legem

1567 2537 1826 2592 derogatur,
1876 2549 1990 2593 quae
2028 2537 2384 2581 manifestissime
2428 2539 2618 2583 curiales
2663 2542 2709 2584 et
2750 2540 2913 2587 liberos

1568 2606 1720 2637 eorum
1760 2593 1955 2650 explosis
1993 2593 2313 2650 temporalibus
2362 2594 2789 2651 praescriptionibus
2834 2609 2912 2653 pa-

1567 2649 1663 2693 triis
1695 2649 1787 2694 suis
1817 2649 1942 2692 reddi
1945 2650 2251 2748 iiraecipiunt
2262 2650 2315 2694 ²².

1626 2703 1656 2752 6
1688 2705 1813 2749 Idem
1852 2706 1903 2749 A.
1985 2706 2136 2750 eontio
2166 2720 2249 2764 pp.
2311 2705 2536 2762 Comperit
2564 2711 2719 2751 nostra
2748 2709 2914 2753 sereni-

1567 2766 1637 2806 tas
1677 2760 1891 2817 quosdam
1930 2760 2278 2805 sacratissimam
2291 2762 2331 2788 2³
2373 2764 2553 2805 nostrae
2591 2763 2769 2818 pietatis
2810 2777 2914 2808 con-

1567 2818 1862 2870 stitutionem,
1903 2829 2017 2873 quae
2055 2817 2110 2861 de
2148 2829 2366 2861 annorum
2403 2817 2694 2874 quadraginta
2723 2820 2917 2875 loquitur

1566 2873 1942 2929 praescriptione,
1993 2873 2051 2917 ad
2094 2873 2414 2929 praeiudicium
2457 2874 2590 2918 etiam
2635 2875 2916 2931 publicarum

1567 2930 1845 2974 functionum
1890 2929 2122 2973 solutionis
2161 2930 2338 2974 trahere
2379 2931 2530 2973 conari
2569 2934 2633 2985 et,
2679 2931 2717 2975 si
2760 2931 2867 2987 quid
2879 2934 2915 2958 ²⁴

1567 2999 1649 3043 per
1685 2985 1802 3029 tanti
1829 2986 1898 3029 vel
1936 2985 2165 3041 amplioris
2202 2985 2411 3041 temporis
2440 2986 2613 3041 lapsum
2642 2986 2819 3030 minime
2848 2988 2915 3031 vel

1568 3041 1714 3086 minus
1756 3055 1887 3097 quam
1926 3045 2189 3097 oportuerat
2222 3042 2487 3084 tributorum
2517 3041 2693 3085 nomine
2722 3042 2914 3086 solutum

1569 3101 1650 3151 est,
1680 3111 1769 3142 non
1798 3110 1930 3152 posse
1960 3097 2125 3152 requiri
2151 3109 2230 3141 seu
2254 3096 2476 3152 profligari
2503 3096 2781 3151 contendere,
2813 3110 2914 3141 cum

1568 3153 1822 3198 huiusmodi
1853 3166 2065 3198 conamen
2095 3152 2452 3196 manifestissime
2482 3152 2632 3196 sensui
2660 3152 2913 3251 proposito-

1575 3215 1589 3253 1
1665 3221 1749 3264 que
1801 3213 1980 3252 nostrae
2032 3209 2139 3263 legis
2193 3207 2372 3251 obviare
2419 3212 2646 3252 noscatur.
2718 3208 2740 3251 Ι
2771 3221 2913 3265 eoque

1567 3266 1772 3310 iubemus
1802 3276 1899 3317 eos,
1931 3264 2005 3319 qui
2033 3276 2126 3307 rem
2156 3263 2348 3318 aliquam
2375 3276 2458 3328 per
2489 3264 2744 3307 continuum
2773 3277 2912 3309 anno·

1568 3335 1665 3365 rum
1705 3319 1995 3376 quadraginta
2036 3318 2305 3362 curriculum
2350 3331 2444 3363 sine
2487 3319 2678 3376 quadam
2721 3319 2915 3376 legitima

1565 3375 1920 3432 interpellatione
1961 3374 2281 3431 possederunt,
2327 3374 2382 3419 de
2421 3375 2703 3430 possessione
2738 3377 2913 3433 quidem

1566 3433 1630 3476 rei
1677 3444 1756 3475 seu
1804 3431 1995 3474 dominio
2050 3442 2329 3486 nequaquam
2381 3431 2617 3486 removeri,
2662 3431 2911 3476 functiones

1567 3492 1715 3531 autem
1740 3499 1819 3530 seu
1836 3487 2012 3529 civilem
2047 3499 2261 3530 canonem
2275 3486 2344 3530 vel
2368 3486 2498 3530 aliam
2521 3487 2743 3543 quandam
2766 3488 2911 3544 publi-

1569 3556 1665 3588 cam
1705 3542 1983 3586 collationem
2011 3542 2264 3598 impositam
2294 3542 2386 3586 ei²⁵
2425 3543 2676 3599 dependere
2710 3544 2913 3600 compelli

1567 3612 1651 3643 nec
1689 3597 1794 3641 huic
1830 3598 1948 3653 parti
1988 3598 2307 3655 cuiuscumque
2345 3599 2555 3655 temporis
2597 3600 2911 3656 praescriptio-

1567 3667 1667 3699 nem
1696 3654 1947 3709 oppositam
1975 3653 2164 3698 admitti.

1626 3708 1655 3756 7
1690 3709 1805 3766 Imp.
1837 3707 2042 3754 Iustinus
2070 3711 2122 3754 Α.
2154 3709 2377 3755 Archelao
2402 3724 2483 3768 pp.
2555 3710 2664 3753 Cum
2693 3709 2911 3753 notissimi

1566 3765 1676 3810 iuris
1716 3765 1775 3810 sit
1812 3766 2031 3809 actionem
2070 3765 2435 3822 hypothecariam
2473 3766 2520 3808 in
2551 3770 2783 3809 extraneos
2814 3764 2908 3819 qui-

1568 3822 1666 3866 dem
1697 3821 1955 3878 suppositae
1985 3821 2049 3864 rei
2078 3821 2327 3866 detentores
2349 3834 2568 3865 annorum
2591 3820 2770 3875 triginta
2793 3819 2911 3863 finiri

1567 3877 1744 3933 spatiis,
1785 3877 1823 3921 si
1861 3890 1951 3921 non
1989 3878 2284 3944 interruptum
2323 3876 2408 3920 erit
2446 3876 2687 3927 silentium,
2727 3879 2779 3941 ut
2815 3875 2910 3930 lege

1568 3935 1749 3977 cautum
1788 3936 1879 3985 est,
1917 3932 1964 3976 id
2002 3937 2071 3977 est
2110 3938 2242 3977 etlam
2279 3946 2360 3988 per
2392 3932 2532 3976 solam
2563 3935 2910 3995 conventio-nem,

1568 3991 1649 4033 aut
1676 3989 1715 4033 si
1743 3990 1870 4033 aetas
1897 3987 2099 4046 impubes
2125 3988 2384 4045 excipienda
2407 3990 2688 4041 monstretur,
2717 3986 2764 4029 in
2787 3998 2910 4042 ipsos

1569 4130 1712 4182 quitus
1732 4131 1777 4180 C,
1802 4128 1987 4181 antiquis
2002 4130 2081 4171 PR
2096 4146 2180 4172 cum
2195 4130 2256 4181 B,
2278 4127 2511 4180 antiquitus
2526 4127 2617 4167 fixis
2636 4141 2721 4168 cum
2742 4127 2813 4167 ΤΙι.
2831 4141 2907 4166 scr.

1568 4187 1642 4237 (14)
1671 4198 1787 4225 xvm
1822 4186 1909 4235 ΤΙι.,
1939 4198 2043 4226 v1111
2070 4186 2113 4228 P
2193 4187 2266 4237 (15)
2298 4187 2416 4239 iunqe
2449 4186 2513 4235 10,
2544 4193 2602 4235 27,
2632 4191 2662 4224 1.
2699 4185 2760 4233 ll,
2785 4190 2843 4232 62,
2867 4191 2907 4223 14

1568 4243 1644 4293 (16)
1669 4242 1729 4282 sic
1758 4241 1843 4289 CR,
1875 4253 2060 4293 expressa
2084 4242 2125 4282 P
2206 4240 2278 4293 (17)
2303 4239 2369 4280 vel
2400 4239 2444 4291 C,
2473 4237 2538 4280 vel
2563 4251 2588 4279 a
2613 4238 2692 4279 PR
2777 4237 2851 4288 (18)
2869 4240 2910 4277 et

1571 4297 1682 4347 Pac),
1713 4298 1772 4337 est
1800 4293 1873 4347 P0,
1903 4299 1964 4336 est
1993 4299 2034 4337 et
2061 4298 2103 4338 R
2243 4297 2319 4347 (19)
2350 4308 2403 4336 111
2437 4297 2501 4346 10,
2533 4303 2590 4346 27,
2619 4302 2650 4336 1.
2686 4294 2748 4343 11,
2779 4300 2838 4341 62,
2868 4302 2907 4333 14

1569 4354 1650 4403 (2ο)
1682 4353 1801 4405 iunqe
1831 4353 1869 4401 2,
1886 4360 1920 4403 4,
1938 4360 1994 4394 43.
2021 4353 2062 4403 2,
2082 4361 2114 4403 τ,
2131 4360 2170 4394 21
2228 4352 2301 4401 (21)
2331 4366 2364 4392 c.
2389 4360 2409 4391 4
2443 4356 2462 4398 ς
2483 4359 2502 4392 2
2527 4351 2564 4390 Ιι.
2584 4358 2609 4390 t.
2667 4348 2748 4401 (22)
2771 4348 2821 4389 Ι).
2847 4360 2908 4386 xv

1570 4410 1654 4462 (ιιι
1684 4409 1722 4458 2,
1740 4416 1774 4458 ’1,
1791 4407 1848 4460 21)
1877 4407 1918 4447 k.
1934 4408 2033 4448 Dec.
2044 4406 2230 4448 Patricio
2256 4409 2295 4447 et
2309 4405 2493 4459 Hypatio
2517 4416 2646 4445 conss.
2676 4403 2746 4455 (ε
2764 4418 2800 4443 a.
2821 4403 2908 4453 500)

1570 4464 1677 4516 leqes
1715 4464 1942 4517 ivmqendae
2083 4463 2162 4513 (23)
2190 4463 2249 4503 sic
2278 4463 2371 4502 dett.
2401 4476 2487 4502 cum
2520 4461 2561 4501 Β
2589 4461 2644 4510 (ας.
2662 4461 2740 4510 m),
2773 4470 2907 4498 sacra-

1568 4519 1749 4559 tissimae
1781 4517 1855 4560 GR
1939 4522 2018 4572 (24)
2050 4518 2216 4570 quidem
2243 4518 2331 4558 dett.
2361 4532 2444 4556 cum
2467 4516 2512 4556 B
2535 4517 2591 4568 (κ.
2608 4518 2675 4567 π.)
2769 4514 2849 4568 (25)
2870 4514 2907 4555 ci

1575 4576 1612 4616 0
1635 4589 1720 4614 cum
1752 4574 1795 4614 B
1824 4575 1881 4627 (κ.
1897 4576 1976 4627 m),
2008 4575 2066 4615 eis
2094 4573 2138 4615 R
