3054 4796
190 183 265 224 DE
298 181 430 220 IURE
467 182 847 221 DELIBERANDI

186 322 231 364 in
259 319 424 371 fatum,
465 323 513 364 tu
555 322 611 366 ad
641 322 836 367 eiusdem
874 319 1026 364 fratris
1060 322 1126 366 tui
1155 328 1280 380 potes
1312 326 1523 371 accedere

192 382 207 420 1
269 378 605 422 successionem.

183 431 349 476 aditam
387 433 676 478 hereditatem
712 433 903 479 decessit
936 435 1073 490 tuque
1112 435 1240 481 fratri
1271 442 1349 483 tuo
1379 440 1521 495 legiti-

182 501 280 532 mus
316 489 446 534 heres
482 491 670 535 extitisti
705 503 784 535 seu
821 491 938 533 intra
973 497 1173 546 tempora
1211 494 1354 539 edicto
1394 509 1520 551 prae-

182 543 310 588 finita
338 546 556 590 bonorum
591 547 917 603 possessionem
955 549 1188 600 agnovisti:
1231 564 1342 605 quae
1380 552 1520 595 facul-

183 603 325 644 tatum
375 606 482 646 sunt
530 604 599 647 vel
651 615 764 659 quae
817 602 874 646 ab
923 603 1009 646 alio
1053 604 1215 649 iniuria
1258 607 1520 661 detinentur,

181 657 397 714 praesidis
428 658 654 714 diligentia
676 659 758 702 tibi
781 659 1083 703 restituentur.
1130 660 1221 705 ΡΡ.
1243 675 1314 706 xv
1332 662 1375 707 lc.
1399 662 1519 720 Sept.

183 710 417 758 Gordiano
447 717 499 759 A.
532 727 579 758 II
604 719 650 759 et
674 714 789 758 Pom
823 715 954 759 eiano
985 729 1128 760 conss.
1335 723 1391 771 [a.
1424 722 1520 771 241]

237 767 270 815 4
309 767 425 828 Imp.
463 769 630 814 Decius
666 771 718 815 A.
1079 772 1192 817 Filio
1227 775 1417 818 familias
1447 773 1520 817 de-

178 825 273 869 lata
314 825 560 870 hereditate
603 827 641 870 si
685 831 814 883 pater
855 841 936 883 pro
976 828 1138 872 herede
1179 831 1406 874 voluntate
1442 829 1522 873 filii

178 881 337 937 gessit,
392 882 678 926 sollemnitati
729 883 837 928 iuris
886 884 1165 928 satisfactum
1209 886 1346 931 videri
1388 899 1521 942 saepe

178 938 442 994 rescriptum
472 943 552 983 est.
611 937 705 982 ΡΡ.
738 952 775 983 x
807 939 850 983 lc.
882 939 1021 984 Mart.
1058 941 1191 987 Decio
1222 945 1272 986 A.
1305 947 1350 987 et
1379 940 1520 986 Grato

178 1006 338 1039 conss..
1333 1002 1391 1052 [a.
1423 1001 1520 1050 250]

233 1049 264 1096 5
313 1048 460 1108 Impp.
517 1049 786 1095 Valerianus
835 1054 882 1095 et
933 1049 1164 1098 Gallienus
1214 1056 1306 1099 AA.
1358 1053 1519 1098 Paulo.

177 1105 331 1150 Potuit
364 1105 560 1162 pupillus
600 1120 680 1162 pro
721 1107 882 1150 herede
921 1111 1067 1153 tutore
1105 1114 1290 1155 auctore
1327 1109 1520 1167 gerendo

177 1162 387 1217 consequi
416 1164 754 1216 successionem,
794 1163 873 1207 sed
911 1164 1052 1219 ipsius
1087 1172 1215 1210 actus
1246 1172 1290 1211 et
1317 1168 1519 1210 voluntas

175 1217 262 1261 fuit
289 1219 556 1262 necessaria.
601 1231 704 1262 nam
734 1220 772 1264 si
801 1219 905 1274 quid
934 1222 1158 1266 nesciente
1189 1236 1240 1267 eo
1271 1228 1393 1267 tutor
1419 1222 1518 1277 egit,

174 1273 241 1318 illi
263 1274 554 1319 hereditatem
580 1289 670 1319 non
693 1276 841 1332 potuit
862 1276 1107 1332 adquirere.
1147 1278 1240 1322 ΡΡ.
1259 1291 1352 1322 XVI
1370 1277 1412 1322 lc.
1431 1278 1516 1322 Iul.

174 1330 287 1388 ipsis
315 1342 406 1375 ιη]
433 1336 478 1375 et
506 1343 576 1375 ιιι
601 1333 694 1376 AA.
726 1345 868 1377 conss.
1331 1339 1387 1388 [a.
1421 1338 1517 1386 257]

232 1383 264 1433 6
304 1385 404 1446 Imp
444 1422 452 1431 .
493 1386 806 1432 Diocletianus
844 1394 890 1433 et
923 1387 1238 1434 Maximianus
1275 1391 1368 1434 AA.
1410 1387 1519 1434 Phi-

175 1443 340 1501 lippae.
400 1401 447 1487 gi
486 1444 584 1487 avia
619 1446 699 1488 tua
732 1449 906 1501 patrem
935 1450 1059 1489 tuum
1089 1458 1143 1489 ex
1173 1445 1347 1489 duabus
1377 1447 1518 1490 unciis

175 1499 353 1555 scripsit
391 1500 619 1553 heredem,
661 1504 706 1544 et
721 1503 734 1528 ¹
772 1502 867 1545 sola
904 1501 1038 1544 animi
1068 1501 1364 1546 destinatione
1392 1507 1519 1558 pater

174 1559 280 1599 tuus
319 1555 450 1600 heres
490 1555 587 1600 fieri
623 1560 815 1614 poterat.
884 1557 1021 1611 igitur
1059 1557 1097 1600 si
1135 1561 1400 1602 testamento
1438 1573 1518 1602 suo

172 1611 349 1656 easdem
378 1612 533 1656 uncias
562 1612 620 1656 ad
648 1618 692 1656 te
722 1614 944 1668 pertinere
972 1612 1179 1667 decrevit,
1220 1613 1340 1669 apud
1373 1622 1518 1658 recto-

171 1680 265 1712 rem
293 1668 549 1725 provinciae
578 1669 766 1712 duarum
794 1669 1028 1712 unciarum
1058 1668 1128 1712 ius
1156 1670 1364 1726 persequi
1391 1675 1519 1726 pote-

172 1724 247 1768 ris.
306 1722 400 1769 ΡΡ.
432 1737 526 1769 11⁷1
560 1723 603 1769 lc.
634 1727 749 1783 Auq.
782 1723 951 1768 Sirmi²
989 1724 1103 1781 ipsis
1133 1736 1224 1768 ιη]
1257 1731 1304 1770 et
1332 1737 1401 1769 HI
1425 1727 1517 1770 AA.

173 1793 316 1824 conss.
1331 1786 1387 1833 [a.
1419 1786 1518 1834 290]

230 1833 259 1882 7
294 1834 438 1880 ³Idem
467 1837 560 1880 AA.
599 1841 646 1880 et
684 1834 762 1880 00.
797 1834 1006 1879 Eusebio.
1073 1835 1292 1891 Quoniam
1321 1849 1519 1880 sororem

172 1895 292 1935 tuam
317 1891 442 1948 prius
467 1891 723 1935 defunctam
749 1904 847 1935 esse
872 1892 1098 1947 proponis,
1126 1905 1258 1947 quam
1279 1905 1516 1947 cognosce·

171 1952 261 2000 ret,
300 1959 359 1991 an
400 1960 428 1991 a
466 1947 606 1991 fratre
644 1948 731 1992 sibi
767 1947 933 2004 aliquid
969 1947 1229 1992 hereditatis
1259 1948 1420 1992 fuisset
1447 1961 1516 1992 re·

170 2005 346 2056 lictum,
386 2004 671 2048 manifestum
712 2009 847 2060 atque
883 2003 1091 2048 evidens⁴
1121 2009 1205 2054 est,
1247 2007 1519 2060 antequam⁵

168 2073 250 2116 pro
289 2059 451 2104 herede
489 2065 662 2115 gereret
701 2061 772 2104 vel
816 2061 1033 2104 bonorum
1074 2061 1400 2116 possessionem
1439 2061 1516 2106 ad-

169 2116 338 2161 miserit
349 2117 383 2170 ⁶,
423 2115 678 2161 defunctam
708 2116 1036 2161 successionem
1069 2129 1166 2160 eam
1196 2130 1288 2161 non
1351 2118 1517 2162 otuisse

169 2172 228 2216 ad
255 2172 441 2216 heredes
470 2186 576 2217 suos
605 2173 919 2217 transmittere.
979 2171 1072 2216 ΡΡ.
1107 2172 1149 2217 lc.
1181 2172 1292 2218 Mai.
1362 2174 1518 2218 liii-atti

170 2229 264 2273 AA.
295 2229 462 2272 conss-‚⁷
1330 2234 1386 2282 [a.
1419 2234 1516 2283 293]

229 2281 260 2332 8
292 2283 417 2328 Idem
446 2285 536 2328 AA.
569 2290 614 2329 et
644 2283 722 2329 00.
757 2285 958 2330 Claudio.
1029 2285 1157 2328 Licet
1194 2286 1240 2328 in
1276 2286 1516 2330 continenti

801 770 1009 815 thenaidi.

173 2340 243 2384 sui
270 2339 456 2384 heredes
487 2353 536 2384 se
564 2341 760 2396 paternis
791 2354 881 2385 non
909 2341 1168 2385 miscuerint
1196 2342 1338 2395 bonis,
1369 2345 1516 2386 tamen

171 2397 424 2452 ignorantes
462 2396 654 2440 delatam
695 2398 780 2441 sibi
815 2409 913 2441 esse
941 2397 1231 2441 hereditatem
1259 2398 1378 2453 longi
1407 2402 1516 2442 tem-

171 2453 294 2509 poris
323 2452 688 2508 praescriptione,
721 2453 957 2509 quominus
990 2454 1106 2497 hanc
1135 2455 1256 2496 recte
1278 2453 1515 2507 vindicent,

172 2508 349 2553 excludi
387 2521 478 2553 non
515 2514 717 2564 possunt.
788 2508 832 2553 S.
865 2514 1007 2553 XV11⁸
1045 2509 1088 2553 lc.
1122 2508 1220 2553 Ian.
1257 2508 1394 2553 Sirmi
1422 2511 1512 2553 AA.

172 2578 317 2609 conss.
1330 2570 1387 2618 [a.
1417 2570 1512 2618 293]

229 2618 260 2667 9
292 2619 418 2664 Idem
438 2621 530 2665 AA.
562 2625 608 2666 et
628 2619 706 2664 00.
730 2619 928 2666 Platoni.
975 2621 1022 2665 Si
1047 2621 1264 2666 curatoris
1288 2622 1356 2665 tui
1377 2636 1515 2678 quon-

173 2677 273 2720 dam
301 2681 568 2722 testamento
596 2676 693 2720 iure
721 2676 842 2721 facto
872 2678 942 2722 vel
978 2678 1034 2721 ab
1071 2677 1283 2722 intestato
1324 2679 1516 2734 legitima

172 2733 320 2778 delata
348 2733 574 2778 successio
603 2738 685 2786 est,
716 2733 802 2777 hoc
833 2746 941 2777 casu
972 2735 1013 2778 ei
1042 2734 1118 2788 qui
1147 2747 1237 2778 non
1267 2735 1516 2790 repudiavit

170 2789 462 2833 hereditatem
507 2801 605 2832 eam
647 2789 752 2833 licet
794 2790 929 2834 adire.
1003 2795 1154 2834 rector
1195 2790 1330 2845 igitur
1371 2791 1515 2834 aditus

170 2845 447 2901 provinciae,
489 2846 526 2889 si
556 2845 792 2889 hereditati
821 2846 1008 2889 necdum
1048 2849 1154 2890 sunt
1191 2846 1395 2902 obligati,
1441 2860 1515 2891 eos

170 2915 228 2945 an
257 2901 442 2945 heredes
472 2901 562 2945 sint
590 2901 864 2958 interrogare
889 2902 1066 2946 debebit
1095 2913 1162 2955 ac,
1193 2903 1231 2947 si
1255 2906 1430 2959 tempus
1460 2905 1517 2947 ad

170 2957 500 3002 deliberandum
529 2958 760 3015 petierint,
801 2959 1079 3003 moderatum
1109 2961 1287 3003 statuet.
1349 2959 1395 3004 S.
1427 2972 1518 3004 XVI

169 3013 212 3058 Ic.
243 3012 344 3058 Ian.
378 3012 515 3058 Sirmi
544 3016 635 3058 AA.
673 3028 816 3058 conss.
1327 3020 1384 3068 [a.
1418 3020 1514 3068 293]

229 3069 292 3117 10
324 3068 451 3114 Idem
480 3071 571 3114 AA.
604 3076 649 3114 et
679 3068 757 3114 CC.
791 3070 999 3115 Sabinae.
1060 3071 1106 3115 Si
1134 3076 1179 3115 te
1208 3072 1336 3117 bonis
1367 3074 1514 3128 pater-

169 3126 238 3170 nis
276 3125 417 3169 maior
456 3127 649 3181 quinque
685 3130 729 3169 et
757 3127 910 3182 viginti
938 3127 1065 3170 annis
1095 3127 1332 3180 miscuisti,
1374 3141 1515 3184 neque

169 3180 322 3236 inopia
351 3181 490 3236 patris
528 3184 574 3224 te
605 3187 790 3225 excusat
821 3195 964 3238 neque
993 3183 1057 3226 vis
1085 3183 1238 3227 fratris
1269 3185 1513 3238 portionem

170 3241 294 3280 tuam
317 3236 385 3280 vel
410 3240 723 3280 testamentum
753 3237 980 3293 eripientis
1005 3250 1159 3282 arcere
1182 3239 1255 3282 te⁹
1284 3240 1515 3284 exactione

173 3291 461 3344 creditorum,
503 3293 578 3348 qui
612 3292 708 3336 iure
749 3293 868 3336 civili
905 3307 986 3349 pro
1029 3294 1300 3338 hereditaria
1342 3300 1387 3339 te
1414 3309 1514 3351 por-

170 3349 292 3394 tione
324 3347 602 3403 conveniunt,
633 3351 818 3405 potest„
857 3347 902 3392 S.
919 3360 1013 3393 ΧΠ
1034 3348 1077 3393 lc.
1103 3348 1203 3393 Ian.
1231 3348 1370 3394 Sirmi
1395 3351 1516 3395 (10¹⁰

172 3418 316 3450 conss.
1330 3411 1386 3458 [a.
1416 3411 1513 3459 294]

229 3459 288 3507 11
325 3458 452 3504 Idem
490 3461 582 3504 AA.
623 3466 668 3505 et
708 3459 786 3505 00.
824 3459 1129 3506 Philumenae.
1198 3461 1434 3506 Renitente
1471 3467 1515 3507 te

170 3522 300 3573 pater
341 3521 471 3572 tuus,
514 3516 560 3559 in
600 3517 724 3560 cuius
765 3517 888 3560 fuisti
917 3520 1160 3573 potestate,
1205 3530 1351 3574 neque
1392 3530 1515 3574 spem

172 3572 344 3616 delatae
370 3572 455 3616 tibi
482 3572 703 3628 legitimae
738 3572 1016 3628 quaerendae
1055 3575 1394 3618 successionis¹²
1434 3575 1513 3617 ab·

172 3641 344 3673 sumere
383 3641 525 3683 neque
563 3628 851 3673 hereditarios
889 3629 1237 3674 manumittendo
1268 3643 1416 3674 servos
1446 3631 1514 3674 his

169 3687 401 3740 praestare
438 3685 687 3728 libertatem
725 3686 884 3741 potuit.
955 3684 1000 3730 S.
1041 3697 1092 3730 VI
1123 3686 1182 3730 id.
1215 3686 1343 3731 Febr.
1376 3685 1515 3730 Sirmi

175 3739 252 3784 00.
285 3753 429 3784 conss.
1326 3747 1381 3795 [a.
1415 3745 1512 3794 294]

229 3793 294 3842 12
332 3793 458 3840 Idem
494 3796 586 3841 AA.
627 3802 672 3841 et
712 3795 789 3841 00.
828 3797 1039 3842 Antonio.
1106 3797 1325 3843 Puberem
1354 3811 1511 3853 agnos-

173 3858 346 3896 centem
384 3852 599 3896 bonorum
637 3853 988 3908 possessionem,
1029 3861 1321 3910 posteaquam
1359 3855 1399 3898 ei
1429 3854 1514 3898 fuit

170 3907 394 3953 hereditas
433 3909 603 3960 delata,
643 3922 724 3964 pro
764 3909 927 3954 herede
961 3922 1112 3965 gerere
1142 3924 1231 3955 non
1261 3910 1510 3966 ambigitur.

173 3964 217 4008 S.
251 3977 319 4008 III
345 3963 388 4008 lc.
421 3963 525 4008 Dec.
560 3963 637 4008 00.
670 3978 814 4008 conss.
1323 3971 1379 4019 [a.
1414 3971 1510 4019 294]

229 4018 294 4067 13
326 4018 452 4064 Idem
481 4021 574 4064 AA.
605 4026 651 4064 et
680 4019 757 4064 00.
790 4020 1093 4079 Archepolidi.
1141 4021 1280 4066 Suum
1308 4022 1511 4067 heredem

171 4077 338 4121 omissa
366 4077 579 4121 bonorum
611 4076 890 4131 possessione
917 4080 1149 4133 paternam
1186 4079 1511 4124 successionem

171 4133 372 4176 obtinere
414 4133 614 4188 potuisse
659 4132 770 4176 certi
805 4132 915 4177 iuris
955 4136 1038 4178 est.
1111 4132 1158 4178 S.
1199 4145 1270 4178 ΙΙΙ
1303 4135 1363 4179 id.
1405 4135 1509 4180 Dec.

172 4188 461 4234 Nicomediae
492 4187 570 4233 00.
602 4201 745 4232 conss.
1323 4195 1380 4244 [a.
1413 4195 1509 4243 294]

172 4332 222 4379 (ι)
253 4332 294 4368 et
329 4329 398 4380 0⁰,
429 4331 470 4369 et
499 4341 547 4369 ex
582 4326 675 4370 0012

173 4385 259 4425 nuit
289 4385 505 4426 Mommsen
592 4386 647 4436 (3)
676 4405 730 4420 =
765 4385 1010 4425 Consultatio
1034 4387 1072 4435 6,
1089 4394 1152 4426 19:
1184 4387 1305 4438 iunye
1331 4388 1370 4437 2,
1396 4396 1431 4438 3,
1459 4395 1511 4428 21.

173 4441 213 4491 6,
244 4448 301 4492 53,
332 4449 352 4481 6
482 4442 537 4493 (4)
566 4441 773 4481 manifesti
803 4442 925 4491 atque
956 4440 1158 4481 evidentis
1194 4442 1294 4482 iuris
1337 4443 1510 4485 Consult.

173 4496 228 4547 (5)
268 4498 454 4543 cerneret
491 4496 557 4537 vel
596 4499 672 4538 ins.
708 4496 883 4539 Consult.
1039 4498 1095 4548 (6)
1132 4499 1294 4550 peteret
1338 4499 1509 4539 Consult.

173 4551 228 4601 (7)
260 4553 320 4592 sic
338 4552 436 4593 Hal.
470 4568 555 4594 cum
586 4553 739 4608 leqibus
764 4552 998 4606 iunyendis:
1029 4554 1070 4593 in
1101 4554 1278 4595 consult.
1303 4564 1361 4595 est
1381 4567 1449 4607 pp.
1480 4567 1510 4593 x

174 4607 214 4646 k.
246 4609 365 4647 mart.
394 4607 523 4649 isdem
553 4621 615 4649 aa.
646 4621 773 4649 conss.
917 4610 972 4658 (8)
1003 4621 1033 4648 s.
1065 4621 1166 4649 xvix
1197 4610 1312 4659 Hal„
1343 4623 1445 4650 v1111
1476 4610 1516 4649 P

173 4665 232 4713 (9)
263 4664 303 4702 te
333 4664 436 4714 edd„
468 4663 517 4703 de
549 4665 644 4706 libri
773 4665 850 4716 (10)
881 4665 966 4703 AA.
1000 4665 1071 4714 (=
1100 4680 1138 4704 a.
1176 4665 1259 4716 293)
1293 4665 1508 4707 Mommsen

796 4328 850 4379 (2)
886 4329 926 4368 in
958 4327 1042 4369 Ioco
1074 4344 1245 4371 errorem
1277 4331 1403 4372 inesse
1433 4346 1511 4371 nw-

1520 168 1622 230 263

2764 178 2836 230 VI
2874 180 2940 230 30

1666 325 1729 373 14
1765 326 1886 372 Idem
1914 327 2005 372 AA.
2038 331 2082 370 et
2113 324 2188 370 CC.
2222 327 2415 372 Flaviae.
2468 328 2513 372 Si
2544 329 2685 373 sorori
2715 342 2821 374 suae
2850 329 2941 374 fra-

651 379 779 434 Quod
807 378 858 433 si,
897 389 996 420 cum
1026 380 1096 422 sui
1123 381 1230 425 iuris
1260 389 1389 438 esset,
1421 390 1525 427 ante
1607 387 1676 427 ter
1705 392 1807 429 tuus
1839 384 1955 428 civili
1984 383 2052 427 vel
2079 383 2314 428 honorario
2347 386 2563 429 successit
2590 386 2698 440 iure,
2736 386 2842 429 licet
2870 399 2941 430 res

1607 453 1661 483 ex
1698 441 1792 484 eius
1830 439 2147 484 descendentes
2186 440 2311 483 bonis
2350 454 2440 484 non
2478 442 2691 496 probetur
2735 442 2941 492 tenuisse,

1606 496 1734 540 heres
1787 502 1935 542 tamen
1987 494 2172 539 effectus
2227 500 2382 540 contra
2431 497 2710 552 possidentes
2754 497 2944 552 experiri

1606 555 1767 606 potest.
1850 551 1896 596 S.
1951 551 1992 595 d.
2038 553 2246 595 XVHHm
2298 552 2339 596 lc.
2382 551 2480 596 lan.
2530 552 2817 596 Nicomediae
2864 551 2941 596 00.

1607 620 1749 651 conss.
2755 607 2813 663 [a.
2845 610 2942 658 294]

1666 661 1728 708 15
1768 661 1872 706 ¹³Im
1909 698 1916 706 .
1953 662 2240 708 Constantius
2273 664 2325 707 A.
2366 662 2428 706 ad
2463 662 2702 707 Leontium
2742 662 2945 705 comitem

1610 716 1818 762 Orientis.
1907 731 1965 762 on
1992 724 2060 763 est
2081 719 2275 773 dubium,
2306 719 2360 771 si,
2389 718 2645 773 priusquam
2674 715 2790 759 filius
2820 717 2945 759 iussu

1605 773 1747 828 patris
1772 773 1929 816 adierit
1951 774 2253 826 hereditatem,
2277 774 2485 829 propriae
2509 772 2746 828 potestatis
2764 771 2945 814 effectus

1606 831 1686 882 est,
1717 829 1901 872 arbitrio
1930 841 2011 872 suo
2036 829 2224 872 eundem
2246 830 2361 872 hane
2384 828 2471 871 sibi
2492 827 2692 882 potuisse
2718 839 2943 882 quaerere.

1605 884 1660 927 D.
1687 895 1782 926 VIII
1807 884 1867 926 id.
1894 883 2039 940 April.
2057 883 2258 927 Limenio
2282 888 2328 926 et
2349 883 2555 927 Catulino
2582 895 2726 925 conss.
2775 886 2831 935 [a.
2849 887 2944 933 349]

1664 937 1728 986 16
1765 938 2189 996 ¹⁴Impp.Arcadius
2218 943 2262 981 et
2287 936 2522 981 Honorius
2550 938 2644 981 AA.
2672 936 2944 981 Ennodio¹⁵.

1604 995 1646 1039 N
1649 1008 1699 1040 ec
1724 1007 1868 1040 emere
1890 1007 1972 1038 nec
1998 994 2210 1037 donatum
2235 992 2421 1047 adsequi
2443 1005 2526 1036 nec
2548 993 2807 1037 damnosam
2828 994 2946 1049 quis-

1606 1064 1691 1109 que
1728 1051 2017 1096 hereditatem
2053 1049 2174 1093 adire
2213 1049 2504 1104 compellitur.
2565 1048 2617 1092 D.
2659 1061 2730 1092 VII
2769 1049 2812 1093 lc.
2846 1049 2945 1092 Ian.

1609 1109 1664 1153 Ol
1696 1107 1794 1152 brio
1824 1113 1869 1152 et
1895 1106 2098 1151 Probino
2128 1118 2272 1150 conss.
2760 1109 2816 1158 [a.
2850 1109 2946 1157 395]

1661 1122 1726 1211 17
1771 1162 1933 1207 ¹⁶Idem
1971 1162 2063 1206 AA.
2109 1166 2154 1206 et
2195 1160 2472 1205 Theodosius
2507 1162 2557 1204 A.
2590 1160 2826 1205 Anthemio
2862 1175 2946 1220 pp.

1605 1220 1862 1265 Cretionum
1899 1219 2208 1275 scrupulosam
2248 1217 2585 1261 sollemnitatem
2623 1217 2709 1261 hac
2747 1218 2843 1273 lege
2870 1231 2947 1273 pe—

1603 1277 1723 1321 nitus
1761 1275 1984 1332 amputari
1997 1277 2029 1302 ¹⁷
2074 1274 2366 1319 decernimus,
2440 1273 2496 1317 D.
2536 1276 2674 1317 XVJ¹⁸
2718 1273 2761 1317 lc.
2802 1274 2947 1332 April.

1607 1332 2002 1390 Constantinopoli
2042 1330 2251 1375 Honorio
2290 1342 2363 1373 VI]
2405 1334 2450 1374 et
2492 1329 2741 1374 Theodosio
2774 1342 2819 1374 11
2855 1331 2947 1373 AA.

1605 1403 1747 1433 conss.
2761 1390 2817 1439 [a.
2849 1390 2947 1438 407]

1663 1443 1727 1493 18
1763 1443 1946 1502 ¹⁹Impp.
1982 1443 2259 1488 Theodosius
2297 1447 2342 1487 et
2382 1442 2725 1487 Valentinianus
2753 1443 2846 1487 AA.
2890 1442 2951 1486 ad

1603 1506 1818 1545 senatum.
1879 1501 1926 1545 Si
1954 1499 2127 1552 infanti,
2168 1499 2214 1543 id
2248 1504 2315 1543 est
2343 1499 2500 1542 minori
2530 1503 2699 1554 septem
2729 1498 2872 1552 annis,
2902 1499 2949 1541 in

1603 1560 1826 1613 potestate
1870 1556 2010 1612 patris
2054 1556 2124 1599 vel
2165 1555 2236 1599 avi
2272 1556 2341 1598 vel
2387 1555 2540 1610 proavi
2593 1555 2836 1599 constituto
2878 1555 2947 1598 vel

1606 1614 1873 1658 constitutae
1916 1612 2137 1656 hereditas
2182 1612 2240 1655 sit
2282 1611 2492 1654 derelicta
2532 1611 2599 1654 vel
2637 1612 2694 1655 ab
2737 1611 2947 1655 intestato

1605 1669 1754 1713 delata
1795 1682 1821 1712 a
1864 1674 2006 1711 matre
2045 1669 2115 1711 vel
2153 1668 2270 1711 linea
2309 1680 2363 1710 ex
2408 1679 2495 1722 qua
2537 1671 2679 1710 mater
2723 1667 2948 1711 descendit

1604 1725 1673 1768 vel
1710 1724 1807 1768 aliis
1849 1725 2199 1780 quibuscumque
2237 1723 2460 1778 personis,
2500 1723 2651 1766 licebit
2688 1724 2947 1778 parentibus

1605 1781 1700 1824 eius
1746 1780 1828 1823 sub
1874 1792 2062 1835 quorum
2100 1783 2322 1834 potestate
2365 1781 2434 1821 est
2469 1779 2591 1821 adire
2636 1778 2730 1822 eius
2775 1780 2949 1822 nomine

1608 1841 1624 1878 1
1673 1835 1964 1879 hereditatem
1979 1835 2046 1878 vel
2066 1835 2282 1878 bonorum
2301 1834 2630 1890 possessionem
2651 1839 2816 1889 petere.
2865 1835 2950 1877 Sed

1605 1892 1643 1935 si
1681 1892 1767 1935 hoc
1804 1904 1966 1947 parens
2007 1890 2250 1946 neglexerit
2283 1894 2330 1933 et
2356 1890 2404 1933 in
2433 1894 2677 1933 memorata
2706 1892 2854 1934 aetate
2882 1890 2948 1934 in-

1603 1948 1702 1991 fans
1742 1947 2003 2002 decesserit,
2043 1951 2151 1990 tunc
2187 1950 2416 2002 parentem
2453 1946 2628 2001 quidem
2665 1946 2948 2001 superstitem

1604 2004 1752 2048 omnia
1780 2017 1834 2047 ex
1866 2016 2143 2059 quacumque
2180 2002 2463 2046 successione
2502 2002 2560 2045 ad
2590 2002 2777 2046 eundem
2806 2002 2947 2046 insan-

1602 2065 1692 2104 tem
1723 2060 1929 2104 devoluta
1957 2059 2054 2102 iure
2083 2059 2227 2115 patrio
2259 2058 2388 2114 quasi
2423 2059 2513 2102 iam
2550 2058 2710 2102 infanti
2750 2060 2951 2114 quaesita

1603 2121 1628 2161 2
1689 2129 1862 2172 capere.
1921 2117 2113 2160 Parente
2142 2128 2245 2159 vero
2276 2128 2364 2159 non
2394 2115 2676 2169 subsistente,
2707 2116 2746 2159 si
2776 2115 2951 2171 quidem

1602 2178 1706 2229 post
1746 2173 1840 2216 eius
1880 2173 2049 2216 obitum
2087 2174 2210 2216 tutor
2246 2170 2408 2214 infanti
2443 2171 2502 2216 sit
2530 2172 2598 2215 vel
2635 2172 2764 2215 datus
2802 2171 2950 2223 fuerit,

1602 2242 1737 2286 posse
1775 2243 1877 2273 eum
1915 2229 2049 2272 etiam
2089 2229 2235 2272 adhuc
2275 2227 2445 2271 infante
2487 2227 2658 2284 pupillo
2709 2228 2949 2271 constituto

1602 2286 1778 2330 nomine
1809 2286 1904 2329 eius
1935 2285 2057 2329 adire
2087 2284 2376 2327 hereditatem
2406 2284 2496 2327 sive
2519 2284 2616 2327 vivo
2646 2289 2829 2339 parente
2859 2283 2950 2327 sive

1602 2345 1707 2397 post
1744 2343 1930 2385 mortem
1969 2342 2064 2384 eius
2104 2340 2161 2383 ad
2201 2353 2301 2384 eum
2341 2340 2591 2383 devolutam
2630 2341 2700 2383 vel
2731 2341 2949 2383 bonorum

1601 2397 1927 2454 possessionem
1955 2401 2108 2452 petere
2147 2400 2190 2439 et
2219 2409 2270 2439 eo
2302 2396 2431 2438 modo
2463 2395 2603 2438 eidem
2632 2395 2794 2439 infanti
2821 2396 2948 2438 here-

1603 2458 1627 2497 3
1686 2453 1869 2497 ditatem
1912 2465 2139 2507 quaerere.
2214 2452 2293 2495 Sin
2335 2465 2438 2495 vero
2482 2452 2551 2495 vel
2595 2465 2684 2495 non
2728 2451 2787 2495 sit
2825 2455 2949 2496 tutor

1601 2510 1689 2562 vel,
1731 2523 1832 2554 cum
1863 2509 1941 2563 sit,
1980 2521 2034 2552 ea
2070 2508 2220 2551 facere
2250 2507 2513 2562 neglexerit,
2553 2510 2660 2550 tunc
2693 2507 2848 2551 eodem
2878 2508 2945 2554 in-

1601 2567 1725 2609 fante
1767 2565 1814 2609 in
1858 2578 1912 2608 ea
1952 2569 2099 2608 aetate
2139 2564 2348 2607 defuneto
2393 2575 2543 2607 omnes
2585 2563 2851 2607 hereditates
2892 2563 2948 2607 ad

1601 2635 1702 2666 eum
1732 2621 1960 2666 devolutas
1999 2625 2043 2664 et
2080 2634 2170 2663 non
2197 2620 2367 2675 agnitas
2398 2620 2460 2662 ita
2489 2619 2694 2675 intellegi,
2732 2620 2860 2674 quasi
2894 2619 2948 2663 ab

1600 2678 1727 2722 initio
1767 2691 1858 2722 non
1895 2682 2043 2721 essent
2081 2677 2139 2720 ad
2179 2689 2277 2719 eum
2318 2676 2514 2728 delatae,
2554 2680 2599 2719 et
2636 2689 2688 2719 eo
2729 2676 2859 2719 modo
2890 2676 2947 2718 ad

1600 2735 1700 2778 illas
1737 2746 1952 2790 personas
1992 2732 2272 2790 perveniant,
2314 2745 2427 2787 quae
2466 2732 2759 2784 vocabantur,
2799 2732 2835 2775 si
2865 2732 2945 2775 mi-

1602 2792 1716 2834 nime
1730 2792 1767 2816 2⁰
1816 2789 2042 2833 hereditas
2092 2789 2253 2832 infanti
2296 2788 2456 2831 fuisset
2499 2788 2658 2831 delata.
2733 2800 2786 2832 ea
2828 2801 2945 2842 vero,

1602 2859 1716 2902 quae
1754 2845 1809 2891 de
1848 2846 2019 2890 infante
2056 2846 2103 2889 in
2146 2849 2366 2901 potestate
2407 2844 2656 2900 parentium
2704 2845 2945 2888 constituto

1602 2903 1858 2956 statuimus,
1898 2902 2046 2946 locum
2083 2902 2312 2944 habebunt
2349 2906 2392 2944 et
2434 2901 2472 2944 si
2503 2913 2780 2956 quacumque
2811 2913 2946 2944 causa

1602 2965 1627 3003 4
1687 2960 1757 3003 sui
1784 2958 1894 3002 iuris
1924 2958 2041 3002 idem
2070 2958 2217 3001 infans
2248 2957 2508 3001 inveniatur.
2561 2957 2637 2999 Sin
2667 2963 2815 3000 autem
2846 2970 2944 3011 sep-

1602 3020 1691 3060 tem
1729 3028 1871 3059 annos
1913 3014 2071 3058 aetatis
2110 3013 2307 3069 pupillus
2347 3013 2586 3056 excesserit
2616 3018 2658 3055 et
2689 3013 2835 3067 priore
2865 3025 2943 3067 pa-

1599 3077 1725 3116 rente
1763 3074 1937 3114 mortuo
1977 3070 2024 3113 in
2063 3069 2272 3125 pupillari
2309 3074 2454 3112 aetate
2492 3069 2574 3110 fati
2604 3082 2761 3111 munus
2791 3069 2941 3123 imple-

1599 3128 1721 3180 verit,
1754 3140 1806 3170 ea
1833 3126 2034 3170 obtinere
2060 3125 2369 3180 praecipimus,
2395 3136 2508 3178 quae
2530 3124 2750 3167 veteribus
2774 3124 2943 3179 legibus
3024 3174 3026 3177 .

1602 3184 1907 3236 continentur,
1952 3181 2074 3224 nulla
2112 3181 2338 3224 dubietate
2377 3180 2550 3232 relicta,
2597 3179 2702 3234 quin
2745 3179 2940 3235 pupillus

1599 3242 1702 3295 post
1737 3239 1940 3293 impletos
1979 3239 2150 3291 septem
2188 3249 2328 3279 annos
2367 3247 2473 3278 suae
2509 3235 2666 3279 aetatis
2697 3235 2793 3290 ipse
2821 3235 2943 3279 adire

1599 3294 1887 3338 hereditatem
1916 3292 1983 3336 vel
2021 3291 2346 3347 possessionem
2384 3292 2599 3334 bonorum
2641 3295 2795 3346 petere
2836 3305 2941 3334 con-

1601 3351 1816 3396 sentiente
1845 3352 2043 3404 parente,
2076 3348 2114 3391 si
2143 3348 2226 3391 sub
2257 3347 2349 3390 eius
2379 3350 2602 3402 potestate
2633 3347 2702 3401 sit,
2743 3347 2811 3391 vel
2841 3361 2940 3391 cum

1599 3406 1760 3450 tutoris
1801 3404 2087 3455 auctoritate,
2130 3403 2166 3447 si
2203 3403 2272 3447 sui
2309 3403 2419 3447 iuris
2459 3403 2539 3455 sit,
2580 3403 2745 3459 poterit
2774 3404 2862 3456 vel,
2904 3405 2941 3447 si

1600 3476 1688 3506 non
1717 3462 1880 3506 habeat
1909 3465 2114 3512 tutorem,
2146 3458 2269 3503 adire
2297 3464 2545 3514 praetorem
2572 3464 2616 3503 et
2641 3461 2735 3504 eius
2762 3459 2939 3503 decreto

1598 3520 1683 3562 hoc
1712 3518 1780 3561 ius
1812 3528 1945 3560 conse
1977 3516 2034 3559 ui.
2093 3515 2148 3559 D.
2180 3527 2277 3558 VJJJ
2302 3515 2360 3558 id.
2385 3516 2498 3560 Nou.
2529 3515 2773 3560 Ravennae
2801 3515 2841 3559 Τ
2837 3516 2940 3559 lieo-

1599 3574 1727 3618 dosio
1760 3585 1842 3616 XII
1867 3578 1912 3616 et
1988 3571 2266 3616 alentiniano
2299 3583 2345 3615 11
2370 3573 2463 3615 AA.
2496 3585 2639 3615 conss.
2753 3576 2808 3624 [a.
2843 3575 2937 3622 426]

1657 3627 1720 3675 19
1769 3628 1836 3671 Im
1873 3663 1881 3672 .
1925 3626 2209 3672 Iustinianus
2249 3630 2301 3671 A.
2347 3627 2637 3671 Demostheni
2678 3642 2755 3684 pp.
2831 3627 2938 3670 Cum

1598 3684 1836 3741 antiquiori
1870 3697 1920 3728 us
1961 3683 2130 3738 legibus
2172 3687 2217 3726 et
2253 3684 2492 3739 praecipue
2531 3684 2576 3726 in
2606 3683 2937 3738 quaestionibus

1597 3742 1695 3785 Iulii
1725 3741 1854 3784 Pauli
1891 3740 2137 3784 invenimus
2175 3739 2290 3784 filios
2330 3740 2519 3783 familias
2549 3746 2782 3794 paternam
2811 3738 2935 3780 here-

1598 3798 1779 3841 ditatem
1819 3796 2112 3840 deliberantes
2149 3808 2283 3852 posse
2322 3803 2366 3839 et
2400 3796 2446 3838 in
2477 3808 2602 3838 suam
2631 3793 2935 3849 posteritatem

1596 3854 1711 3897 hanc
1742 3852 2063 3906 transmittere,
2105 3857 2148 3895 et
2177 3852 2275 3895 aliis
2306 3851 2567 3907 quibusdam
2597 3850 2791 3901 adiectis,
2823 3861 2936 3903 quae

1596 3910 1643 3953 in
1679 3908 1931 3952 huiusmodi
1968 3920 2159 3963 persona
2196 3907 2439 3963 praecipua
2470 3911 2593 3949 sunt:
2636 3918 2730 3948 eam
2771 3904 2934 3968 delibe-

1596 3966 1810 4010 rationem
1842 3969 1884 4007 et
1913 3963 1960 4006 in
1990 3976 2140 4008 omnes
2170 3975 2450 4008 successores
2482 3961 2571 4004 sive
2602 3963 2813 4015 cognatos
2843 3971 2934 4002 slve

1601 4026 1616 4064 1
1690 4026 1926 4064 extraneos
1964 4019 2167 4064 duximus
2213 4032 2309 4063 esse
2351 4017 2669 4073 protelandam.
2742 4015 2934 4069 Ideoque

1597 4077 1842 4122 sancimus:
1875 4076 1914 4120 si
1944 4075 2041 4131 quis
2075 4076 2145 4120 vel
2174 4088 2229 4119 ex
2257 4076 2520 4118 testamento
2545 4072 2612 4115 vel
2643 4071 2932 4134 abuintestato

1595 4139 1776 4177 vocatus
1808 4131 2166 4176 deliberationem
2194 4130 2403 4174 meruerit
2431 4129 2500 4172 vel
2528 4128 2614 4171 hoc
2645 4126 2816 4192 quidem
2845 4139 2930 4169 non

1595 4189 1772 4242 fecerit,
1813 4201 1901 4232 non
1941 4192 2089 4232 tamen
2126 4185 2398 4231 successioni
2426 4183 2767 4235 renuntiavemt,
2799 4186 2849 4224 ut
2880 4194 2928 4223 ex

1596 4329 1667 4382 (11)
1697 4326 1963 4368 successionis
1992 4327 2248 4379 quaerendae
2277 4342 2351 4368 ser.
2483 4323 2556 4375 (12)
2586 4334 2615 4361 s.
2648 4321 2685 4360 d.
2716 4333 2851 4360 xvnn
2881 4319 2927 4370 P.¹

1594 4397 1623 4425 s.
1663 4397 1730 4424 111
1772 4384 1873 4424 Hal.
2048 4386 2121 4437 (13)
2159 4404 2215 4418 =
2259 4383 2328 4422 Th.
2360 4382 2398 4430 8,
2430 4389 2484 4428 18,
2516 4390 2559 4420 5:
2602 4380 2718 4431 iunqe
2755 4379 2794 4423 6,
2826 4385 2878 4427 14,
2907 4385 2926 4417 3

1596 4441 1669 4491 (14)
1709 4459 1764 4475 =
1807 4439 1877 4479 Th.
1919 4441 1984 4491 12,
2014 4449 2045 4492 1,
2075 4449 2160 4481 149:
2204 4440 2320 4490 {unqe
2364 4437 2436 4476 le.
2471 4437 2535 4486 ll,
2566 4442 2595 4482 1,
2628 4441 2684 4473 24.
2725 4434 2788 4483 13,
2819 4441 2854 4479 5,
2885 4440 2924 4473 25

1602 4500 1673 4546 (15)
1719 4509 1792 4536 suo
1828 4495 2001 4536 salutem
2033 4497 2147 4536 addit
2178 4495 2250 4535 Th.
2380 4490 2454 4542 (16)
2494 4509 2548 4524 =
2583 4489 2654 4530 Th.
2687 4489 2725 4539 8,
2756 4496 2809 4539 is,
2842 4496 2876 4537 8,
2906 4496 2921 4527 ι

1598 4555 1670 4604 (17)
1701 4551 1907 4592 emendari
1935 4552 2099 4603 penitus
2128 4548 2411 4601 amputarique
2444 4546 2516 4586 Th.
2625 4545 2697 4592 (18)
2728 4555 2808 4582 xvr
2835 4543 2923 4593 Th„

1598 4622 1627 4647 v
1654 4609 1754 4649 Hal.
1896 4608 1970 4659 (19)
2010 4610 2126 4660 iunye
2157 4610 2199 4654 6,
2233 4615 2296 4653 55,
2330 4612 2362 4644 11
2402 4611 2439 4643 et
2478 4616 2580 4654 quae
2620 4601 2678 4640 ibi
2709 4599 2924 4639 laudantur

1600 4666 1676 4715 (20)
1707 4667 1763 4705 sic
1798 4662 1882 4714 CR,
1910 4663 2046 4702 minus
2082 4663 2117 4702 P
