3094 4732
139 161 243 214 XII
275 162 343 212 37

137 309 244 353 alios
273 303 640 353 transferendam,
678 299 717 344 si
745 312 834 343 non
870 297 987 343 idem
1017 298 1230 343 officium,
1270 288 1453 334 simulac

133 361 375 408 huiusmodi
404 359 535 402 fuerit
562 370 589 399 a
617 355 814 411 quolibet
841 353 1013 398 facinus
1043 349 1372 410 perpetratum,
1395 343 1453 386 ad

134 416 332 465 notitiam
367 418 542 458 nostrae
580 407 926 454 mansuetudinis
965 409 1031 452 vel
1070 409 1187 450 certe
1216 402 1272 445 ad
1311 411 1451 465 smen-

134 474 237 518 tiam
264 469 580 515 illustrissimae
608 463 883 519 magisteriae
911 464 1102 507 referre¹
1134 460 1351 502 curaverit
1373 467 1452 517 po·

135 527 327 579 testatis,
359 527 411 569 ut
438 522 628 567 eiusdem
657 519 943 575 apparitionis
980 515 1174 572 periculo
1213 511 1303 555 tale
1330 511 1452 564 flagi-

135 584 239 626 tium
253 579 515 638 principales
531 577 704 620 minime
719 574 861 629 possit
873 575 891 599 2
909 584 1039 615 aures
1055 571 1205 621 latere,
1237 569 1454 631 quatenus

135 653 187 683 ex
225 636 342 681 omni
379 636 504 690 parte
541 633 691 687 eodem
729 629 886 672 delicto
935 626 1145 690 revelato,
1191 632 1455 685 qu1cumque

137 692 444 738 saluberrimas
460 693 637 734 nostrae
653 684 828 741 pietatis
852 682 1151 727 ordinationes
1169 690 1304 722 ausus
1320 676 1456 720 fuerit

136 749 309 798 violare,
338 745 638 789 interminatas
668 740 840 784 minime
868 737 1016 803 possit
1050 747 1215 792 poenas
1247 732 1455 796 evadere:

134 806 197 848 ita
232 808 282 846 ut
317 802 365 845 in
403 800 582 854 singulis
620 796 850 846 militibus,
923 807 969 836 ιιι
1006 806 1097 836 ιιοιι
1136 791 1369 854 observato
1409 801 1457 831 ιιι

135 872 281 903 eorum
318 869 508 913 persona
545 860 696 898 tenore
733 852 861 894 datae
891 808 1187 904 dispositionis
1224 846 1332 888 laesi
1360 843 1456 887 fue-

135 916 240 965 rint,
282 914 414 956 liceat
451 907 789 955 sacratissimum
815 910 1036 957 nostrum,
1071 916 1153 959 per
1179 914 1316 945 unum
1345 899 1460 944 forte

136 970 200 1014 vel
232 969 359 1013 etiam
389 968 514 1011 binos
542 965 698 1008 milites
737 975 817 1019 pro
847 961 1046 1005 omnibus
1076 959 1208 1003 verba
1243 957 1458 1007 facturos,

135 1030 282 1081 petere
313 1023 561 1067 comitatum
591 1025 633 1063 et
675 1017 888 1074 porrectis
918 1016 1124 1071 precibus
1155 1013 1273 1069 quod
1303 1016 1460 1056 contra

136 1083 329 1124 nostram
368 1077 693 1133 dispositionem
733 1073 854 1129 passi
884 1075 988 1116 sunt
1017 1071 1288 1126 approbare,
1319 1080 1460 1124 eoque

135 1137 254 1180 facto
285 1133 458 1178 statutis
480 1133 664 1175 violator
683 1128 992 1184 imperatoriae
1022 1125 1321 1182 dispositionis
1352 1137 1456 1188 sup-

138 1196 160 1235 8
217 1190 357 1246 pliciis
378 1188 651 1244 percellatur.
696 1184 810 1228 Illud
838 1186 1068 1239 praeterea
1092 1181 1233 1225 modis
1256 1180 1458 1246 omnibus

137 1246 354 1290 observari
393 1243 684 1293 decernimus,
724 1246 774 1284 ut
811 1242 1014 1293 erogator
1043 1250 1194 1282 omnes
1232 1248 1457 1293 pecumas,

137 1314 246 1358 quae
274 1299 455 1344 mortuis
483 1298 691 1341 militibus
720 1308 858 1352 usque
887 1294 945 1338 ad
974 1294 1087 1338 diem
1125 1293 1279 1337 mortis
1308 1304 1459 1336 eorum

136 1357 307 1401 debitae
333 1354 520 1406 fuerant,
552 1352 790 1396 secundum
820 1351 968 1393 datam
991 1350 1079 1394 iam
1097 1349 1280 1393 divalem
1309 1349 1457 1404 dispo-

136 1413 331 1455 sitionem
359 1409 569 1453 uxoribus
599 1408 667 1452 vel
695 1406 842 1450 liberis
873 1419 1023 1450 eorum
1062 1418 1150 1448 non
1179 1404 1351 1449 dubitet
1376 1405 1457 1448 mi-

134 1466 395 1512 nistrandas.

190 1520 250 1568 17
290 1521 413 1565 Idem
450 1522 501 1564 A.
543 1519 736 1564 Arcadio
766 1533 851 1577 pp.
924 1517 1032 1562 Cum
1071 1530 1204 1573 saepe
1244 1516 1460 1571 contingit

133 1582 311 1635 propter
340 1576 548 1632 quasdam
577 1574 786 1619 maximas
817 1578 861 1618 et
897 1574 1222 1618 inexcusabiles
1263 1573 1458 1616 rationes

134 1633 390 1688 quibusdam
415 1631 470 1675 ad
501 1631 741 1675 custodiam
757 1630 825 1674 vel
847 1630 979 1674 aliam
1008 1629 1258 1674 huiusmodi
1279 1641 1458 1673 causam

133 1690 289 1732 milites
310 1688 508 1744 deputari
531 1687 597 1730 vel
625 1687 755 1730 etiam
785 1686 1019 1743 deputatos
1043 1698 1153 1741 esse,
1185 1690 1229 1729 et
1245 1698 1334 1729 non
1352 1698 1458 1729 con-

133 1745 248 1788 venit
268 1745 353 1788 hoc
367 1743 493 1787 modo
509 1742 731 1799 publicum
747 1742 925 1798 aliquod
955 1742 1162 1786 damnum
1187 1754 1267 1786 seu
1283 1741 1458 1797 dispen-

134 1801 250 1844 dium
272 1800 503 1851 sustinere,
533 1799 753 1851 iubemus,
784 1798 823 1842 si
852 1799 928 1854 qui
955 1797 1188 1842 fortissimi
1217 1797 1376 1841 milites
1406 1809 1459 1840 ex

133 1867 402 1913 quocumque
417 1867 595 1898 numero
614 1854 747 1898 curiis
755 1855 821 1898 vel
837 1854 1097 1910 quibusdam
1114 1853 1376 1909 corporibus
1392 1854 1460 1897 vel

133 1911 424 1956 sacrosanctis
456 1910 650 1955 ecclesiis
676 1910 745 1954 vel
773 1910 871 1954 aliis
899 1909 1102 1966 personis
1131 1922 1212 1966 pro
1244 1909 1459 1961 custodia,

135 1973 181 2011 ut
211 1967 371 2010 dictum
401 1971 489 2016 est,
519 1966 588 2010 vel
625 1965 706 2011 tali
744 1966 833 2010 alia
862 1978 996 2010 causa
1035 1978 1063 2009 a
1088 1968 1253 2010 nostro
1282 1966 1461 2008 numine

132 2022 327 2078 deputati
355 2026 458 2066 sunt
481 2023 549 2066 vel
578 2022 754 2074 fuerint,
782 2034 838 2065 ne
866 2034 947 2077 per
967 2034 1119 2066 eorum
1148 2021 1460 2064 translationes

134 2080 251 2122 circa
278 2091 549 2122 annonarum
577 2078 646 2122 vel
675 2078 868 2133 capitum
887 2077 948 2122 eis
977 2077 1333 2133 praebendorum
1362 2090 1458 2120 ero-

130 2134 346 2189 gationem
375 2134 567 2190 publicis
596 2134 840 2179 rationibus
881 2134 1094 2189 quaedam
1123 2133 1259 2177 laesio
1287 2134 1458 2188 ingera-

131 2194 216 2244 tur,
257 2190 405 2233 eadem
445 2190 498 2233 de
534 2190 714 2246 proprio
744 2202 977 2245 personam
1006 2202 1085 2234 seu
1120 2202 1356 2245 personas,
1388 2188 1462 2231 cui

131 2249 175 2288 et
202 2245 360 2301 quibus
391 2245 588 2302 deputati
626 2249 728 2289 sunt
755 2245 823 2289 vel
860 2244 1047 2298 fuerint,
1085 2245 1226 2289 modis
1256 2245 1460 2288 omnibus

131 2314 388 2356 agnoscere:
429 2302 514 2346 hoc
549 2301 851 2346 tantummodo
891 2301 946 2345 de
981 2301 1160 2357 publico
1199 2313 1281 2357 pro
1321 2299 1460 2344 isdem

129 2358 314 2401 annonis
345 2362 388 2400 et
418 2358 567 2413 capitu
594 2357 847 2413 praebendo
877 2360 924 2401 et
959 2356 1234 2413 imputando,
1266 2355 1385 2412 quod
1411 2356 1460 2399 in

129 2413 253 2465 locis,
284 2425 338 2456 ex
368 2413 527 2469 quibus
588 2410 746 2457 raefati
774 2413 932 2457 milites
962 2414 1225 2468 perveniunt
1253 2425 1332 2457 seu
1360 2424 1460 2468 per-

133 2473 351 2520 venerunt,
380 2471 549 2525 imputa
580 2473 694 2521 atur,
722 2469 790 2512 vel
805 2469 842 2513 si
856 2470 1095 2514 antelatam
1147 2469 1462 2513 raestationem

131 2525 407 2580 supradictae
437 2537 652 2580 personae
680 2526 991 2580 recusaverint,
1022 2538 1099 2569 eos
1131 2538 1200 2568 em
1224 2524 1382 2568 milites
1407 2524 1462 2567 de

130 2581 220 2624 suis
261 2581 370 2624 locis
409 2594 498 2624 non
534 2581 761 2635 recedere,
790 2582 859 2626 vel
897 2594 972 2625 eos
1009 2582 1085 2638 qui
1112 2581 1377 2625 recesserint
1405 2580 1462 2623 ad

136 2642 150 2679 1
214 2648 265 2680 ea
303 2636 398 2680 sine
437 2637 624 2692 quadam
658 2649 782 2681 mora
821 2637 976 2681 redire.
1041 2636 1141 2681 Hoc
1182 2637 1462 2681 omnifariam

132 2691 433 2744 custodiendo,
475 2697 525 2736 ut
561 2706 687 2737 nemo
728 2693 1106 2738 devotissimorum
1141 2693 1328 2737 militum
1367 2693 1460 2737 cui-

132 2760 315 2803 cumque
352 2761 566 2804 personae
604 2761 682 2793 seu
720 2749 895 2806 corpori
933 2750 1027 2794 sine
1065 2749 1249 2806 speciali
1279 2752 1461 2794 nostrae

130 2805 377 2847 serenitatis
427 2804 621 2848 iussione
664 2806 839 2860 scriptis
889 2806 1156 2862 proferenda
1208 2805 1458 2861 deputetur.

132 2863 155 2902 2
214 2859 371 2903 Officio
402 2865 503 2905 tuae
530 2861 812 2915 celsitudinis,
842 2862 880 2906 si
909 2862 1025 2906 hanc
1047 2866 1227 2906 nostrae
1255 2875 1460 2905 mansue-

130 2915 293 2959 tudinis
322 2916 526 2970 formam,
557 2917 758 2971 quotiens
789 2930 919 2973 super
947 2919 1159 2962 militibus
1199 2918 1461 2974 quibusdam

131 2972 390 3027 deputandis
420 2972 584 3028 aliquid
623 2976 838 3016 statutum
874 2974 1030 3027 fuerit,
1060 2975 1194 3030 gestis
1233 2974 1460 3019 insinuare

130 3032 194 3081 et,
227 3028 328 3083 quid
358 3040 454 3082 eos,
487 3029 644 3084 quibus
674 3029 765 3072 dati
796 3035 921 3082 sunt,
953 3036 1086 3086 prout
1113 3031 1242 3074 nobis
1276 3031 1459 3086 placuit,

129 3096 365 3138 agnoscere
383 3089 567 3138 oportet,
597 3085 743 3128 itidem
774 3086 1000 3141 publicare
1025 3087 1202 3131 minime
1224 3086 1457 3140 curaverit,

129 3144 217 3182 tam
247 3139 534 3195 dispendium,
565 3141 870 3198 quodcumque
897 3143 1123 3198 publicum
1146 3143 1230 3187 hac
1247 3155 1301 3187 ex
1323 3155 1460 3187 causa

130 3285 180 3336 (1)
210 3283 360 3323 referre
390 3280 447 3333 1⁶,
485 3282 590 3324 ferre
619 3284 754 3325 ΚΟΙ(ι
853 3286 908 3337 (2)
936 3286 1094 3338 possint
1135 3286 1233 3328 libri
1331 3288 1386 3340 (3)
1418 3286 1456 3326 ei
1539 3299 1583 3326 τι
1625 3284 1847 3326 Heimbach

129 3339 177 3379 de
208 3340 311 3389 edd„
341 3337 406 3378 vel
436 3338 473 3378 ei
502 3339 550 3379 de
584 3340 632 3390 Ο,
662 3339 725 3379 vel
756 3340 885 3380 eidem
917 3341 963 3382 K
1035 3343 1088 3395 (4)
1121 3358 1152 3383 c.
1184 3352 1239 3385 18.
1269 3351 1310 3385 19
1341 3343 1455 3384 Ana-

129 3396 246 3436 stasii
281 3409 365 3435 esse
404 3394 611 3449 colliqitur
651 3411 698 3436 ex
733 3399 766 3447 l,
797 3406 830 3448 4,
861 3406 925 3448 18,
966 3413 1069 3451 quae
1105 3401 1261 3452 yemina
1301 3401 1458 3440 videtur

130 3460 218 3492 c.19
253 3456 308 3499 §1
394 3449 446 3501 (5)
475 3470 530 3485 =
558 3450 602 3491 B
633 3454 698 3501 57,
717 3461 750 3503 4,
774 3462 814 3494 18
903 3454 957 3504 (o)
987 3452 1264 3508 θεσπίζομεν
1294 3456 1460 3496 tradunt

132 3506 334 3548 Paratitla
364 3508 422 3546 ad
453 3505 582 3546 Const.
621 3509 653 3557 l,
684 3516 704 3549 3
797 3508 851 3559 (7)
883 3530 935 3543 =
966 3509 1011 3550 B
1041 3513 1108 3562 57,
1140 3520 1174 3561 4,
1205 3520 1244 3552 19
1332 3510 1390 3563 (8)
1421 3508 1465 3551 εἴ

183 3669 395 3715 XXXVII
439 3669 503 3718 18
544 3670 668 3715 Idem
696 3672 747 3715 A.
792 3671 1059 3729 Constitutio
1099 3673 1221 3719 iubet
1258 3675 1306 3718 in
1345 3675 1458 3719 locis

129 3726 333 3785 inprimis
362 3739 415 3770 ea
453 3727 636 3771 retineri
674 3741 789 3784 quae
827 3728 1038 3773 militibus
1066 3730 1299 3787 eroqanda
1337 3737 1457 3783 sunt,

129 3789 174 3826 et
195 3787 298 3826 tunc
312 3781 483 3826 demum
497 3782 695 3846 reliquas
715 3783 817 3839 fisci
831 3797 992 3828 causas
1007 3786 1271 3843 procedere.
1315 3800 1460 3844 neque

130 3838 244 3882 enim
266 3837 389 3882 solas
419 3838 777 3897 transmissiones
800 3853 992 3897 urquere
1023 3847 1215 3899 oportet,
1244 3842 1459 3886 militares

130 3907 233 3938 vero
272 3894 556 3951 erogationes
594 3894 841 3952 neqleqere.
910 3898 1202 3955 maqistratus
1240 3905 1387 3944 autem
1416 3903 1462 3943 et

131 3949 329 3993 civitates
359 3962 596 4006 omnesque
625 3950 740 3994 alias
759 3950 971 4008 publicas
991 3966 1242 4010 personas,
1281 3954 1323 3997 si
1351 3954 1462 4012 quid

131 4019 283 4048 eorum
351 4019 435 4049 uae
464 4006 705 4050 constituta
733 4013 840 4050 sunt
875 4007 1088 4052 violatum
1115 4010 1283 4066 fuerit,
1313 4017 1357 4054 et
1383 4025 1459 4068 pe-

132 4061 287 4103 cunias
346 4075 369 4105 e
396 4074 479 4104 suo
508 4061 720 4105 militibus
748 4067 792 4107 et
827 4063 1010 4107 multam
1043 4063 1078 4107 C
1104 4067 1205 4110 auri
1244 4066 1461 4111 librarum

132 4114 378 4172 dependere
404 4115 611 4160 iubemus.

190 4169 252 4217 19
294 4170 418 4215 Idem
455 4173 505 4215 Α.
551 4171 814 4218 Constitutio
844 4175 1097 4233 praecipit,
1137 4182 1189 4221 ut
1224 4178 1265 4222 si
1299 4178 1463 4223 milites

128 4228 332 4289 propriis
359 4228 616 4271 ministeriis
643 4243 735 4272 non
771 4230 1051 4282 incumbunt,
1081 4232 1161 4276 sed
1188 4233 1258 4278 vel
1295 4234 1462 4279 auoeilii

134 4289 284 4336 qratia
305 4283 516 4347 personis
538 4283 799 4341 quibusdam
826 4286 1029 4343 deputati
1055 4288 1231 4343 fuerint
1254 4289 1324 4335 vel
1346 4303 1461 4334 com-

134 4342 279 4399 meatu
322 4338 509 4391 dzmissi,
553 4353 758 4384 annonas
807 4355 961 4386 eorum
1006 4345 1236 4388 actuarius
1278 4359 1371 4390 non
1414 4347 1462 4389 in

136 4391 361 4453 speciebus
389 4394 604 4457 accipiat,
642 4408 697 4439 ne
732 4403 943 4454 pereant,
984 4397 1064 4441 sed
1099 4399 1147 4441 in
1183 4414 1298 4445 auro
1328 4402 1462 4446 aesti-

139 4450 267 4488 matis
298 4448 526 4509 speciebus
564 4450 624 4493 ad
665 4464 840 4497 mensae
878 4454 1126 4506 rationem,
1169 4455 1461 4501 iureiurando

139 4506 352 4552 praestito
382 4509 423 4546 et
453 4519 481 4546 a
512 4506 698 4548 tribunis
727 4513 770 4550 et
799 4523 827 4551 a
857 4509 1037 4553 vicariis
1072 4516 1117 4552 et
1153 4524 1182 4553 a
1211 4512 1463 4556 domesticis

142 4557 182 4592 et
210 4553 505 4618 abac-tuariis
543 4567 582 4602 et
622 4561 676 4603 ab
718 4564 992 4618 optionibus,
1033 4566 1110 4621 qui
1149 4566 1287 4610 nihilo
1318 4570 1463 4611 minus

135 4614 243 4663 post
271 4613 574 4656 iusiurandum
605 4616 804 4659 rationes
832 4619 1025 4663 reddunt
1054 4625 1110 4673 et,
1151 4622 1190 4663 si
1219 4636 1309 4677 qua
1338 4624 1384 4666 in
1413 4637 1463 4666 re

1438 133 1545 194 474

2090 146 2166 184 DE
2202 145 2562 185 EROGA‘rIomt
2595 146 2871 186 mLITARIS

1536 285 1811 336 sustinuerit,
1843 284 1882 329 ei
1913 282 1996 329 de⁸
2025 284 2207 340 proprio
2245 280 2479 333 resarcire,
2525 293 2656 335 quam
2693 282 2872 338 triginta

1534 343 1749 386 librarum
1779 342 1875 384 auri
1905 341 2090 384 multam
2119 341 2301 395 propter
2329 347 2452 381 suam
2481 335 2712 391 desidiam,
2740 339 2871 383 immo

1537 402 1560 440 3
1619 396 1755 451 magis
1787 395 2076 440 coniventiam
2112 393 2358 451 dependere
2396 391 2606 448 cogendo.
2670 391 2871 438 Rectori-

1536 455 1619 497 bus
1634 451 1770 496 nihilo
1787 452 1931 496 minus
1945 451 2270 508 provinciarum
2286 452 2332 493 et
2346 448 2699 504 apparitionibus
2710 459 2873 503 eorum,

1537 508 1577 554 si
1605 512 1776 551 statuta
1806 512 1960 552 nostra
1987 507 2246 552 violaverint
2274 518 2351 549 seu
2379 504 2534 548 violari
2563 504 2873 558 concesserint,

1538 563 1734 608 eiusdem
1764 563 2141 608 condemnationis
2172 561 2390 606 solutione
2419 558 2722 616 percellendis.

1597 617 1660 666 18
1693 616 1753 671 [Ὁ
1783 615 1913 662 αὐτὸς
1940 615 2192 674 βασιλεῦςἈ]

1653 674 1736 717 ⁶‘H
1759 671 1956 725 διάταξις
1993 674 2154 717 κελεύει
2184 671 2403 733 πρότερον
2442 675 2517 715 ἐπὶ
2558 670 2706 730 χώρας
2734 685 2876 730 παρα-

1652 731 1919 789 κρατεῖσθαι
1956 725 2007 773 τί.
2051 731 2111 773 εἰς
2149 730 2428 789 στρατιώτας
2467 726 2776 783 δαπανώμενα
2802 729 2876 769 καὶ

1652 788 1900 840 τηνικαῦτα
1939 785 2017 829 τὰς
2047 785 2200 830 λοιπὰς
2239 786 2382 827 αἰτίας
2421 786 2499 827 τοῦ
2532 781 2743 839 δημοσίου
2771 798 2878 840 προ-

1653 844 1800 899 βῆναι.
1854 838 1959 884 οὐδὲ
1986 840 2069 901 γὰρ
2098 840 2180 900 χρὴ
2206 842 2346 897 μόνας
2364 840 2443 883 τὰς
2471 838 2699 893 ἐκπομπὰς
2716 852 2877 881 κατεπ-

1654 900 1880 958 είγεσθαι,
1930 897 2243 954 ῥᾳθυμεῖσθαι
2283 895 2332 939 δὲ
2368 894 2422 939 vi:
2461 893 2762 953 στρατιωτικὰ
2802 892 2878 937 δα·

1654 952 1911 1009 πανὴματα.
1969 952 2070 996 τοὺς
2101 951 2150 996 δὲ
2177 951 2393 1012 ἄρχοντας
2421 956 2494 994 καὶ
2524 950 2601 995 τὰς
2630 949 2777 996 πόλεις
2805 953 2881 992 καὶ

1653 1010 1807 1055 πάντα
1835 1009 1916 1053 τὸν
1945 1012 2098 1067 ἕτερον
2128 1006 2462 1065 δημοσιεύοντα,
2493 1008 2538 1049 εἴ
2554 1024 2600 1051 τι
2623 1005 2880 1066 παραβαθῇ

1653 1068 1749 1109 τῶν
1793 1066 2168 1117 θεσπισθέντων,
2211 1068 2284 1107 καὶ
2327 1064 2379 1108 τὰ
2425 1063 2629 1124 χρήματα
2672 1066 2882 1121 παρέχειν

1654 1122 1839 1165 οἴκοθεν
1876 1126 1967 1165 τοῖς
1995 1119 2295 1180 στρατιώταις
2331 1125 2404 1163 καὶ
2441 1118 2690 1180 πρόστιμον
2719 1115 2882 1161 ἑκατὸν

1655 1177 1824 1236 λιτρῶν
1852 1183 2032 1235 χρυσίου
2060 1178 2355 1232 θεσπίζομεν.
2554 1181 2610 1229 [a.
2643 1177 2880 1225 491—505]

1602 1233 1665 1281 19
1699 1230 1758 1286 [Ὁ
1789 1231 1921 1277 αὐτὸς
1951 1232 2172 1289 βασιλεύς]
2206 1265 2427 1276 ......
2461 1231 2770 1287 Θεσπίζομενθ

1658 1287 1740 1332 ⁷‘H
1765 1287 1977 1346 διάταξιςν
1992 1289 2178 1341 κελεύει,
2211 1290 2308 1341 ἵνα,
2347 1290 2424 1332 ἐὰν
2463 1289 2742 1347 στρατιῶται
2780 1282 2806 1329 ὖ
2843 1302 2881 1328 ε-

1653 1347 1822 1389 στῶτες
1848 1345 1909 1402 μὴ
1939 1348 2054 1389 ὦσιν
2084 1349 2132 1388 ἐν
2161 1349 2257 1388 ταῖς
2282 1346 2461 1388 οἰκείαις
2483 1342 2748 1404 ἀγγαρείαις,
2775 1302 2885 1404 oizi:

1654 1401 1680 1457 ἢ
1710 1403 1769 1444 εἰς
1797 1401 2023 1458 βοήθειαν
2053 1399 2078 1456 ὴ
2114 1418 2136 1443 ο
2168 1402 2371 1456 ίσθησαν
2407 1398 2669 1460 προσώποις
2705 1403 2828 1443 τισὶν
2853 1413 2879 1449 ²,

1655 1457 1771 1502 κατὰ
1796 1458 1959 1515 ἄφεσιν
1988 1454 2074 1501 ἀπε
2102 1418 2297 1511 {igneam
2335 1456 2395 1512 μὴ
2433 1456 2678 1513 λαμβάνειν
2705 1455 2783 1499 τὰς
2811 1453 2883 1498 ἆν-

1654 1512 1788 1558 νόνας
1819 1512 1972 1557 αὐτῶν
1996 1514 2079 1557 τὸν
2102 1510 2574 1571 ὑπομνηματοφύλακα
2603 1515 2653 1556 ἐν
2681 1509 2789 1555 εἴδει
2808 1508 2884 1555 διὰ

1654 1570 1705 1615 τὸ
1736 1571 1795 1626 μὴ
1827 1571 2119 1630 φθείρεσθαι,
2147 1567 2248 1613 ἀλλ’
2281 1572 2331 1612 ἐν
2368 1570 2517 1629 χρυσῷ
2555 1566 2884 1625 ὃιατιμωμένου

1654 1628 1733 1669 ‘cof
1758 1624 1898 1669 εἴδους
1921 1631 2032 1670 κατι)
2059 1625 2143 1680 τὴν
2158 1623 2396 1684 τράπεζαν,
2427 1622 2558 1684 ὅρκου
2581 1626 2884 1683 παρεχομένου
2939 1635 2941 1638 “

1655 1681 1774 1738 παρά
1817 1700 1866 1725 τε
1902 1684 1998 1726 τῶν
2026 1680 2283 1741 τριβούνων
2321 1686 2395 1724 καὶ
2428 1683 2523 1725 τῶν
2559 1685 2781 1739 βικαρίων
2808 1682 2884 1724 καὶ

1654 1740 1752 1782 τῶν
1804 1737 2081 1795 δομεστίκων
2107 1742 2206 1793 ,καὶ
2257 1734 2767 1795 ὑπομνηαατοφυλάκων
2810 1739 2884 1779 καὶ

1654 1793 1914 1847 ὀπτιώνων,
1945 1793 2075 1837 οὐδὲν
2106 1794 2242 1848 ἦττον
2265 1799 2339 1837 καὶ
2357 1793 2470 1850 μετὰ
2487 1793 2570 1837 τὸν
2599 1790 2733 1850 ὅρκον
2763 1791 2883 1852 λογο-

1657 1853 1950 1906 θετουμένων
1978 1857 2072 1902 καί,
2113 1852 2229 1893 εἴτε8
2258 1846 2314 1894 ἂν
2343 1847 2638 1906 εὑρεθείησαν
2666 1846 2884 1906 ψευσάμε-

1577 1914 1595 1952 1
1654 1925 1739 1958 νοι,
1770 1910 1819 1949 ἐν
1849 1905 1999 1961 διπλῷ
2029 1906 2425 1962 καταβαλλόντων.
2484 1908 2541 1948 Εἰ
2571 1904 2620 1948 δὲ
2647 1909 2722 1947 καὶ
2751 1919 2883 1964 στρα-

1654 1961 1818 2018 τιώτης
1855 1964 2140 2022 ἐξαργυρίσαι
2179 1962 2426 2018 βουληθείη
2467 1962 2547 2005 τὰς
2582 1965 2885 2020 παρεχομένας

1656 2015 1782 2073 αὐτῷ
1819 2016 2033 2070 ἀννόνας,
2075 2016 2263 2076 λήψεται
2305 2021 2357 2061 τᾶ
2400 2018 2603 2077 χρήματα
2645 2015 2760 2060 κατὰ
2799 2015 2883 2071 τὴν

1654 2073 1896 2134 τράπεζαν.
1957 2076 2020 2117 9εἰ
2050 2073 2099 2116 δὲ
2125 2075 2178 2118 τὸ
2209 2072 2322 2117 εἶδος
2351 2073 2582 2130 λαμβάνει,
2614 2071 2803 2132 λήψεται
2831 2070 2884 2115 τὸ

1658 2134 1707 2173 ἐν
1736 2133 1789 2190 τῇ
1830 2130 1955 2190 χώρᾳ
1993 2130 2319 2189 χορηγούμενον
2357 2131 2474 2173 κατὰ
2510 2128 2777 2184 δοκιμασίαν
2804 2128 2884 2171 τοῦ

1657 2183 2011 2244 θεοφιλεστάτου
2055 2190 2152 2229 τῶν
2195 2183 2355 2229 τόπων
2399 2182 2648 2238 ἐπισκόπου
2691 2187 2768 2227 καὶ
2804 2183 2884 2226 τοῦ

1549 2248 1601 2288 la
1660 2239 1973 2302 λαμπροτάτου
2013 2241 2187 2284 ἐκδίκου
2225 2243 2302 2295 τῆς
2341 2238 2526 2285 πόλεως.
2594 2242 2652 2283 Εἰ
2681 2237 2731 2283 δὲ
2757 2242 2832 2282 καὶ
2860 2235 2885 2282 ὃ

1656 2297 2098 2355 ὑπομνηματοφύλαξ
2125 2294 2320 2357 ἀγοράσῃ
2350 2297 2472 2356 παρὰ
2503 2293 2785 2355 στρατιώτου
2807 2293 2887 2340 τὰς

1656 2352 1846 2398 ἀννόνας
1876 2350 2011 2396 αὐτοῦ
2036 2357 2111 2396 καὶ
2142 2350 2273 2397 αὐτὸς
2287 2355 2323 2380 ¹⁰
2352 2350 2569 2410 λαμβάνει
2600 2350 2734 2396 αὔτάς
2762 2349 2887 2408 παρὰ

1658 2412 1740 2453 τοῦ
1776 2408 2067 2453 συντελεστοῦ
2105 2406 2165 2452 ὥς
2203 2410 2537 2467 ἐκχωρηθείσας
2574 2406 2711 2465 αὐτῷ,
2747 2406 2910 2454 πάλιν.

1656 2465 1769 2509 κατὰ
1798 2464 1881 2520 τὴν
1911 2464 2141 2525 τράπεζαν
2170 2464 2417 2523 λαμβάνειν
2434 2462 2586 2518 αὐτόν,
2616 2467 2656 2508 εἰ
2678 2464 2739 2521 μὴ
2763 2462 2886 2524 παρὰ

1656 2522 1707 2565 τό
1754 2520 1867 2565 εἶδος
1917 2521 2125 2577 βούλεται
2169 2519 2193 2565 ὁ
2237 2520 2526 2575 συντελεστὴς
2569 2525 2886 2582 προσαγαγεῖν.

1550 2579 1599 2623 lb
1659 2580 1716 2621 Ei
1746 2576 1796 2621 δὲ
1823 2581 1897 2621 καὶ
1928 2577 1972 2621 οἱ
1999 2577 2284 2621 συντελεσταὶ
2312 2578 2648 2635 βουληθείησαν
2677 2578 2888 2622 ἑκουσίως

1658 2634 1867 2690 πωλῆσαί
1913 2651 2019 2678 τινα
2060 2638 2152 2677 τοῖς
2194 2632 2510 2693 στρατιώταις,
2562 2633 2613 2677 οὗ
2655 2631 2886 2691 κωλύομεν

1657 2693 1790 2734 τοῦτο
1818 2690 2053 2750 γίνεσθαι,
2083 2691 2123 2733 εἰ
2151 2694 2224 2732 καὶ
2263 2689 2497 2747 μέλλουσιν
2525 2695 2575 2733 ἑκ
2601 2687 2762 2734 τούτου
2789 2705 2885 2763 κερ-

1659 2745 1843 2799 δαίνειν,
1881 2742 2049 2801 ἥττονα
2087 2743 2320 2801 ποσότητα
2348 2745 2485 2790 εἰδῶν
2518 2750 2785 2806 παρέχοντες
2812 2764 2886 2791 αυ-

1657 2808 1747 2847 τοῖς
1783 2801 1907 2861 παρὰ
1943 2802 2027 2857 τὴν
2066 2800 2286 2859 δημοσίαν
2313 2802 2555 2863 τράπεζαν.
2621 2802 2682 2860 μὴ
2719 2803 2886 2855 ἐξέστω

1658 2857 1709 2902 δὲ
1736 2864 1826 2902 τοῖς
1855 2858 2056 2903 πολίταις
2071 2861 2106 2887 ¹²
2143 2861 2191 2901 ἐκ
2227 2858 2387 2903 τούτου
2423 2858 2646 2915 βλάπτειν
2674 2858 2757 2903 τὸν
2785 2875 2885 2904 συν·

1656 2913 1879 2969 τελεστήν,
1920 2917 2016 2968 ἵνα,
2058 2913 2135 2958 ἐὰν
2166 2911 2293 2958 αὐτοὶ
2322 2917 2469 2959 κακῶς
2507 2912 2885 2974 συμφωνήσωσιν,

1657 2969 1943 3030 ἀναγκάζωσι
1957 2970 2041 3015 τὸν
2056 2970 2351 3027 συντελεστὴν
2365 2970 2523 3015 καθώς
2547 2969 2838 3029 συνεφώνησε
2850 2973 2886 3000 ¹²

1575 3033 1600 3073 2
1658 3032 1906 3086 παρασχεῖν
1934 3027 1990 3071 τὸ
2019 3025 2127 3082 εἴδη.
2186 3024 2393 3088 Εὑροῦσα
2431 3026 2482 3071 δὲ
2518 3023 2546 3082 ἦ
2575 3025 2786 3080 διάταξις,
2814 3023 2886 3072 ὅτι

1657 3090 1736 3127 καί
1771 3099 1888 3127 τινες
1925 3085 2022 3128 τῶν
2058 3101 2115 3137 χα
2173 3082 2397 3142 ουλαρίων
2425 3085 2522 3128 τῶν
2545 3083 2885 3152 γενναιοτάτων

1657 3137 1872 3201 ἀριθμῶν
1909 3138 2008 3196 ἦτοι
2045 3099 2327 3199 magle-ocium}
2365 3155 2673 3184 συνωνουνται
2716 3140 2887 3185 ἑαυτοῖς

1969 3284 2027 3335 (9)
2061 3289 2080 3332 9
2114 3292 2131 3325 1
2157 3285 2240 3336 fin.
2270 3304 2327 3320 --
2359 3286 2395 3336 1,
2426 3293 2532 3337 4,,18
2647 3285 2724 3337 (10)
2754 3278 2886 3327 αὐτός

1547 3342 1736 3383 Οιιίαοίαε
1769 3341 1889 3391 1584,
1921 3333 2060 3381 αὐτόν
2095 3340 2284 3382 Cuiacius
2317 3341 2438 3393 1562,
2469 3342 2574 3382 unde
2603 3341 2886 3383 Herrmannus

1542 3398 1685 3438 conicit
1714 3397 1787 3437 hoc
1827 3397 1910 3437 loco
1951 3391 2089 3437 αὐτὸν
2119 3392 2365 3450 λαμβάνειν
2393 3412 2472 3438 scr.
2509 3406 2547 3438 et
2575 3399 2688 3451 infra
2717 3391 2884 3452 λαμβά-

1539 3468 1637 3494 νειν
1667 3446 1807 3494 αὐτόν
1829 3453 1905 3493 del.
1966 3453 2034 3504 (11)
2064 3447 2366 3508 στρατιώταις
2387 3454 2605 3507 requiritur
2660 3454 2734 3506 (12)
2763 3446 2882 3495 καθ’

1537 3500 1611 3551 εἶν
1639 3506 1943 3564 συνεφωνήθη
1973 3524 2049 3549 scr.

1548 3678 1566 3717 1
1614 3673 1834 3718 mendacii
1864 3674 2056 3719 convicti
2080 3674 2490 3733 fuerint,duplum
2517 3675 2708 3721 solvunt.
2753 3675 2886 3732 Quod

1541 3730 1582 3773 si
1622 3730 1747 3774 miles
1784 3735 2082 3788 competentes
2123 3730 2208 3774 sibi
2256 3744 2464 3775 annonas
2509 3731 2731 3778 adaerare
2773 3733 2882 3789 vult,

1534 3786 1757 3844 pecunias
1785 3785 1847 3830 ad
1873 3786 2094 3831 rationem
2122 3798 2301 3832 mensae
2329 3787 2530 3845 accipiet.
2580 3788 2621 3832 si
2648 3802 2753 3834 vero
2781 3802 2882 3848 spe·

1543 3842 1631 3886 cies
1660 3841 1842 3895 mavult,
1872 3856 1950 3886 eas
1978 3855 2094 3900 quas
2121 3843 2249 3900 reqio
2312 3842 2405 3886 arit
2438 3844 2630 3943 aczlipiet
2657 3844 2882 3891 arbitratu

1543 3898 1625 3942 deo
1643 3898 1937 3942 amantissimi
1955 3898 2156 3957 episcopi
2178 3904 2222 3943 et
2237 3912 2260 3942 c
2279 3899 2475 3943 arissimi
2529 3901 2754 3958 efensoris
2777 3902 2881 3947 civi-

1548 3958 1601 3998 la
1659 3954 1777 3998 tatis.
1837 3952 1889 3997 Si
1918 3967 2023 3999 vero
2052 3956 2285 3999 actuarius
2313 3969 2343 3999 a
2370 3955 2510 4000 milite
2539 3970 2747 4002 annonas
2784 3957 2882 4002 eius

1544 4011 1700 4054 emerit
1739 4023 1905 4066 easque
1941 4025 1970 4054 a
2006 4010 2226 4055 collatore
2263 4015 2316 4055 ut
2354 4024 2505 4056 cessas
2543 4012 2629 4057 sibi
2656 4013 2878 4072 exposcit,

1543 4079 1704 4110 rursus
1733 4065 1794 4109 ad
1820 4067 2041 4111 rationem
2065 4080 2245 4111 mensae
2267 4079 2346 4112 eas
2369 4068 2536 4126 accipit
2577 4069 2666 4113 nisi
2687 4068 2880 4114 collator

1550 4121 1598 4166 1b
1655 4123 1704 4165 in
1741 4121 1971 4179 speciebus
2006 4136 2084 4167 eas
2120 4123 2296 4180 infer-re
2333 4123 2438 4168 vult.
2507 4103 2560 4168 5ῗὶ
2597 4137 2701 4170 vero
2741 4123 2876 4170 colla·

1548 4183 1669 4223 tores
1696 4177 1817 4222 ultro
1849 4191 1947 4222 cum
1985 4178 2199 4223 militibus
2226 4179 2418 4224 mercari
2447 4180 2626 4234 volunt,
2666 4179 2751 4224 boc
2775 4181 2877 4237 sieri

1545 4248 1638 4278 non
1667 4238 1878 4287 vetamus,
1910 4235 2014 4279 licet
2040 4248 2103 4279 ex
2130 4248 2183 4279 eo
2214 4235 2388 4279 lucrum
2415 4237 2593 4293 facturi
2621 4235 2726 4289 sint,
2756 4236 2881 4294 quod
2928 4271 2930 4274 .

1546 4291 1760 4334 minorem
1788 4291 2036 4346 specierum
2065 4291 2363 4348 quantitatem
2391 4292 2456 4336 eis
2491 4291 2730 4336 secundum
2759 4306 2878 4337 men-

1545 4360 1623 4390 sae
1651 4345 1871 4390 rationem
1899 4347 2117 4404 inferunt.
2163 4360 2245 4391 nec
2263 4347 2397 4392 liceat
2415 4347 2583 4393 civibus
2603 4347 2878 4403 (militibus?)

1547 4402 1808 4447 collatorem
1852 4401 2018 4447 exinde
2056 4402 2220 4447 damno
2251 4402 2458 4461 adficere,
2488 4402 2631 4460 quod,
2662 4417 2761 4447 cum
2789 4405 2878 4463 ipsi

1546 4457 1662 4502 male
1690 4456 1822 4516 pacti
1858 4463 1986 4511 sunt,
2026 4457 2287 4503 collatorem
2326 4463 2485 4503 contra
2522 4472 2576 4503 ea
2611 4471 2728 4516 quae
2753 4461 2879 4519 pacti

1548 4517 1571 4555 2
1629 4518 1735 4557 sunt
1761 4514 1932 4570 species
1960 4514 2135 4570 inferre
2164 4527 2216 4558 co
2251 4520 2340 4558 ant.
2403 4513 2508 4559 Cum
2537 4519 2682 4559 autem
2713 4517 2878 4560 consti-

1549 4570 1661 4612 tutio
1691 4568 1909 4613 invenerit
1967 4568 2154 4613 uosdam
2183 4583 2206 4614 c
2240 4569 2488 4614 artularios
2521 4570 2876 4628 fortissimorum

1546 4636 1830 4669 numerorum
1870 4638 1920 4669 ve
1977 4624 2319 4681 foederatorum
2353 4626 2629 4683 frumentum
2666 4626 2751 4671 sibi
2779 4640 2876 4672 coe-
