3138 4776
151 171 226 214 nn
263 161 490 210 orricio
524 170 607 208 PP.
646 157 902 208 0611111118

150 305 537 358 constitutionibus
568 305 844 360 contrariam,
875 304 913 349 si
941 304 1049 369 nihil
1070 309 1225 361 postea
1250 320 1305 352 ex
1326 311 1479 352 aucto-

147 367 279 413 ritate
305 377 402 410 mea
429 365 686 410 innovatum
714 365 794 417 est,
824 372 988 407 servari
1018 373 1204 418 aequum
1225 367 1304 409 est.
1349 363 1404 409 D.
1420 361 1480 407 id.

147 423 219 469 Au
252 457 262 466 .
294 420 458 467 Severo
488 425 534 467 et
559 419 802 475 Quintiano
833 430 977 462 conss.
1294 424 1351 473 [a.
1382 421 1480 470 235]

205 435 252 526 3ᾳ
280 476 366 522 ¹Im
422 491 475 536 p.
531 474 870 522 Valentinianus
923 472 1197 518 Theodosius
1248 480 1294 519 et
1342 475 1482 520 Area·

148 533 251 580 dius
277 492 428 579 ΑΑΞρ
444 533 633 578 Tatiano
653 544 739 589 pp.
797 529 845 573 Si
874 541 983 585 quos
1004 529 1179 594 ‘iudices
1207 531 1275 575 vel
1304 534 1484 588 propter

149 591 376 636 adversam
418 594 465 634 et
505 587 786 643 longinquam
840 597 1037 641 corporis
1080 587 1375 631 valetudinem
1415 584 1484 630 vel

149 650 332 704 propter
370 643 684 700 neglegentiam
723 645 802 685 aut
839 640 1005 684 furtum
1032 643 1101 686 vel
1140 643 1278 688 simile
1308 640 1484 699 aliquod

149 702 305 748 vitium
333 701 576 746 sublimitas
604 701 682 743 tua
710 697 886 742 inutiles
917 710 1014 742 esse
1042 700 1298 755 reppererit,
1327 699 1397 742 his
1427 696 1482 741 ab

150 757 526 803 administratione
560 753 736 798 remotis
776 758 821 797 et
858 753 953 797 vice
990 767 1142 799 eorum
1189 755 1288 800 aliis
1328 754 1484 800 subro-

151 814 267 871 gatis
293 813 553 868 furibusque
579 810 734 866 poenis
763 808 963 864 legitimis
995 811 1190 856 subactis
1220 811 1278 855 ad
1306 815 1486 855 nostrae

149 867 498 915 mansuetudinis
540 865 768 911 scientiam
813 879 903 910 non
932 866 1133 920 crimina,
1177 868 1255 912 sed
1293 865 1486 910 vindicta

149 925 380 971 referatur.
446 922 501 968 D.
540 933 591 966 VJ
629 935 734 966 non.
776 920 886 966 Mai.
925 921 1174 967 Mediolani
1212 921 1404 967 Timasio
1443 923 1487 964 et

149 980 368 1027 Promoto
397 991 538 1024 conss.
1299 983 1355 1031 [a.
1387 978 1484 1027 389]

206 1035 239 1083 4
267 1034 412 1082 ’Idem
441 1033 573 1079 AAA.
604 1032 760 1077 Addeo
800 1033 954 1077 comiti
989 1039 1035 1079 et
1075 1035 1292 1093 maqistro
1321 1032 1485 1078 utrius-

149 1106 239 1151 que
271 1089 467 1136 militiae.
534 1089 603 1134 De
642 1089 866 1134 ordinario
909 1090 1054 1134 iudice
1092 1103 1263 1147 semper
1303 1086 1485 1134 illustris

148 1152 220 1193 est
259 1159 310 1192 co
371 1145 447 1190 ‘tio
490 1145 821 1201 praefecturae,
865 1145 970 1190 licet
1011 1147 1188 1191 militari
1225 1147 1317 1191 viro
1347 1145 1403 1188 ab
1432 1155 1483 1186 eo

148 1203 269 1248 facta
323 1202 437 1246 uerit
474 1202 646 1246 iniuria.
707 1200 763 1246 D.
791 1202 910 1260 prid.
947 1203 1006 1246 id.
1039 1202 1139 1247 Ian.
1175 1199 1485 1247 Constantino-

142 1259 245 1321 poli
274 1257 522 1303 Theodosio
552 1259 604 1303 A.
637 1270 706 1302 m
732 1262 775 1302 et
803 1257 1089 1303 Abundantio
1120 1271 1263 1303 conss.
1313 1261 1369 1311 [a.
1387 1257 1483 1307 393]

205 1313 236 1362 5
266 1312 465 1379 ³Imppp.
481 1313 706 1358 Arcadius
733 1313 968 1358 Honorius
997 1320 1042 1359 et
1064 1313 1338 1359 Theodosius
1352 1310 1483 1357 ΑΑΑ.

146 1370 382 1416 Anthemio
402 1384 487 1435 pp.
558 1370 606 1414 Si
636 1369 710 1426 qui
739 1370 928 1426 posthac
957 1371 1076 1415 velut
1103 1370 1312 1414 indebitis
1342 1365 1484 1432 oneri-

146 1428 230 1472 bus
257 1430 425 1483 gravati
463 1425 521 1470 ad
548 1439 704 1482 preces
742 1425 1006 1470 crediderint
1044 1426 1362 1470 convolandum
1397 1435 1486 1468 sive

147 1483 203 1528 de
237 1481 520 1527 naviculariis
558 1481 805 1526 rationibus
845 1482 939 1526 sive
972 1481 1386 1533 transvectionibus‚
1416 1491 1484 1523 re-

147 1539 329 1596 scripta,
369 1550 481 1594 quae
517 1538 571 1582 de
601 1538 803 1583 omnibus
831 1531 900 1581 his
930 1542 1064 1593 atque
1091 1537 1340 1581 huiusmodi
1369 1535 1486 1580 ordi-

147 1594 398 1639 nationibus
437 1594 576 1638 emitti
615 1593 867 1648 contigerit,
918 1593 975 1636 ad
1017 1592 1165 1636 sedem
1203 1591 1486 1636 sublimitatis

145 1655 250 1695 tuae
277 1649 591 1694 rescribantur.
661 1648 718 1693 D.
758 1660 830 1691 VII
863 1647 924 1691 id.
956 1647 1061 1693 Dee.
1097 1646 1389 1692 Constantino
1425 1647 1488 1691 oli

146 1704 394 1751 Stilichone
422 1715 470 1748 ΙΙ
493 1710 540 1750 et
563 1703 802 1749 Anthemio
832 1717 975 1748 conss.

711 1929 930 1979 XXVH.⁵

143 2015 219 2057 DE
256 2013 483 2057 OFFIGIO
521 2011 846 2054 PRAEFECTI
883 2013 1199 2056 PRAETORIO
1239 2012 1487 2054 AFRICAE

192 2071 266 2112 ΕΤ
294 2070 371 2112 DE
403 2069 547 2112 OMNI
575 2068 835 2110 EIUSDEM
862 2070 1209 2112 DIOECESEOS
1240 2069 1429 2111 STATU.

201 2152 225 2200 1
260 2151 319 2197 In
346 2151 525 2197 nomine
553 2150 726 2196 domini
757 2152 904 2197 nostri
932 2149 1069 2196 Ihesu
1100 2150 1267 2197 Christi
1294 2152 1488 2211 impera-

143 2213 216 2254 tor
247 2207 413 2255 Caesar
439 2207 627 2253 Flavius
659 2205 943 2253 Iustinianus
962 2208 1282 2252 Alamannicus
1314 2207 1488 2253 Gotthi-

142 2279 221 2310 cus
255 2264 505 2309 &ancisus
547 2262 842 2308 Germanicus
869 2265 1058 2309 Anticus
1085 2263 1303 2309 Alanicus
1343 2264 1385 2309 V
1382 2278 1488 2310 van-

144 2321 318 2366 dalious
372 2320 624 2379 Africanus
673 2320 786 2379 pius
838 2321 963 2379 felix
1019 2320 1200 2364 inolitus
1246 2321 1392 2366 victor
1434 2334 1490 2365 ao

146 2375 448 2436 triumphator
489 2389 664 2434 semper
707 2377 940 2434 Auqustus
982 2375 1205 2420 Archelao
1240 2377 1488 2434 praefecto

139 2433 377 2493 praetorio
416 2431 617 2490 Africae.
694 2431 814 2487 Quas
910 2432 1022 2476 atias
1065 2436 1144 2475 aut
1186 2445 1295 2487 quas
1334 2432 1489 2477 laudes

145 2489 320 2534 domino
364 2487 446 2532 deo
489 2491 640 2532 nostro
682 2488 816 2532 1116811
890 2488 1031 2532 1111810
1075 2488 1284 2532 exhibere
1329 2488 1488 2533 debea-

143 2558 265 2600 mus,
304 2557 387 2589 nec
426 2557 547 2588 mens
585 2548 743 2589 nostra
779 2548 929 2600 potest
969 2544 1199 2600 concipere
1228 2557 1311 2588 1166
1340 2545 1490 2600 lingna

149 2606 167 2646 1
226 2600 439 2658 proferre.
482 2600 650 2644 Multas
666 2600 840 2656 quidem
865 2605 909 2645 et
939 2606 1069 2644 antea
1093 2613 1121 2644 a
1143 2600 1224 2645 (160
1249 2601 1489 2645 11161111111118

142 2658 370 2714 largitates
409 2660 452 2700 et
488 2656 830 2700 innumerabilia
869 2657 988 2701 eirca
1026 2670 1108 2701 nos
1144 2658 1239 2701 eius
1275 2658 1490 2702 beneficia

143 2712 426 2766 confitemur,
476 2725 560 2768 pro
614 2711 778 2769 quibus
830 2711 940 2756 nihil
993 2712 1170 2768 dignum
1223 2726 1304 2757 nos
1348 2714 1490 2770 egisse

143 2768 473 2826 cognoscimus:
512 2780 621 2824 prae
660 2768 865 2812 omnibus
904 2773 1053 2813 tamen
1081 2769 1182 2822 hoc,
1220 2769 1339 2825 quod
1370 2783 1488 2814 nunc

128 2825 251 2870 *deus
294 2824 570 2881 omnipotens
607 2836 689 2880 per
727 2838 809 2869 nos
839 2838 920 2881 pro
952 2838 1034 2869 sua
1061 2825 1193 2870 laude
1223 2830 1268 2869 et
1294 2839 1377 2882 pro
1408 2839 1489 2870 suo

141 2881 318 2926 nomine
362 2881 662 2925 demonstrare
708 2880 912 2937 dignatus
964 2886 1055 2934 est,
1114 2881 1288 2926 excedit
1344 2882 1491 2926 omnia

141 2937 360 2982 mirabilia
403 2949 559 2994 opera,
619 2949 735 2993 quae
777 2937 824 2980 in
865 2937 1042 2982 saeculo
1083 2938 1382 2994 contigerunt,
1442 2943 1491 2982 ut

141 2994 297 3039 Africa
333 3006 415 3050 per
451 3006 533 3038 nos
568 2996 660 3037 tam
699 2993 827 3038 brevi
862 2998 1059 3050 tempore
1097 2994 1315 3051 reciperet
1357 2995 1489 3039 liber·

141 3055 300 3105 tatem,
340 3052 445 3095 ante
469 3054 662 3106 ,centum
693 3053 739 3093 et
768 3050 988 3106 quinque⁶
1018 3063 1159 3094 annos
1189 3063 1217 3094 a
1244 3051 1490 3095 Vvandalis

145 3107 379 3164 captivata,
410 3106 484 3162 qui
513 3105 760 3149 animarum
788 3105 969 3150 fuerant
998 3107 1128 3150 simul
1150 3107 1301 3152 hostes
1328 3113 1372 3152 et
1392 3121 1488 3152 cor-

145 3167 170 3206 2
239 3175 412 3219 porum.
484 3161 600 3205 Nam
638 3162 808 3205 animas
843 3162 1019 3217 quidem
1055 3163 1229 3207 diversa
1271 3167 1492 3208 tormenta

145 3222 279 3273 atque
314 3217 530 3274 supplicia
564 3229 654 3260 11011
694 3216 886 3262 ferentes
922 3218 1239 3274 rebaptizando
1280 3219 1337 3263 ad
1366 3233 1492 3264 suam

145 3273 374 3330 perfidiam
410 3271 763 3317 transferebant:
803 3286 991 3328 corpora
1029 3286 1131 3317 vero
1174 3275 1327 3319 liberis
1364 3280 1492 3319 nata-

145 3330 263 3374 libus
306 3329 427 3373 clara
467 3328 569 3383 iugo
613 3328 851 3377 barbarico
896 3328 1127 3373 durissime
1181 3331 1490 3386 subiugabant.

147 3390 172 3430 3
228 3385 356 3443 Ipsas
387 3397 564 3442 quoque
593 3383 664 3428 dei
695 3390 1005 3428 sacrosanctas
1035 3385 1244 3430 ecclesias
1274 3387 1366 3430 suis
1389 3399 1490 3442 per-

146 3441 264 3486 fidiis
292 3441 601 3485 maculabant:
642 3439 812 3495 aliquas
842 3453 944 3484 vero
989 3453 1045 3484 ex
1074 3441 1136 3484 eis
1169 3442 1346 3485 stabula
1375 3442 1491 3487 fece-

147 3502 174 3542 4
216 3500 336 3542 runt.
378 3496 576 3541 Vidimus
591 3496 863 3541 venerabiles
881 3497 1013 3550 viros,
1048 3497 1123 3552 qui
1145 3497 1352 3543 abscissis
1375 3498 1492 3542 radi-

148 3554 262 3599 citus
305 3553 464 3610 linguis
507 3565 676 3609 poenas
723 3565 827 3597 suas
871 3552 1129 3597 mirabiliter
1172 3553 1490 3608 loquebantur:

147 3611 222 3654 alii
249 3622 353 3655 vero
382 3614 485 3666 post
513 3609 687 3653 diversa
725 3612 942 3653 tormenta.
971 3621 1051 3665 per
1080 3609 1275 3654 diversas
1307 3609 1494 3666 dispersi

149 3670 172 3708 5
230 3666 481 3722 provincias
510 3665 644 3709 vitam
681 3664 728 3708 in
756 3665 886 3709 exilio
923 3669 1202 3721 peregerunt.
1263 3665 1358 3721 Quo
1389 3678 1492 3722 ergo

149 3734 350 3766 sermone
403 3725 481 3764 aut
533 3721 692 3778 quibus
746 3721 955 3777 operibus
1006 3721 1158 3777 dignas
1202 3721 1284 3766 deo
1327 3723 1493 3778 gratias

150 3789 279 3834 agere
306 3777 542 3829 valeamus,
574 3777 693 3832 quod
716 3789 797 3833 per
817 3790 900 3832 me,
930 3777 1132 3821 ultimum
1155 3790 1328 3822 servum
1350 3792 1492 3832 suum,

151 3834 366 3878 ecclesiae
395 3846 503 3877 suae
529 3832 710 3876 iniurias
740 3833 962 3878 vindicare
993 3833 1198 3889 dignatus
1228 3838 1296 3878 est
1325 3838 1370 3878 et
1393 3839 1492 3878 tan-

148 3895 295 3934 tarum
330 3888 655 3946 provinciarum
701 3890 891 3945 populos
927 3902 955 3933 a
995 3890 1098 3946 iugo
1143 3890 1363 3935 servitutis
1409 3891 1492 3934 eri-

151 3951 176 3991 6
231 3946 369 4004 pere?
436 3944 564 4000 Quod
598 3944 860 3988 beneficium
896 3945 966 3990 dei
1004 3951 1307 3991 antecessores
1352 3946 1494 3990 nostri

150 4016 241 4048 non
277 4005 552 4055 meruerunt,
591 4001 748 4056 quibus
787 4014 876 4046 non
906 4002 1049 4045 solum
1077 4001 1275 4046 Africam
1304 4003 1494 4047 liberare

149 4073 240 4103 non
267 4058 405 4111 licuit,
437 4057 516 4101 sed
545 4060 589 4101 et
616 4056 758 4112 ipsam
788 4057 974 4100 Romam
1002 4057 1207 4102 viderunt
1242 4059 1298 4103 ab
1329 4058 1493 4103 eisdem

150 4114 390 4160 Vvandalis
432 4117 607 4169 captam
637 4117 683 4157 et
712 4112 858 4156 omnia
886 4114 1129 4169 imperialia
1159 4119 1420 4159 ornamenta
1447 4115 1492 4158 in

152 4175 175 4214 '1
233 4170 431 4214 Africam
444 4171 460 4197 ⁷
500 4168 656 4213 exinde
693 4168 922 4213 1161181616.
982 4168 1113 4214 Ν11116
1141 4183 1243 4216 vero
1274 4170 1383 4215 deus
1413 4184 1494 4228 per

152 4239 280 4271 suam
320 4225 665 4270 misericordiam
707 4237 798 4268 non
837 4224 979 4268 solum
1017 4224 1215 4270 Africam
1257 4232 1302 4271 et
1342 4240 1493 4272 omnes

153 4284 247 4328 eius
275 4282 522 4340 provincias
552 4281 680 4326 nobis
710 4279 905 4333 tradidit,
946 4280 1024 4324 sed
1052 4285 1097 4325 et
1125 4281 1223 4338 ipsa
1250 4283 1494 4339 imperialia

154 4344 424 4392 ornamenta,
456 4350 568 4395 quae
599 4342 731 4394 capta
759 4336 932 4381 Roma⁸
967 4336 1145 4380 fuerant
1173 4338 1336 4392 ablata,
1366 4340 1494 4384 nobis

159 4475 207 4528 (1)
234 4497 290 4513 =
315 4478 386 4518 Th.
412 4480 449 4530 1,
470 4488 504 4530 5,
527 4487 546 4519 9
654 4477 708 4529 (2)
738 4497 791 4512 =
814 4475 888 4516 ΤΙι.
914 4476 952 4526 1,
972 4482 1007 4525 5,
1026 4483 1089 4516 10:
1119 4475 1238 4530 iunye
1263 4476 1336 4518 ΤΙι.
1361 4478 1397 4529 1,
1419 4486 1453 4529 7,
1474 4485 1495 4517 2

159 4539 213 4591 (3)
229 4559 282 4576 —-
299 4541 374 4582 Th.
394 4541 431 4591 1,
448 4548 537 4592 5,14
614 4538 668 4591 (4)
684 4536 832 4580 excidit
850 4534 1012 4577 Graeca
1027 4535 1262 4585 constitutio,
1283 4535 1337 4588 ef.
1347 4549 1447 4589 paq.
1460 4533 1504 4575 V

1484 149 1555 211 77

2653 153 2676 203 I
2715 152 2794 203 26.
2836 151 2889 201 27

1565 310 1589 351 8
1634 304 1838 352 1681111111.
1881 301 2000 358 Ergo
2027 306 2128 358 post
2148 307 2276 348 tanta
2294 301 2524 355 beneficia,
2548 315 2659 358 quae
2683 304 2809 349 nobis
2838 305 2900 348 di-

1564 363 1722 408 vinitas
1768 358 1968 411 contulit,
2012 359 2096 403 1106
2140 359 2194 404 (16
2236 359 2400 405 domini
2443 357 2514 403 dei
2556 360 2699 403 nostri
2735 362 2902 406 miseri·

1566 419 1717 462 cordia
1785 415 2048 467 ostulamus,
2088 419 2139 458 ut
2175 416 2440 472 provincias,
2480 427 2590 471 quas
2619 416 2746 459 nobis
2776 419 2903 462 resti-

1564 478 1691 518 tuere
1735 431 1940 530 ‹fignatus
1985 475 2072 524 est,
2115 470 2265 517 firmas
2308 477 2353 517 et
2388 471 2566 516 illaesas
2605 471 2824 515 custodiat
2862 479 2906 517 et

1565 529 1704 574 faciat
1739 541 1821 574 nos
1860 539 1934 572 eas
1963 527 2204 571 secundum
2233 541 2359 572 suam
2388 528 2657 573 voluntatem
2685 540 2739 572 ac
2767 530 2902 585 placi-

1566 590 1661 629 tum
1702 586 1973 641 gubernare,
2028 587 2071 627 et
2114 583 2317 628 universa
2361 583 2516 628 Africa
2563 583 2725 627 sentiat
2768 587 2905 628 omni-

1565 642 1758 696 potentis
1798 640 1868 685 dei
1902 639 2245 684 misericordiam
2283 644 2328 685 et
2358 643 2628 695 cognoscant
2657 639 2752 683 eius
2780 640 2906 684 habi-

1566 700 1754 750 tatores,
1794 709 1924 752 quam
1962 696 2018 740 69
2054 696 2288 740 (111118811116
2317 696 2571 752 captivitate
2601 699 2646 739 et
2672 695 2775 750 iugo
2806 697 2907 739 bar-

1566 752 1719 796 barico
1761 751 1937 796 liberati
1979 751 2026 795 in
2072 756 2239 807 quanta
2281 751 2486 797 libertate
2525 751 2608 794 sub
2654 750 2908 796 felicissimo

1568 811 1592 852 9
1651 811 1804 850 nostro
1833 807 2017 863 imperio
2048 807 2205 863 degere
2233 810 2498 850 meruerunt.
2544 807 2642 850 Hoc
2673 807 2804 850 etiam
2837 808 2909 851 de-

1566 866 1800 919 precantes
1841 875 2074 907 exoramus
2118 862 2324 918 precibus
2374 866 2556 905 86116166
2602 865 2648 906 61
2693 862 2911 917 gloriosae

1568 930 1741 974 semper
1768 917 1944 972 virginis
1988 922 2033 961 et
2075 918 2145 961 dei
2185 916 2418 971 genetricis
2446 917 2640 972 Mariae,
2685 924 2748 973 ut,
2787 920 2911 975 quid-

1569 974 1672 1031 quid
1710 973 1854 1016 minus
1893 976 1962 1016 est
1995 972 2059 1015 rei
2096 972 2304 1028 publicae
2334 976 2528 1026 nostrae,
2566 986 2646 1028 per
2673 988 2768 1027 nos,
2809 976 2911 1019 ulti-

1568 1043 1662 1074 mos
1707 1041 1856 1073 servos
1900 1040 2019 1080 81108,
2063 1027 2272 1071 1681111161
2313 1027 2360 1071 111
2399 1042 2479 1072 8110
2519 1031 2693 1074 1101111116
2730 1031 2838 1075 (16118
2870 1037 2914 1075 61

1572 1091 1623 1130 10
1638 1086 1698 1140 (1)
1737 1085 1891 1140 dignos
1913 1097 1995 1128 nos
2018 1082 2154 1127 faciat
2172 1082 2400 1127 servitium
2414 1085 2509 1129 eius
2525 1085 2777 1142 adimplere.
2816 1088 2911 1131 Deo

1569 1143 1720 1198 itaque
1761 1141 2003 1184 auxiliante
2041 1153 2124 1196 pro
2162 1139 2375 1184 felicitate
2404 1141 2469 1185 rei
2498 1142 2704 1197 publicae
2733 1149 2914 1187 nostrae

1566 1211 1647 1255 per
1680 1197 1797 1241 hanc
1834 1196 2026 1240 divinam
2053 1196 2192 1251 legem
2221 1197 2454 1251 sancimus,
2495 1200 2547 1241 111
2577 1199 2714 1243 01111118
2745 1199 2913 1252 Africa,

1569 1267 1699 1310 quam
1728 1253 1836 1298 deus
1865 1253 1994 1296 nobis
2023 1252 2258 1308 praestitit,
2293 1266 2374 1309 per
2400 1253 2538 1309 ipsius
2568 1255 2915 1300 misericordiam

1569 1311 1783 1366 optimum
1834 1308 2050 1365 suscipiat
2102 1309 2299 1353 01(11116111
2316 1310 2350 1335 ¹⁰
2394 1315 2438 1354 61
2480 1311 2708 1366 propriam
2751 1312 2915 1356 habeat

1568 1367 1908 1423 praefecturam,
1954 1371 2004 1408 111
2050 1365 2167 1409 816111
2198 1365 2354 1410 Oriens
2397 1370 2531 1422 atque
2560 1368 2807 1424 Illyricum,
2852 1369 2915 1412 ita

1569 1426 1614 1467 et
1642 1422 1795 1466 Africa
1823 1422 2106 1478 praetoriana
2141 1422 2331 1465 maxima
2360 1426 2582 1478 potestate
2612 1425 2860 1480 specialiter
2890 1439 2915 1468 a

1573 1484 1618 1522 11
1651 1483 1806 1523 nostra
1830 1478 2060 1522 clementia
2082 1477 2330 1522 decoretur.
2379 1478 2514 1523 Cuius
2540 1479 2688 1524 sedem
2712 1481 2913 1525 iubemus

1568 1548 1666 1579 esse
1688 1533 1999 1589 Carthaginem
2028 1538 2073 1578 et
2099 1534 2145 1577 in
2174 1534 2448 1590 praefatione
2476 1536 2754 1590 publicarum
2786 1538 2913 1581 char-

1568 1596 1715 1634 tarum
1753 1590 2047 1647 praefecturis
2087 1590 2186 1634 aliis
2228 1590 2321 1634 eius
2361 1604 2521 1634 nomen
2550 1592 2740 1648 adiungi,
2783 1608 2916 1649 quam

1569 1660 1688 1690 nunc
1754 1653 1878 1690 tuam
1945 1646 2250 1690 excellentiam
2316 1647 2561 1702 gubernare
2629 1648 2915 1694 decernimus.

1575 1707 1623 1746 12
1654 1704 1716 1758 (2)
1783 1703 1846 1746 Et
1884 1703 1940 1746 ab
1979 1715 2031 1746 ea
2065 1702 2309 1746 auxiliante
2348 1703 2429 1747 (160
2461 1707 2630 1759 septem
2659 1706 2917 1761 provinciae

1572 1770 1672 1802 cum
1693 1758 1785 1802 suis
1805 1757 2027 1802 iudicibus
2048 1758 2354 1814 disponantur,
2386 1770 2573 1813 quarum
2593 1760 2745 1815 Zeugi,
2762 1761 2916 1813 qnae¹1

1570 1814 1903 1870 proconsularis
1944 1819 2078 1858 antea
2114 1814 2379 1867 vocabatur,
2426 1814 2647 1870 Carthago
2690 1823 2736 1860 et
2774 1819 2915 1875 Byza-

1571 1869 1689 1914 cium
1717 1882 1772 1914 ac
1802 1870 1996 1927 Tripolis
2031 1874 2229 1914 rectores
2269 1869 2464 1913 habeant
2495 1873 2773 1918 consulares:
2815 1876 2914 1918 reli-

1600 1939 1685 1971 uae
1712 1939 1836 1981 vero,
1877 1927 1924 1972 id
1954 1931 2023 1971 est
2051 1926 2261 1972 Numidia
2290 1932 2336 1969 et
2363 1925 2660 1973 Mauritaniae
2675 1931 2710 1956 ¹2
2739 1934 2783 1973 et
2812 1931 2914 1975 Sar-

1604 1984 1715 2036 'nia,
1755 1996 1783 2027 a
1820 1982 2102 2040 praesidibus
2141 1995 2242 2027 cum
2282 1981 2352 2027 dei
2402 1983 2567 2028 auxilio
2605 1984 2918 2039 gubernentur.

1576 2045 1624 2084 13
1657 2042 1717 2095 (3)
1785 2039 1848 2082 Et
1885 2039 1931 2083 in
1971 2038 2117 2083 officio
2158 2038 2334 2095 quidem
2362 2042 2467 2083 tuae
2494 2041 2808 2095 magnitudinis
2838 2054 2919 2084 nec

1573 2111 1662 2141 non
1714 2110 1795 2152 pro
1849 2099 2048 2152 tempore
2090 2095 2172 2139 viri
2217 2094 2440 2151 magnifici
2480 2097 2697 2152 praefecti
2738 2097 2920 2140 Africae

1571 2158 1795 2198 trecentos
1835 2152 2078 2208 nonaginta
2117 2164 2195 2196 sex
2223 2152 2339 2196 viros
2373 2164 2455 2207 per
2485 2153 2656 2196 diversa
2686 2153 2849 2197 scrinia
2878 2159 2922 2197 et

1572 2209 1723 2254 officia
1759 2209 1948 2252 militare
1986 2207 2277 2252 decernimus.
2343 2208 2390 2251 in
2429 2208 2589 2252 offic-iis
2626 2222 2728 2253 vero
2762 2223 2919 2253 consu-

1570 2267 1730 2310 larium
1770 2279 1824 2309 66
1853 2265 2106 2321 praesidum
2148 2264 2465 2320 quinquaginta
2494 2265 2692 2309 homines
2723 2279 2804 2321 per
2832 2266 2920 2309 sin-

1575 2327 1625 2366 14
1658 2324 1717 2376 (4)
1775 2322 1880 2377 gula
1909 2320 2059 2365 officia
2089 2334 2186 2365 esse
2215 2321 2450 2365 sancimus.
2521 2321 2644 2376 Quae
2673 2335 2775 2366 vero
2807 2335 2921 2366 emo-

1573 2379 1771 2422 lumenta
1814 2378 1904 2421 sive
1945 2376 2272 2432 magnificentia
2323 2381 2401 2420 tua
2444 2377 2535 2421 sive
2579 2379 2834 2422 consulares
2881 2385 2922 2420 et

1572 2433 1798 2491 praesides
1835 2438 1880 2476 et
1919 2432 2024 2488 quid
2062 2433 2365 2488 unusquisque
2405 2445 2460 2477 ex
2502 2433 2648 2477 officio
2687 2447 2837 2478 eorum
2867 2435 2921 2477 de

1575 2490 1755 2546 publico
1802 2489 2014 2544 consequi
2056 2489 2210 2543 debet,
2254 2489 2412 2532 notitia
2456 2490 2610 2534 subter
2648 2489 2818 2533 adnexa
2849 2490 2920 2533 de-

1578 2551 1627 2590 15
1659 2547 1720 2602 (5)
1752 2546 1906 2589 clarat.
1953 2544 2169 2599 Optamus
2201 2558 2318 2600 ergo,
2351 2550 2400 2587 ut
2425 2557 2576 2588 omnes
2598 2545 2765 2590 iudices
2781 2547 2922 2590 nostri

1577 2601 1823 2647 secundum
1865 2601 2138 2645 voluntatem
2182 2605 2226 2645 et
2268 2600 2470 2645 timorem
2513 2601 2583 2645 dei
2636 2606 2681 2645 et
2723 2607 2921 2646 nostram

1574 2659 1835 2703 electionem
1873 2662 2007 2713 atque
2044 2656 2365 2701 ordinationem
2404 2657 2468 2701 sic
2510 2670 2613 2702 suas
2645 2658 2921 2702 administra-

1574 2715 1718 2760 tiones
1746 2714 1996 2770 gubernare
2026 2712 2250 2767 studeant,
2291 2716 2344 2757 111
2371 2713 2522 2757 1111Π118
2554 2727 2706 2758 60111111
2736 2719 2815 2758 6111
2845 2729 2920 2759 611-

1573 2770 1750 2837 piditati
1792 2770 1851 2814 sit
1893 2769 2068 2814 deditus
2112 2772 2191 2812 aut
2226 2769 2458 2814 violentias
2502 2770 2675 2825 aliquas
2713 2771 2783 2814 vel
2826 2771 2922 2827 ipse

1572 2827 1737 2871 inferat
1773 2827 1843 2870 vel
1881 2825 2101 2870 iudicibus
2142 2829 2222 2869 aut
2252 2824 2410 2869 officiis
2450 2838 2601 2870 eorum
2631 2829 2711 2870 aut
2740 2827 2922 2882 quibus-

1576 2895 1764 2939 cumque
1807 2882 1905 2927 aliis
1950 2881 2236 2926 collatoribus
2281 2881 2444 2925 inferre
2531 2883 2740 2926 ermittat.
2821 2884 2925 2928 licet

1575 2940 1692 2983 enim
1719 2951 1800 2995 per
1828 2951 1980 2982 omnes
2010 2938 2260 2994 provincias
2286 2942 2463 2982 nostras
2520 2951 2571 2983 60
2594 2939 2771 2983 iuvante
2800 2939 2924 2985 festi-

1575 3008 1743 3048 nemus,
1775 2999 1825 3038 ut
1852 2995 2032 3038 illaesos
2062 2994 2258 3039 habeant
2289 2995 2538 3048 collatores,
2569 2996 2757 3040 maxime
2776 3000 2924 3041 tamen

1574 3051 1821 3096 tributariis
1852 3051 2104 3095 dioeceseos
2132 3050 2374 3095 Africanae
2403 3051 2686 3105 consulimus,
2720 3052 2795 3107 qui
2822 3058 2925 3109 post

1575 3113 1801 3153 tantorum
1857 3110 2106 3162 temporum
2165 3106 2468 3161 captivitatem
2524 3113 2781 3151 meruerunt
2841 3109 2922 3153 deo

1580 3169 1629 3208 16
1686 3164 1868 3207 iuvante
1892 3176 1972 3218 per
1996 3176 2077 3206 nos
2100 3162 2249 3205 lumen
2270 3162 2487 3206 libertatis
2514 3163 2756 3227 adspicere.
2803 3164 2923 3220 Ergo

1574 3221 1776 3264 iubemus
1800 3231 1951 3262 omnes
1976 3218 2205 3261 violentias
2232 3221 2277 3260 et
2302 3231 2474 3262 omnem
2496 3219 2727 3262 avarltiam
2750 3233 2924 3265 cessare

1576 3281 1619 3320 et
1670 3275 1887 3319 iustitiam
1929 3278 2062 3328 atque
2104 3273 2333 3317 veritatem
2387 3274 2508 3318 circa
2551 3288 2702 3320 omn-es
2746 3282 2924 3322 nostros

1574 3331 1833 3375 tributarios
1871 3329 2099 3373 reservari.
2166 3330 2229 3373 sic
2269 3330 2382 3373 enim
2422 3335 2467 3373 et
2509 3331 2617 3375 deus
2646 3332 2851 3387 placatur
2880 3339 2925 3377 et

1575 3388 1659 3444 ipsi
1702 3391 1891 3442 possunt
1936 3385 2145 3439 celerius,
2191 3385 2309 3429 sicut
2354 3387 2588 3431 collatores
2634 3388 2709 3432 alii
2744 3394 2924 3434 nostrae

1581 3449 1627 3487 17
1661 3445 1721 3497 (6)
1780 3441 1846 3485 161
1872 3441 2092 3497 publicae,
2122 3441 2309 3485 relevari
2338 3448 2471 3499 atque
2507 3443 2678 3488 florere.
2738 3445 2922 3501 Sportu-

1576 3501 1643 3542 las
1694 3497 1827 3542 etiam
1878 3498 1934 3541 ab
1980 3497 2128 3542 officio
2182 3503 2274 3541 tam
2318 3498 2398 3542 viri
2442 3500 2665 3555 magnifici
2709 3502 2924 3556 praefecti

1575 3554 1777 3598 Africani
1820 3567 1952 3610 quam
1993 3554 2261 3610 reliquorum
2304 3555 2498 3599 iudicum
2539 3557 2603 3600 sic
2640 3558 2754 3613 exigi
2798 3559 2922 3603 iube-

1576 3623 1695 3663 mus,
1736 3610 1955 3665 quomodo
1992 3610 2040 3654 in
2078 3611 2242 3655 nostris
2283 3611 2451 3667 legibus
2493 3617 2562 3657 est
2591 3612 2851 3668 dispositum
2880 3620 2924 3659 61

1576 3668 1633 3711 61)
1664 3665 1784 3710 0111111
1812 3678 1860 3709 16
1887 3666 2071 3722 publica
2098 3671 2254 3712 nostra
2285 3668 2545 3723 custoditur,
2587 3673 2637 3712 ut
2667 3670 2814 3714 nullus
2844 3683 2922 3714 au-

1576 3723 1679 3766 deat
1717 3735 1995 3778 quocumque
2033 3726 2232 3779 tempore
2270 3724 2338 3767 vel
2377 3737 2653 3780 quocumque
2686 3726 2817 3769 modo
2848 3739 2920 3770 ea-

1579 3783 1628 3823 18
1661 3779 1721 3834 (7)
1779 3778 2118 3823 rum-excedere
2147 3779 2453 3834 quantitatem.
2508 3781 2604 3825 Hoc
2636 3781 2766 3824 etiam
2793 3795 2915 3837 prae-

1577 3835 1690 3878 senti
1729 3834 1958 3878 sanctione
1988 3835 2206 3879 credimus
2237 3835 2544 3889 ordinandum,
2587 3841 2637 3879 ut
2666 3850 2754 3880 non
2783 3838 2922 3881 multa

1578 3891 1807 3946 dispendia
1841 3903 1924 3946 pro
1964 3891 2255 3947 completione
2295 3892 2549 3935 chartarum
2589 3893 2659 3935 vel
2700 3892 2921 3937 codicillo-

1576 3960 1674 3990 rum
1703 3947 1771 3990 vel
1809 3946 1858 3989 in
1895 3951 2048 3992 nostro
2088 3948 2302 3991 laterculo
2333 3948 2400 3991 vel
2429 3948 2476 3990 in
2505 3948 2676 3992 scriniis
2706 3949 2921 4004 praefecti

1576 4002 1899 4059 praetoriorum
1938 4015 2018 4059 per
2046 4002 2246 4047 Africam
2282 4003 2451 4047 iudices
2491 4004 2707 4049 sustinere
2744 4005 2919 4049 videan-

1575 4064 1664 4112 tur,
1695 4058 1812 4114 quia,
1843 4058 1883 4102 si
1909 4058 1997 4116 ipsi
2026 4059 2267 4115 dispendiis
2299 4060 2407 4103 laesi
2431 4073 2520 4103 non
2542 4059 2721 4114 fuerint,
2754 4061 2919 4104 nullam

1575 4115 1771 4158 habeant
1799 4115 2107 4160 necessitatem
2137 4115 2332 4159 eiusdem
2360 4118 2541 4159 nostrae
2570 4115 2748 4160 Africae
2778 4118 2916 4160 tribu-

1582 4174 1630 4214 19
1696 4170 1835 4215 tarios
1873 4171 2206 4227 praegravandi.
2272 4171 2479 4215 Iubemus
2511 4184 2627 4227 ergo,
2667 4177 2718 4215 ut
2753 4172 2918 4216 iudices

1578 4226 1828 4270 dioeceseos
1856 4226 2095 4271 Africanae
2137 4231 2229 4270 tam
2270 4227 2415 4271 civiles
2455 4240 2586 4284 quam
2624 4228 2833 4271 militares
2872 4228 2918 4271 in

1577 4287 1730 4327 nostro
1765 4282 1979 4328 laterculo
2016 4297 2098 4338 pro
2128 4283 2427 4327 codicillorum
2456 4286 2589 4338 atque
2620 4284 2917 4327 chartularum

1576 4337 1865 4395 promotionis
1905 4351 2012 4384 suae
2052 4338 2444 4384 consuetudinibus
2483 4339 2592 4382 nihil
2631 4339 2748 4382 ultra
2786 4351 2917 4396 quam

1575 4490 1692 4518 roma
1710 4477 1753 4519 R
1829 4478 1887 4532 (9)
1915 4492 1941 4521 a
1959 4480 2015 4532 R,
2046 4495 2117 4522 om.
2144 4481 2181 4523 C
2251 4481 2327 4533 (10)
2354 4482 2413 4522 sic
2443 4482 2550 4532 dett,
2579 4479 2782 4532 optimum
2811 4495 2916 4536 opus

1578 4547 1681 4575 susc.
1694 4533 1882 4576 ordinem
1894 4537 1937 4586 C,
1954 4536 2150 4589 optimam
2167 4550 2271 4577 susc.
2288 4536 2670 4578 hordinationemR
2730 4538 2916 4591 (11)zeigi

159 4597 213 4643 (5)
234 4595 298 4649 of.
318 4596 412 4648 Diy.
430 4606 462 4648 1,
476 4605 513 4639 11
599 4595 655 4647 (6)
670 4596 729 4636 sic
744 4593 798 4644 R,
818 4593 939 4633 antea
953 4593 1121 4633 centum
1135 4592 1176 4633 et
1190 4590 1495 4643 quinquaginta
1575 4603 1681 4641 quae
1705 4590 1750 4641 0,
1780 4590 1868 4643 tegi
1886 4594 2012 4643 atque
2030 4590 2087 4644 R,
2115 4604 2215 4644 zegy
2242 4593 2282 4632 et
2303 4603 2382 4643 que
2408 4589 2457 4642 Q,
2484 4592 2592 4644 tingi
2613 4595 2653 4633 et
2673 4605 2777 4646 quae
2798 4597 2915 4638 edd..-

165 4652 210 4703 0,
226 4653 321 4693 ante
335 4664 424 4693 xcv
442 4652 658 4695 Mommsen
716 4651 769 4702 (τ)
786 4648 914 4689 africa
930 4649 1026 4690 libri
1084 4647 1140 4700 (8)
1155 4648 1213 4689 sic
1234 4647 1275 4698 C,
1293 4646 1454 4698 captiva
1470 4657 1495 4686 a
1578 4650 1629 4702 cf.
1648 4648 1690 4691 C.
1701 4649 1743 4690 J.
1759 4649 1809 4690 L.
1830 4650 1947 4703 VIII,
1976 4654 1990 4691 1
2009 4666 2054 4703 p.
2067 4650 2115 4691 X
2126 4647 2230 4701 VII,
2244 4650 2269 4690 6

2375 4650 2448 4702 (12)
2468 4651 2527 4692 sic
2548 4650 2592 4703 0,
2611 4650 2913 4692 mauritaniaR
