3106 4724
7 2290 59 3002 *Quum-&mmm
25 1143 74 1203 ,ζ
25 1079 27 1103 Ἀ
27 1005 30 1011 ·
28 934 33 951 ·’
34 791 36 798 ’

11 3008 55 3251 ffl1„*·

43 3319 51 3334 »⁴
41 3269 54 3288 ·-,
47 3200 51 3204 .
41 3150 46 3170 ⁴*
47 3098 51 3109 ,v
43 3054 50 3074 ‚,

1513 131 1664 190 XXV

406 286 511 330 XVI
541 285 612 331 De
640 281 891 330 actionibus
921 283 1198 332 hereditariis

386 343 514 386 XVII
543 343 614 386 Ex
657 341 830 385 delictis
885 339 1192 387 defunctorum
1235 345 1280 388 in
1336 347 1549 399 quantum
1591 342 1595 375 ἕ

599 397 784 442 heredes
815 397 1136 441 conveniantur

369 453 520 497 XVIII
546 454 616 497 De
647 452 889 497 constituta
919 454 1109 507 pecunia

344 509 519 555 XVIIII
546 509 616 553 De
645 507 983 564 probationibus

431 564 519 607 XX
547 565 616 609 De
645 563 838 607 testibus

411 621 519 664 XXI
548 619 617 664 De
660 619 748 662 fide
791 618 1184 666 instrumentorum
1229 627 1274 667 et
1317 623 1552 668 amissione

601 688 754 719 eorum
793 677 839 718 et
877 679 1141 732 antapochis
1181 679 1395 723 faciendis
1425 684 1470 723 et
1499 680 1553 723 de

599 731 670 774 his
701 743 816 785 quae
846 730 941 775 sine
978 733 1203 788 scriptura
1239 735 1335 778 fieri
1364 738 1555 790 possunt

385 787 519 833 XXII
546 787 653 831 Plus
683 787 831 830 valere
861 788 979 843 quod
1009 791 1155 843 agitur
1185 804 1318 846 quam
1347 790 1466 846 quod
1494 790 1554 834 si-

600 843 768 886 mulate
799 844 1050 898 concipitur

362 899 519 943 XXIII
546 897 616 943 De
647 899 924 943 commodato

345 955 521 999 XXIIII
550 955 618 999 De
647 955 824 999 actione
852 956 1146 1010 pigneraticia

391 1010 520 1054 XXV
548 1011 618 1055 De
647 1011 911 1055 exercitoria
942 1015 987 1056 et
1015 1013 1239 1059 institoria
1269 1016 1444 1059 actione

371 1066 522 1112 XXVI
551 1067 682 1123 Quod
708 1080 808 1110 cum
824 1080 875 1111 eo
903 1069 977 1123 qui
1001 1070 1046 1112 in
1073 1070 1216 1113 aliena
1242 1074 1310 1115 est
1333 1071 1555 1127 potestate

603 1123 829 1178 negotium
858 1130 1033 1178 gestum
1063 1138 1158 1170 esse
1189 1127 1362 1180 dicitur,
1394 1127 1462 1170 vel
1502 1126 1555 1169 de

601 1179 777 1235 peculio
805 1192 884 1224 seu
915 1182 1034 1236 quod
1063 1182 1188 1226 iussu
1214 1186 1291 1226 aut
1319 1181 1441 1226 dein
1462 1193 1555 1226 rem

602 1248 731 1279 verso

349 1291 522 1336 XXVII
549 1291 638 1335 Per
667 1304 779 1347 quas
809 1305 1026 1348 personas
1056 1295 1184 1338 nobis
1216 1293 1463 1350 adquiritur

323 1347 519 1391 XXVIII
546 1348 620 1391 Ad
650 1353 830 1392 senatus
863 1350 1116 1394 consultum
1149 1351 1518 1394 Macedonianum

303 1403 519 1448 XXVIIII
547 1404 620 1448 Ad
650 1408 832 1448 senatus
864 1406 1114 1449 consultum
1143 1406 1420 1450 Velleianum

387 1459 516 1502 XXX
545 1461 614 1504 De
644 1473 734 1504 non
763 1464 998 1505 numerata
1031 1462 1223 1517 pecunia

365 1516 518 1559 XXXI
547 1516 616 1559 De
646 1517 1084 1571 compensationibus

344 1571 518 1615 XXXII
546 1573 616 1616 De
644 1573 794 1616 usuris

323 1627 520 1671 XXXIII
549 1629 618 1671 De
648 1628 828 1673 nautico
858 1629 1014 1674 fenore

303 1684 525 1728 ΧΧΧΙΠΙ
553 1684 758 1739 Depositi

344 1739 516 1784 XXXV
545 1740 750 1783 Mandati

323 1795 519 1840 XXXVI
550 1795 599 1839 Si
628 1809 782 1840 servus
813 1809 862 1840 se
892 1796 979 1840 emi
1008 1798 1284 1842 mandaverit

302 1851 519 1896 XXXVII
548 1852 636 1896 Pro
667 1852 793 1896 socio

281 1907 518 1952 XXXVIII
545 1908 615 1951 De
647 1909 950 1953 contrahenda
980 1910 1198 1966 emptione

254 1963 517 2008 XXXVIIII
547 1964 614 2007 De
643 1964 889 2008 hereditate
920 1966 987 2009 vel
1016 1966 1194 2010 actione
1223 1965 1400 2010 vendita

346 2019 519 2064 XXXX
550 2019 675 2076 Quae
694 2033 765 2064 res
783 2021 933 2065 venire
952 2034 1040 2065 non
1069 2025 1260 2079 possunt
1284 2026 1329 2066 et
1357 2022 1432 2078 qui
1453 2034 1557 2066 ven-

605 2076 712 2120 dere
741 2077 809 2121 vel
840 2089 984 2121 emere
1016 2083 1223 2122 vetantur

325 2133 519 2176 XXXXI
548 2133 672 2187 Quae
702 2145 773 2177 res
806 2135 1031 2189 exportari
1061 2147 1151 2179 non
1182 2134 1374 2179 debeant

303 2189 522 2233 XXXXII
549 2189 620 2234 De
649 2189 866 2233 eunuchis

281 2245 521 2290 XXXXIII
548 2245 618 2288 De
646 2245 851 2302 patribus
912 2247 957 2291 ui
986 2247 1102 2291 filios
1132 2247 1438 2292 distraxerunt

179 2323 182 2325 Δ
257 2301 519 2345 XXXXIIII
546 2301 616 2345 De
645 2301 881 2346 rescinden
915 2315 942 2346 a
971 2303 1222 2348 venditione

304 2357 520 2402 XXXXV
549 2357 738 2412 Quando
768 2357 903 2402 liceat
931 2359 988 2403 ab
1020 2360 1243 2415 emptione
1273 2360 1502 2404 discedere

281 2413 518 2458 XXXXVI
548 2413 596 2457 Si
656 2417 810 2470 ropter
839 2415 1042 2471 publicas
1072 2416 1392 2472 pensitationes
1411 2416 1559 2460 vendi-

638 2470 719 2514 itio
748 2469 886 2515 fuerit
916 2472 1141 2516 celebrata

264 2526 524 2570 XXXXVII
553 2525 655 2570 Sine
685 2538 822 2592 censu
851 2528 918 2570 vel
948 2527 1128 2583 reliquis
1163 2527 1351 2571 fundum
1382 2540 1560 2584 compa-

607 2593 700 2625 rari
729 2595 819 2626 non
849 2595 981 2639 posse

241 2638 522 2683 XXXXVIII
549 2638 618 2682 De
647 2638 846 2693 periculo
877 2644 921 2683 et
951 2640 1179 2684 commodo
1211 2641 1274 2684 rei
1303 2640 1507 2684 venditae

219 2694 517 2740 XXXXVIIII
549 2695 619 2738 De
649 2694 898 2739 actionibus
930 2697 1063 2752 empti
1094 2701 1138 2739 et
1168 2697 1332 2740 venditi

479 2749 519 2793 L
551 2749 600 2794 Si
630 2749 727 2804 quis
767 2750 897 2794 alteri
926 2751 994 2795 vel
1033 2752 1119 2796 sibi
1150 2753 1232 2796 sub
1267 2753 1449 2797 alterius
1482 2767 1560 2796 no-

605 2807 723 2849 mine
751 2807 820 2850 vel
850 2807 995 2850 aliena
1023 2809 1214 2863 pecunia
1242 2810 1396 2852 emerit

458 2862 521 2907 LI
549 2862 619 2906 De
656 2863 789 2906 rebus
830 2863 984 2907 alienis
1024 2877 1113 2907 non
1149 2864 1396 2909 alienandis
1428 2870 1471 2909 et
1511 2866 1565 2910 de

607 2918 835 3017 Ρέοὶιίὶήῐα
863 2932 1011 2963 rerum
1029 2919 1296 2964 alienatione
1326 2923 1394 2966 vel
1424 2922 1564 2978 hypo-

606 2980 626 3017 t
660 2987 741 3018 eca

436 3031 521 3076 LII
551 3031 619 3074 De
650 3031 947 3075 communium
975 3045 1123 3076 rerum
1156 3034 1424 3079 alienatione

420 3087 526 3132 LIII
557 3087 669 3131 Rem
709 3087 899 3131 alienam
935 3089 1191 3142 gerentibus
1230 3103 1320 3134 non
1357 3092 1564 3135 interdici

609 3155 758 3186 rerum
789 3157 971 3187 suarum
1000 3145 1269 3190 alienatione

398 3200 525 3244 LIIII
554 3199 623 3243 De
652 3198 797 3254 pactis
819 3199 935 3243 inter
954 3205 1197 3256 emptorem
1227 3206 1272 3246 et
1292 3203 1564 3247 venditorem

609 3255 869 3309 compositis

441 3311 522 3354 LV
552 3310 599 3353 Si
629 3323 781 3354 servus
811 3312 1112 3366 exportandus
1142 3315 1301 3358 veneat

421 3366 525 3410 LVI
555 3365 902 3465 Sitmancipium
922 3366 987 3410 ita
1005 3368 1202 3421 venierit,
1234 3382 1290 3413 ne
1320 3370 1563 3424 prostitua-

633 3434 687 3464 ur

401 3477 526 3522 LVII
557 3477 604 3521 Si
640 3477 910 3532 mancipium
948 3477 1014 3521 ita
1049 3478 1186 3522 fuerit
1214 3480 1477 3534 alienatum,
1514 3485 1567 3524 ut

610 3533 946 3577 manumittatur
975 3535 1042 3577 vel
1074 3539 1229 3578 contra

379 3589 526 3634 LVIII
554 3589 623 3633 De
653 3589 866 3634 aediliciis
898 3590 1150 3635 actionibus

358 3645 530 3692 LVIIII
558 3645 628 3689 De
657 3646 920 3701 monopoliis
952 3650 997 3689 et
1034 3647 1088 3690 de
1119 3653 1338 3690 conventu
1366 3648 1564 3702 negotia-

611 3705 759 3745 torum
789 3702 943 3745 illicito
976 3703 1043 3745 vel
1081 3703 1301 3746 artificum
1331 3704 1563 3757 ergolabo·

619 3770 805 3812 rumque
835 3770 916 3801 nec
947 3771 1037 3801 non
1075 3759 1383 3802 balneatorum
1415 3759 1564 3814 prohi—

611 3812 715 3856 bitis
744 3813 1000 3869 illicitisque
1030 3814 1406 3869 negotiationibus

444 3867 528 3912 LX
558 3868 627 3911 De
658 3868 866 3913 nundinis

422 3923 528 3967 LXI
555 3923 624 3967 De
655 3924 942 3979 vectigalibus
972 3927 1018 3968 et
1048 3927 1292 3970 commissis

397 3979 527 4022 LXII
554 3980 803 4034 Vectigalia
831 3993 947 4024 nova
975 3981 1150 4025 institui
1180 3995 1269 4025 non
1299 3993 1430 4038 posse

379 4035 526 4078 LXIII
559 4035 624 4078 De
655 4036 928 4079 commerciis
959 4039 1003 4079 et
1032 4038 1351 4081 mercatoribus

359 4091 530 4135 LXIIII
559 4091 630 4133 De
644 4103 790 4134 rerum
806 4093 1129 4146 permutatione
1157 4097 1202 4137 et
1231 4093 1285 4137 de
1313 4093 1563 4150 praescrip·

612 4146 670 4190 tis
700 4147 844 4190 verbis
874 4148 1051 4191 actione

404 4202 526 4245 LXV
555 4202 624 4246 De
653 4202 799 4245 locato
830 4204 876 4245 et
905 4203 1126 4248 conducto

380 4257 526 4303 LXVI
555 4257 624 4302 De
655 4257 980 4313 emphyteutico
1010 4258 1108 4303 iure

670 4357 842 4397 LIBER
873 4357 1116 4402 QUINTUS
1186 4344 1188 4346 ’

508 4423 531 4467 I
558 4424 627 4468 De
657 4424 941 4479 sponsalibus
978 4429 1023 4468 et
1059 4426 1172 4470 arris
1213 4427 1489 4482 sponsaliciis
1520 4429 1567 4471 et

615 4480 911 4535 proxeneticis

489 4534 532 4578 11
561 4535 607 4578 Si
637 4540 784 4579 rector
820 4536 1072 4591 provinciae
1103 4538 1166 4580 vel
1198 4538 1255 4580 ad
1292 4551 1391 4582 eum
1428 4539 1561 4594 perti-

615 4596 769 4636 nentes
800 4592 1026 4649 sponsalia
1055 4592 1258 4638 dederint

1884 287 1952 331 III
1982 287 2049 330 De
2079 288 2390 334 donationibus
2415 294 2518 333 ante
2537 292 2713 344 nuptias
2744 294 2809 336 vel
2839 309 2972 352 prop-

2028 347 2096 386 ter
2124 346 2304 399 nuptias
2336 349 2380 389 et
2410 346 2688 401 sponsaliciis

1860 397 1948 441 IIII
1978 397 2048 440 De
2077 401 2244 453 nuptiis
2714 421 2717 425 ·

1902 453 1943 495 V
1974 453 2041 496 De
2069 453 2248 498 incestis
2280 460 2324 498 et
2354 455 2587 498 inutilibus
2617 458 2782 511 nuptiis

1880 508 1943 552 VI
1971 508 2040 552 De
2067 508 2302 553 interdicto
2322 510 2604 553 matrimonio
2625 511 2739 555 inter
2768 516 2976 569 pupillam

2030 566 2076 607 et
2104 566 2297 608 tutorem
2337 577 2416 609 seu
2445 570 2694 609 curatorem
2730 568 2977 625 liberosque

2030 631 2184 662 eorum

1857 675 1942 720 VII
1972 674 2018 719 Si
2049 687 2325 729 quacumque
2343 675 2572 730 praeditus
2601 680 2820 732 potestate
2838 681 2903 723 vel
2924 683 2978 724 ad

2032 743 2132 774 eum
2151 732 2425 787 pertinentes
2437 731 2494 774 ad
2505 733 2835 787 suppositarum
2853 736 2979 779 iuris-

2034 786 2219 830 dictioni
2256 799 2366 831 suae
2404 787 2635 843 adspirare
2674 792 2983 844 temptaverint

2031 856 2092 886 nu
2125 842 2210 886 tias

1837 899 1946 942 VIII
1977 898 2023 942 Si
2052 856 2233 954 mfptiae
2262 910 2318 942 ex
2347 899 2565 956 rescripto
2595 903 2803 955 petantur

1819 955 1947 1000 VIIII
1977 955 2045 998 De
2076 954 2284 998 secundis
2314 955 2481 1010 nuptiis

1908 1011 1950 1053 X
1981 1011 2028 1054 Si
2053 1011 2250 1055 secundo
2277 1011 2481 1066 nupserit
2500 1012 2672 1066 mulier,
2704 1013 2776 1057 cui
2800 1014 2985 1058 maritus

2034 1080 2164 1111 usum
2194 1067 2390 1110 fructum
2420 1068 2650 1123 reliquerit

1888 1123 1953 1167 XI
1981 1123 2050 1167 De
2090 1123 2205 1167 dotis
2235 1123 2530 1178 promissione
2559 1124 2628 1168 vel
2665 1125 2786 1169 nuda
2814 1126 2986 1181 pollici-

2035 1179 2204 1223 tatione

1863 1235 1949 1278 XII
1978 1236 2047 1279 De
2075 1236 2172 1279 iure
2203 1235 2374 1280 dotium

1842 1292 1950 1335 XIII
1980 1293 2050 1336 De
2088 1292 2155 1336 rei
2193 1292 2379 1336 uxoriae
2409 1293 2587 1338 actione
2614 1294 2661 1337 in
2692 1306 2746 1337 ex
2776 1294 2990 1350 stipulatu

2036 1348 2256 1392 actionem
2293 1348 2521 1394 transfusa
2549 1352 2596 1393 et
2635 1350 2690 1393 de
2721 1353 2881 1393 natura
2911 1350 2988 1393 do-

2037 1404 2157 1448 tibus
2187 1405 2403 1460 praestita

1776 1487 1798 1492 „
1824 1461 1957 1505 XIIII
1986 1461 2055 1504 De
2068 1461 2212 1516 pactis
2232 1462 2458 1506 conventis
2474 1466 2566 1505 tam
2582 1475 2714 1519 super
2740 1462 2842 1507 dote
2859 1476 2990 1518 quam

2039 1517 2441 1616 &iper-donatione
2466 1524 2570 1562 ante
2595 1519 2775 1575 nuptias
2793 1523 2838 1562 et
2858 1532 2989 1575 para-

2038 1587 2067 1629 p
2103 1586 2220 1617 ernis

1869 1629 1952 1672 XV
1982 1629 2051 1674 De
2081 1629 2185 1673 dote
2215 1634 2348 1674 cauta
2378 1635 2422 1674 et
2451 1644 2539 1675 non
2570 1635 2800 1675 numerata

1848 1685 1955 1730 XVI
1985 1686 2055 1730 De
2085 1685 2399 1730 donationibus
2425 1686 2543 1731 inter
2565 1688 2706 1731 virum
2736 1693 2780 1730 et
2808 1700 2991 1732 uxorem

2040 1746 2085 1786 et
2110 1754 2138 1785 a
2161 1743 2421 1797 parentibus
2438 1743 2484 1786 in
2511 1744 2676 1787 liberos
2707 1743 2838 1788 factis
2870 1749 2913 1788 et
2938 1745 2990 1788 de

2038 1798 2354 1843 ratihabitione

1825 1853 1955 1896 XVII
1985 1855 2052 1898 De
2067 1854 2262 1910 repudiis
2280 1859 2322 1898 et
2346 1855 2509 1899 iudicio
2532 1855 2586 1899 de
2600 1857 2799 1900 moribus
2815 1857 2991 1899 sublato

1802 1910 1955 1954 XVIII
1987 1911 2164 2010 Solu?t
2181 1911 2460 1955 matrimonio
2502 1911 2580 1956 dos
2625 1912 2993 1968 quemadmodum

2072 1979 2095 2010 e
2119 1979 2144 2010 a
2166 1980 2219 2009 ur

1780 2023 1952 2068 XVIIII
1984 1981 2128 2067 Sildos
2147 2025 2378 2067 constante
2395 2024 2674 2069 matrimonio
2692 2025 2839 2069 soluta
2861 2024 2994 2068 fuerit

1870 2079 1956 2123 XX
1987 2078 2068 2179 Nel
2093 2079 2378 2124 fideiussores
2409 2082 2478 2124 vel
2512 2081 2797 2125 mandatores
2827 2081 2993 2125 dotium

2071 2140 2203 2180 entur

1848 2190 1956 2235 XXI
1987 2191 2154 2236 Rerum
2183 2194 2433 2236 amotarum

1825 2246 1956 2291 XXII
1986 2249 2054 2292 Ne
2092 2262 2173 2304 pro
2205 2249 2307 2293 dote
2337 2250 2508 2293 mulieri
2546 2251 2665 2294 bona
2694 2251 2839 2294 mariti
2869 2250 2992 2294 addi-

2043 2308 2204 2349 cantur

1791 2360 1955 2403 ,XXIII
1985 2361 2053 2405 De
2082 2362 2220 2405 fundo
2252 2361 2390 2405 dotali

1781 2417 1960 2460 XXIIII
1990 2418 2190 2461 Divortio
2220 2418 2341 2461 facto
2373 2418 2492 2473 apud
2523 2431 2652 2475 quem
2676 2420 2806 2463 liberi
2833 2420 2994 2464 morari

2041 2474 2109 2517 vel
2139 2474 2321 2517 educari
2349 2474 2512 2519 debent

1828 2527 1956 2572 XXV
1987 2529 2054 2572 De
2084 2529 2254 2572 alendis
2286 2530 2436 2573 liberis
2467 2543 2520 2574 ac
2549 2530 2811 2586 parentibus

1803 2584 1954 2628 XXVI
1983 2585 2051 2628 De
2082 2585 2341 2629 concubinis

1784 2641 1954 2683 XXVII
1982 2640 2051 2684 De
2075 2641 2357 2684 naturalibus
2372 2641 2523 2684 liberis
2541 2645 2586 2686 et
2611 2642 2825 2685 matribus
2842 2655 2993 2685 eorum

2045 2701 2090 2741 et
2119 2710 2174 2741 ex
2203 2697 2363 2752 quibus
2396 2697 2573 2741 casibus
2603 2698 2709 2741 iusti
2738 2697 2995 2742 efficiuntur

1766 2753 1958 2795 XXVIII
1987 2752 2056 2796 De
2085 2752 2226 2796 tutela
2255 2755 2589 2796 testamentaria

1741 2808 1958 2851 XXVIIII
1987 2810 2056 2852 De
2086 2808 2387 2852 confirmando
2418 2811 2567 2852 tutore

1828 2864 1959 2906 XXX
1986 2864 2056 2908 De
2085 2864 2280 2919 legitima
2306 2865 2448 2908 tutela

1803 2921 1955 2963 XXXI
1985 2921 2070 2975 Qui
2100 2924 2255 2976 petant
2284 2924 2456 2965 tutores
2486 2921 2554 2965 vel
2585 2925 2813 2967 curatores

1785 2976 1959 3020 XXXII
1987 2977 2078 3021 Ubi
2107 2980 2317 3032 petantur
2346 2981 2516 3022 tutores
2547 2980 2615 3021 vel
2645 2984 2872 3024 curatores

1763 3033 1960 3076 XXXIII
1989 3033 2058 3077 De
2097 3033 2322 3077 tutoribus
2353 3038 2398 3077 et
2436 3035 2717 3079 curatoribus
2755 3036 2994 3080 illustrium

2044 3089 2111 3134 vel
2141 3090 2485 3133 clarissimarum
2514 3103 2806 3145 personarum

1745 3145 1964 3189 ΧΧΧΙΠΙ
1994 3146 2079 3201 Qui
2115 3145 2222 3189 dare
2258 3150 2431 3189 tutores
2461 3147 2528 3189 vel
2570 3151 2799 3192 curatores
2838 3151 2883 3192 et
2921 3148 2995 3204 qui

2045 3201 2143 3244 dari
2171 3206 2363 3257 possunt

1787 3257 1958 3302 XXXV
1988 3257 2173 3312 Quando
2236 3256 2394 3299 mulier
2447 3257 2613 3302 tutelae
2669 3258 2816 3302 officio
2874 3259 2996 3316 fungi

2044 3316 2193 3368 potest

1764 3368 1956 3413 XXXVI
1984 3369 2037 3411 In
2067 3369 2229 3423 quibus
2260 3369 2408 3413 causis
2437 3371 2630 3413 tutorem
2659 3371 2842 3415 habenti
2872 3376 2995 3416 tutor

2053 3425 2122 3468 vel
2152 3428 2332 3468 curator
2361 3426 2456 3468 dari
2484 3430 2635 3482 potest

1744 3479 1959 3523 XXXVII
1989 3480 2058 3524 De
2087 3480 2472 3525 administratione
2507 3485 2706 3525 tutorum
2744 3487 2788 3527 et
2819 3487 2994 3528 curato-

2044 3542 2211 3636 ruffndet
2228 3538 2281 3581 de
2305 3538 2497 3636 padcunia
2520 3539 2730 3594 pupillari
2753 3539 2996 3584 feneranda

2045 3605 2095 3636 ve
2178 3605 2348 3648 eponen
2381 3605 2408 3636 a

1722 3647 1960 3690 XXXVIII
1988 3648 2058 3691 De
2086 3649 2285 3704 periculo
2316 3652 2512 3693 tutorum
2543 3654 2588 3694 et
2618 3655 2873 3695 curatorum

1702 3703 1960 3748 XXXVIIII
1990 3704 2176 3758 Quando
2214 3718 2268 3748 ex
2306 3705 2425 3748 facto
2466 3706 2628 3749 tutoris
2667 3708 2734 3750 vel
2776 3708 2994 3752 curatoris

2045 3761 2234 3804 minores
2266 3774 2396 3815 agere
2425 3763 2492 3804 vel
2525 3764 2749 3805 conveniri
2779 3770 2967 3819 possunt

1786 3814 1960 3858 XXXX
1990 3815 2036 3860 Si
2066 3829 2120 3859 ex
2150 3816 2352 3872 pluribus
2377 3818 2599 3861 tutoribus
2618 3819 2685 3861 vel
2714 3820 2993 3863 curatoribus

2044 3884 2195 3971 ‹gmnes
2217 3873 2286 3938 yel
2317 3886 2430 3916 unus
2455 3885 2586 3971 atgere
2614 3887 2696 3930 pro
2727 3875 2898 3920 minore
2928 3877 2994 3919 vel

2073 3941 2271 3971 onvenm
2334 3942 2470 3972 ossun

1763 3982 1957 4026 XXXXI
1986 3983 2056 4026 Ne
2084 3986 2209 4027 tutor
2236 3942 2329 4027 velp
2345 3987 2526 4028 curator
2554 3986 2742 4041 vectigal
2772 3987 2995 4031 conducat

1719 4038 1960 4137 Χξζὶὲἑζὶῗῧ
1986 4039 2058 4137 ΒΕ
2074 4041 2222 4082 tutore
2237 4041 2305 4137 {el
2323 4044 2527 4084 curatore
2548 4041 2623 4096 qui
2640 4043 2745 4105 satis
2762 4055 2852 4086 non
2876 4042 2995 4085 dedit

2031 4107 2055 4138 e
2084 4107 2245 4150 suspec
2266 4109 2305 4139 is

1698 4149 1960 4192 XXXXIIII
1988 4150 2058 4194 De
2086 4151 2132 4193 in
2161 4151 2282 4194 litem
2321 4151 2467 4195 dando
2507 4154 2656 4196 tutore
2685 4153 2753 4196 vel
2789 4157 2994 4196 curatore

1741 4205 1955 4248 XXXXV
1985 4206 2055 4249 De
2085 4218 2136 4249 eo
2166 4206 2242 4261 qui
2270 4220 2351 4262 pro
2382 4210 2530 4250 tutore
2560 4208 2737 4263 negotia
2766 4209 2902 4263 gessit

1721 4261 1956 4305 XXXXVI
1986 4261 2034 4304 Si
2062 4264 2204 4305 mater
2233 4262 2564 4306 indemnitatem
2593 4264 2846 4318 promiserit

1701 4316 1959 4360 XXXXVII
1989 4316 2035 4360 Si
2066 4322 2222 4360 contra
2245 4318 2399 4362 matriS
2416 4319 2687 4363 voluntatem
2711 4324 2833 4363 tutor
2863 4320 2992 4364 datus

2043 4372 2102 4416 sit

1675 4427 1954 4471 XXXXVIII
1986 4427 2044 4472 Ut
2075 4441 2238 4473 causae
2277 4433 2380 4485 post
2418 4431 2694 4486 pubertatem
2726 4430 2843 4474 adsit
2871 4435 2989 4475 tutor

1651 4483 1951 4528 XXXXVIIII
1984 4483 2072 4527 Ubi
2101 4485 2259 4540 pupilli
2290 4486 2536 4529 educentur

1915 4539 1955 4582 L
1986 4539 2054 4582 De
2084 4540 2304 4584 alimentis
2335 4542 2504 4596 pupillo
2535 4541 2815 4597 praestandis

1898 4595 1960 4639 LI
1988 4595 2232 4640 Arbitrium
2259 4598 2426 4641 tutelae
