3034 4776
166 165 246 210 nn
272 162 478 206 1:1›10'1'0
515 158 879 207 succussomo

800 305 902 356 V1.¹

467 390 544 432 DE
573 308 798 433 Emer}
810 387 1189 431 successonio.

218 471 241 518 1
279 469 414 531 ⁵‘Imp
440 471 704 518 Alexander
722 471 774 516 A.
792 468 925 514 Iulio.
971 469 1018 514 Si
1046 475 1186 515 mater
1212 475 1292 516 tua
1315 478 1497 529 propter

161 527 356 572 furorem
386 541 515 572 suum
545 527 691 584 patrui
720 525 790 572 sui
811 526 1030 570 bonorum
1053 528 1376 581 possessionem
1406 542 1495 573 non

159 583 357 640 accepi-t,
397 587 448 628 tu
476 584 592 628 filius
623 583 718 628 eius
747 581 804 626 ad
834 581 1072 626 eorundem
1102 583 1316 628 bonorum
1345 585 1496 640 patrui

159 639 307 694 magni
344 640 670 695 possessionem
708 651 763 683 ex
802 637 968 690 edicto,
1016 652 1101 694 quo
1142 640 1366 695 prioribus
1405 654 1495 684 non

191 695 411 740 etentibus
470 695 754 752 sequentibus
807 694 1103 750 permittitur,
1158 696 1376 740 admissus
1432 709 1492 740 es.

201 750 252 795 P.
271 763 363 795 1111
387 750 446 795 id.
464 750 570 796 Dec.
584 750 792 796 Maximo
811 761 856 794 ΙΙ
869 756 915 794 et
927 751 1116 795 Aeliano
1133 764 1277 797 conss.
1320 758 1377 806 [a.
1398 755 1492 803 223]

215 805 247 854 2
278 806 425 867 Impp.
455 806 764 852 Diocletianus
803 811 848 850 et
875 804 1187 851 Maximianus
1216 809 1307 852 AA.
1339 813 1385 853 et
1415 805 1492 853 CC.

159 863 326 907 Firmo.
386 863 433 908 Si
461 863 584 907 aviae
613 862 753 906 frater
782 875 956 917 eorum,
998 862 1051 906 de
1120 877 1278 908 uorum
1316 875 1493 909 succes·

157 919 282 963 sione
310 919 475 974 agitur,
516 918 635 963 velut
671 931 724 962 ex
760 921 1024 962 testamento
1055 932 1081 962 a
1112 920 1163 963 iit
1190 921 1493 971 hereditatem,

159 988 268 1031 quos
311 975 543 1019 intestatos
593 974 838 1018 decessisse
882 988 935 1018 ac
978 975 1141 1018 falsum
1183 978 1495 1020 testamentum

157 1031 377 1086 prolatum
408 1030 661 1082 contendis,
702 1034 745 1073 et
783 1031 840 1074 ab
877 1031 1085 1075 intestato
1127 1045 1214 1075 non
1247 1032 1386 1088 petita
1416 1032 1493 1074 bo-

157 1100 314 1131 norum
342 1086 625 1143 possessione
639 1086 728 1130 vita
752 1086 933 1132 functus
958 1092 1037 1141 est,
1069 1100 1123 1131 ac
1146 1092 1196 1130 tu
1219 1088 1323 1131 licet
1343 1087 1494 1143 quinto

156 1142 296 1197 gradu
333 1142 599 1187 constitutus
641 1155 695 1186 ex
733 1143 1008 1187 successorio
1051 1143 1194 1199 capite
1233 1144 1383 1200 petisti
1415 1143 1494 1186 bo-

158 1211 311 1243 norum
363 1199 687 1254 possessionem
742 1199 810 1242 vel
863 1199 1052 1243 necdum
1106 1200 1310 1244 exclusus
1353 1202 1494 1255 petas,

155 1267 304 1298 eorum
350 1255 678 1299 successionem
717 1258 846 1311 potes
899 1255 1134 1299 vindicare.
1216 1269 1319 1299 nam
1365 1254 1403 1299 si
1441 1254 1493 1308 is,

155 1323 295 1410 3312ss
318 1310 1402 1412 ΨὲῗῑὲἷοῃξὲὃῗὲέῗέἳῗέἓῖΐῗτΜὶὲωἳξὲὶωῖ
1442 1323 1496 1410 iix

154 1422 279 1466 casti.
325 1380 385 1466 ΡΒ.
425 1434 475 1466 VJ
500 1423 559 1467 id.
591 1422 736 1481 April.
770 1422 908 1467 Sirmi
930 1381 1227 1481 'CC.u{ornss1.lo
1261 1381 1296 1411 IS
1309 1381 1364 1475 [cst.
1382 1380 1494 1475 Ρ21ἔὶ4]

731 1592 908 1642 XV11.³

463 1677 540 1717 DE
571 1676 794 1717 OARBON
797 1675 898 1716 IAN
901 1675 933 1715 O
963 1673 1184 1714 EDICTO.

209 1756 232 1803 1
270 1755 415 1816 Impp.
447 1756 761 1801 Diocletianus
797 1762 841 1800 et
868 1754 1183 1799 Maximianus
1212 1755 1304 1798 AA.
1340 1761 1385 1799 et
1416 1754 1493 1799 CC.

149 1812 329 1856 Florae.
404 1812 451 1856 Si
489 1812 571 1857 tibi
609 1825 663 1855 ac
702 1811 794 1855 filio
834 1814 911 1855 tuo
952 1814 1097 1854 status
1138 1811 1194 1853 ab
1233 1810 1301 1854 his
1342 1813 1496 1855 contra

149 1880 258 1925 quos
288 1867 512 1926 supplicas
542 1870 743 1913 movetur
773 1867 997 1925 quaestio,
1035 1866 1252 1923 perspicis
1291 1880 1494 1923 praema-

147 1931 245 1970 ture
281 1938 446 1978 rerum‚
489 1939 599 1981 quas
630 1926 749 1969 velut
789 1926 842 1968 de
883 1923 1024 1981 patris
1063 1923 1348 1967 successione
1377 1923 1495 1967 filius

147 1991 250 2026 tuus
292 1981 509 2035 vindicat,
555 1982 883 2026 restitutionem
928 1980 1169 2036 postulari,
1216 1993 1336 2031 cum,
1383 1979 1495 2023 siin

144 2037 355 2094 pupillari
382 2043 641 2094 permaneat
670 2041 833 2090 aetate,
872 2036 1115 2081 secundum
1143 2036 1331 2080 formam
1362 2035 1495 2079 edicti

147 2093 418 2139 Carboniani
461 2094 565 2137 data
610 2095 827 2138 bonorum
873 2093 1157 2150 possessione
1205 2092 1495 2136 satisdatione

145 2151 328 2207 impleta
365 2152 472 2194 tunc
513 2151 688 2194 demum
715 2150 764 2193 in
793 2150 1122 2206 possessionem
1153 2162 1254 2193 eum
1287 2149 1495 2193 const-itui

149 2206 383 2251 conveniat
411 2207 479 2250 vel
507 2207 593 2250 hac
623 2220 713 2251 non
744 2207 896 2251 oblata
926 2207 1178 2263 portionem
1204 2206 1261 2249 ab
1291 2205 1493 2250 omnibus

148 2275 281 2319 quam
308 2262 506 2306 vindicat
533 2263 767 2318 possideri,
800 2262 1024 2307 servitutis
1054 2275 1157 2306 vero
1193 2262 1494 2318 quaestionem

147 2319 193 2362 in
222 2322 394 2374 tempus
426 2319 594 2363 differri
622 2319 888 2375 pubertatis.
951 2318 996 2363 S.
1030 2330 1111 2362 XII
1137 2317 1180 2361 lc.
1213 2317 1325 2363 Nov.
1357 2317 1496 2362 Sirmi

147 2377 240 2419 AA.
272 2388 415 2419 conss.
1307 2378 1363 2427 [a.
1397 2377 1494 2427 293]

205 2429 236 2478 2
287 2429 375 2475 ⁴Im
402 2445 486 2490 pp.
536 2430 881 2476 Valentinianus
927 2430 1204 2475 Theodosius
1257 2435 1302 2474 et
1354 2431 1495 2475 Arca-

148 2487 278 2531 dius⁵
306 2445 439 2532 AJA.
471 2486 533 2531 ad
560 2485 774 2543 Rufinum
802 2502 832 2545 p
872 2523 878 2530 .
941 2486 1271 2533 Carbonianum
1303 2486 1495 2531 edictum

148 2544 230 2588 sub
259 2543 462 2600 personis
493 2543 697 2598 legitimis
728 2542 835 2587 indu
869 2544 980 2587 itato
1011 2543 1306 2596 matrimonio,
1345 2547 1493 2588 custo·

147 2599 239 2643 dito
269 2606 404 2656 partu
432 2602 478 2643 et
506 2600 696 2656 probata
726 2600 919 2656 legitima
958 2600 1244 2644 successione
1285 2599 1494 2650 defertur,

148 2655 318 2700 scilicet
355 2659 407 2700 ut
442 2657 489 2699 in
524 2655 808 2711 possessione
847 2670 989 2700 novus
1026 2657 1154 2700 heres
1193 2657 1496 2700 constitutus⁶

148 2724 288 2768 usque
323 2712 382 2756 ad
421 2712 671 2768 pubertatis
711 2725 852 2756 annos
896 2713 991 2756 sine
1023 2711 1331 2768 inquietudine
1361 2714 1494 2757 rebus

147 2771 301 2812 utatur
337 2767 559 2812 interdum
597 2768 771 2813 alienis.
840 2767 896 2813 D.
929 2779 1023 2812 ΠΗ
1057 2767 1101 2812 lc.
1138 2767 1230 2813 Oct.
1277 2766 1495 2813 Constan-

149 2821 342 2883 tinopoli
357 2823 608 2869 Theodosio
625 2826 675 2868 A.
696 2836 766 2868 Il!
778 2823 1124 2869 etAbundantio
1142 2837 1285 2868 conss.
1320 2828 1375 2877 [a.
1396 2827 1493 2877 393]

724 2994 925 3046 XVIII?

522 3077 680 3119 unns
711 3077 810 3119 via
837 3078 911 3119 ET
941 3078 1110 3119 uxos.

206 3157 230 3206 1
269 3157 434 3217 ‘Impyz
469 3157 746 3203 Theodosius
786 3165 832 3204 et
871 3159 1213 3205 Valentinianus
1251 3162 1343 3206 AA.
1387 3162 1493 3207 Hie—

147 3215 218 3260 rio
249 3229 287 3273 p
325 3249 335 3258 .
402 3214 594 3258 Maritus
635 3220 680 3258 et
717 3228 830 3259 uxor
863 3216 920 3259 ab
951 3216 1162 3260 intestato
1193 3217 1379 3262 invicem
1409 3218 1495 3263 sibi

149 3272 195 3314 in
237 3284 288 3316 so
309 3269 427 3314 ‘dum
470 3283 552 3325 pro
596 3271 778 3326 antiquo
821 3271 916 3314 iure
969 3272 1232 3326 succedant,
1289 3274 1493 3329 quotiens

149 3326 298 3370 deficit
336 3325 478 3370 omnis
516 3327 768 3382 parentium
806 3327 1050 3371 liberorum
1096 3340 1175 3371 seu
1219 3330 1492 3385 propinquo-

149 3397 248 3427 rum
285 3382 327 3426 le
358 3382 481 3426 itima
519 3381 588 3426 vel
627 3383 843 3427 naturalis
873 3383 1121 3436 successio,
1156 3383 1264 3428 fisco
1295 3386 1490 3429 excluso.

150 3438 205 3483 D.
246 3451 284 3483 x
356 3473 366 3482 .
410 3436 548 3483 Mart.
597 3436 989 3497 Constantinopoli
1030 3439 1180 3483 Felice
1225 3446 1268 3484 et
1313 3440 1494 3486 Tauro⁹

147 3508 295 3540 conss.
1305 3500 1361 3549 [a.
1393 3500 1492 3551 428]

700 3667 944 3717 XV1111.¹⁰

227 3749 304 3790 DE
333 3747 705 3790 REPUDIANDA
734 3749 1005 3791 BONORUM
1035 3749 1416 3790 POSSESSIONE.

209 3830 233 3877 1
275 3828 458 3889 ¹¹Impp.
485 3829 795 3875 Diocletianus
824 3836 869 3876 et
889 3830 1202 3875 Maximianus
1222 3832 1315 3875 AA.
1342 3835 1389 3875 et
1414 3829 1491 3875 CC.

153 3886 476 3931 Theodotiano
535 3887 858 3943 Emancipatus
888 3887 1121 3943 repudiata
1146 3888 1365 3932 bonorum
1389 3900 1491 3943 pos-

151 3943 349 3987 sessione
380 3943 608 3986 absentiae
646 3943 822 3998 patroni
854 3956 1015 3987 causae
1044 3944 1289 3988 velamento
1320 3956 1493 3987 rursum

152 4000 209 4043 ad
239 3998 420 4043 eandem
449 3998 592 4041 redire
619 3999 924 4054 quaestionem
948 3999 1118 4043 frustra
1141 4005 1342 4044 conatur.
1385 3998 1493 4043 Sine

151 4056 223 4101 die
250 4062 297 4100 et
326 4055 513 4099 cons-5.¹²
1303 4060 1361 4109 [a.
1393 4058 1490 4107 294]

153 4197 202 4247 (1)
239 4197 300 4250 Cf.
329 4196 430 4250 Diy.
463 4197 529 4247 38,
562 4206 580 4236 9
668 4196 723 4247 (2)
753 4195 799 4236 B
822 4198 890 4248 40,
914 4206 948 4247 2,
970 4205 991 4239 3
1077 4197 1131 4249 (3)
1162 4197 1206 4238 B
1227 4199 1294 4249 40,
1313 4207 1418 4247 5,17.
1437 4206 1490 4239 18.

152 4274 209 4283 —
241 4253 302 4306 Cf.
333 4252 434 4306 Diy.
466 4254 532 4300 37,
565 4261 605 4294 10
721 4253 774 4304 (4)
804 4273 859 4288 =
893 4252 964 4293 le.
996 4254 1035 4300 4,
1067 4262 1102 4304 3,
1131 4262 1168 4294 1:
1203 4254 1320 4308 iunye
1355 4254 1426 4294 ΤΙι.
1452 4255 1491 4304 2,

156 4318 207 4360 12,
237 4318 270 4350 5.
302 4310 342 4360 4,
373 4318 407 4357 8,
440 4317 475 4350 9.
512 4310 575 4355 11,
606 4317 664 4359 30,
696 4317 739 4349 52
853 4309 908 4358 (5)
938 4309 996 4349 sic
1025 4310 1141 4349 etiam
1177 4309 1248 4350 Th.
1276 4312 1414 4360 11,30,
1433 4319 1490 4361 52,

155 4366 306 4417 imppp.
347 4364 599 4405 Theodosius
628 4363 829 4404 Arcadius
869 4368 908 4404 et
944 4364 1158 4404 Honorius
1199 4365 1270 4406 Th.
1303 4367 1340 4416 2,
1372 4374 1425 4415 12,
1456 4376 1489 4406 5.

155 4423 195 4469 4,
214 4429 248 4470 8,
266 4429 286 4462 9
373 4422 429 4471 (6)
459 4420 619 4461 locatus
639 4421 711 4462 Th.
798 4421 852 4471 (7)
874 4420 934 4470 Cf.
951 4420 1052 4474 Diq.
1069 4421 1136 4471 38,
1154 4430 1188 4463 11
1268 4423 1325 4473 (8)
1340 4442 1395 4457 =
1416 4422 1490 4463 Th.

156 4477 195 4525 5,
225 4484 256 4526 1,
286 4484 307 4517 9
347 4475 392 4517 Β
422 4478 489 4527 45,
522 4487 554 4527 5,
588 4486 630 4519 2:
682 4478 799 4530 {unqe
830 4477 868 4528 2,
900 4484 1024 4527 57‚·2.
1063 4478 1102 4525 5,
1133 4485 1166 4528 3,
1198 4486 1252 4518 ιτ.
1295 4480 1333 4528 5,
1365 4487 1398 4528 4,
1430 4487 1488 4519 22.

154 4533 195 4581 5,
225 4540 274 4579 11,
306 4539 340 4572 s.
371 4534 411 4583 6,
442 4541 499 4583 24,
529 4542 577 4575 11.
608 4535 646 4585 6,
678 4542 733 4583 61,
764 4541 784 4574 2
940 4533 996 4582 (9)
1027 4530 1147 4572 felice
1178 4534 1219 4573 et
1248 4534 1367 4573 tauro
1403 4534 1490 4584 Th„

156 4586 290 4627 hierio
318 4590 359 4627 et
387 4590 507 4628 tauro
546 4589 593 4639 V,
624 4589 758 4629 hierio
787 4590 828 4629 et
856 4587 1077 4628 ardaburio
1103 4589 1174 4639 (=
1197 4604 1235 4628 a.
1254 4591 1336 4638 427)
1364 4590 1490 4629 Hal:

154 4651 320 4697 propter
360 4654 631 4698 aryumentum
663 4655 700 4688 et
729 4646 828 4686 diem
861 4645 1042 4686 dubitari
1070 4646 1223 4698 nequit,
1263 4646 1356 4699 quin
1388 4646 1424 4686 h.
1457 4661 1488 4686 c.

284 4711 325 4747 u.

1490 147 1591 208 249

2607 153 2677 204 VI
2718 154 2919 204 16-—20

1639 302 1670 351 2
1718 304 1878 350 ¹³Idem
1915 304 2009 349 AA.
2049 308 2094 349 et
2132 302 2209 348 CC.
2251 303 2498 353 Theodoro.
2568 304 2683 348 Filio
2728 303 2920 347 delatam

1581 362 1799 406 bonorum
1833 360 2157 418 possessionem
2194 361 2313 416 patri
2352 361 2409 405 ad
2444 360 2646 405 fraudem
2674 359 2757 404 filii
2787 372 2920 415 repu-

1581 417 1837 518 ffiffgjnon
1880 418 1998 463 licet.
2083 415 2130 461 S.
2170 427 2219 460 VJ
2260 415 2304 461 lc.
2344 416 2450 462 Dec.
2500 416 2788 523 Nicomedi&
2821 412 2920 523 ὥς]

2181 671 2325 722 ΧΧ.“

1968 767 2044 806 DE
2075 763 2537 807 OOLLATIONIBUS.

1638 858 1661 906 1
1713 857 1828 917 Imp.
1874 859 2138 904 Alexander
2180 861 2232 903 A.
2278 858 2531 903 Deuteriae.
2607 855 2924 910 Emancipatos

1580 916 1741 959 liberos
1771 918 2036 958 testamento
2065 914 2249 957 heredes
2287 915 2477 968 scriptos
2509 916 2552 956 et
2580 924 2634 954 ex
2665 924 2715 955 eo
2747 923 2924 955 succes-

1581 973 1751 1016 sionem
1796 970 2044 1014 obtinentes
2089 982 2117 1012 a
2158 973 2287 1024 patre
2331 969 2496 1012 donata
2541 967 2670 1010 fratri
2721 967 2924 1010 conferre

1581 1041 1670 1071 non
1709 1031 1941 1083 oportere,
1982 1025 2019 1069 si
2049 1029 2198 1081 pater,
2240 1029 2291 1068 ut
2319 1025 2404 1068 hoc
2434 1023 2533 1079 fiat,
2565 1023 2780 1079 supremis
2810 1022 2925 1065 iudi-

1583 1083 1661 1128 ciis
1690 1096 1780 1127 non
1809 1082 1937 1138 cavit,
1976 1081 2198 1125 manifesti
2226 1081 2335 1125 iuris
2372 1085 2452 1124 est.
2522 1078 2616 1123 PP.
2649 1091 2718 1122 [Π
2744 1079 2803 1122 id.
2837 1077 2924 1122 Iul.

1583 1139 1764 1184 Iuliano
1795 1143 1839 1184 et
1870 1137 1968 1183 Cris
2002 1138 2080 1182 ino
2110 1151 2253 1182 conss.
2736 1139 2793 1188 [a.
2825 1137 2925 1186 224]

1639 1193 1671 1242 2
1713 1194 1838 1240 Idem
1877 1196 1929 1239 A.
2003 1194 2130 1238 rimo.
2200 1193 2247 1237 Si
2285 1198 2413 1249 pater
2441 1193 2655 1237 intestato
2673 1193 2708 1220 ¹⁵
2738 1191 2927 1235 decessit

1581 1251 1747 1296 relictis
1792 1251 1968 1296 duobus
2011 1250 2114 1295 filiis
2161 1253 2206 1294 et
2239 1250 2355 1302 filia,
2399 1250 2523 1294 cuius
2563 1248 2739 1293 nomine
2779 1247 2925 1290 dotem

1581 1308 1856 1364 promiserat,
1888 1306 2114 1363 portiones
2144 1306 2401 1350 hereditatis
2426 1318 2597 1361 aequae
2634 1308 2738 1349 sunt
2767 1308 2810 1347 et
2849 1303 2927 1347 dos

1581 1364 1717 1408 nihilo
1748 1363 1892 1407 minus
1921 1363 1985 1407 ita
2016 1362 2285 1407 conferenda
2314 1367 2395 1415 est,
2438 1367 2487 1407 ut
2524 1374 2606 1418 pro
2647 1359 2927 1417 portionibus

1582 1421 1743 1464 fratres
1795 1420 1889 1463 eius
1944 1432 1971 1462 a
2023 1418 2289 1465 necessitate
2341 1418 2636 1475 praestandae
2680 1418 2773 1461 eius
2818 1416 2925 1459 libe-

1581 1479 1751 1520 rentur.
1826 1475 1921 1519 PP.
1967 1487 2058 1519 111]
2109 1475 2170 1519 id.
2216 1474 2339 1534 Sept.
2386 1474 2570 1519 Iuliano
2624 1481 2668 1518 et
2722 1472 2927 1582 Crisgzgifi

1583 1546 1726 1577 conss.
2755 1543 2795 1572 a.
2858 1534 2866 1547 ⁶

1641 1585 1670 1635 3
1711 1587 1838 1632 Idem
1876 1588 1927 1631 A.
1969 1587 2249 1632 Alexandro.
2317 1586 2505 1631 Pactum
2535 1586 2672 1631 dotali
2690 1586 2724 1612 ¹⁶
2759 1586 2923 1628 instru-

1583 1647 1730 1688 mento
1749 1643 2128 1699 comprehensum,
2152 1647 2202 1686 ut
2219 1647 2430 1687 contenta
2446 1643 2547 1687 dote
2570 1655 2684 1698 quae
2707 1642 2754 1685 in
2776 1641 2928 1684 matri·

1583 1700 1731 1744 monio
1753 1700 2058 1744 collocabatur
2078 1699 2248 1742 nullum
2270 1699 2327 1742 ad
2342 1700 2461 1743 bona
2476 1704 2664 1754 paterna
2678 1711 2928 1753 regressum

1583 1756 1787 1809 haberet,
1827 1755 1936 1798 iuris
1977 1755 2245 1798 auctoritate
2285 1755 2563 1811 improbatur
2600 1768 2680 1798 nec
2717 1754 2928 1797 intestato

1583 1812 1698 1867 patri
1737 1810 1979 1854 succedere
2015 1809 2109 1853 filia
2148 1823 2200 1853 ea
2241 1811 2414 1854 ratione
2444 1811 2720 1866 prohibetur.
2782 1809 2929 1853 dotem

1583 1879 1690 1911 sane
1731 1879 1863 1922 quam
1901 1867 2076 1922 accepit
2112 1866 2325 1914 fratribus
2367 1866 2443 1922 qui
2478 1866 2524 1909 in
2554 1870 2775 1922 potestate
2805 1878 2928 1909 man—

1583 1927 1736 1967 serunt
1773 1923 1976 1967 conferre
2011 1922 2155 1966 debet.
2215 1922 2269 1966 D.
2302 1934 2429 1966 XJJH
2442 1924 2475 1950 ¹⁷
2514 1921 2556 1967 lc.
2589 1921 2675 1966 Iul.
2712 1921 2930 1980 Aqricola

1582 1985 1628 2023 et
1657 1978 1878 2024 Clemente
1907 1992 2052 2023 conss.
2742 1982 2798 2031 [a.
2831 1981 2929 2031 230]

1640 2034 1672 2081 4
1710 2034 1824 2093 Imp.
1870 2033 2130 2079 Gordianus
2167 2035 2218 2079 A.
2261 2034 2458 2079 Marino.
2525 2034 2668 2078 Filiae
2705 2034 2850 2079 dotem
2883 2034 2931 2078 in

1582 2091 1773 2135 medium
1801 2092 1864 2135 ita
1895 2091 2068 2135 demum
2102 2091 2303 2135 conferre
2335 2097 2572 2147 coguntur,
2613 2092 2650 2135 si
2680 2092 2747 2135 vel
2777 2092 2833 2134 ab
2863 2091 2929 2134 in-

1584 2152 1745 2192 testato
1791 2148 2034 2192 succedant
2078 2148 2145 2191 vel
2197 2151 2352 2192 contra
2395 2149 2573 2192 tabulas
2618 2151 2794 2204 petant:
2849 2160 2931 2191 nec

1583 2205 1765 2249 dubium
1807 2210 1873 2248 est
1908 2204 2215 2260 profecticiam
2254 2218 2334 2249 seu
2378 2204 2670 2248 adventiciam
2713 2204 2861 2248 dotem
2904 2216 2931 2247 a

1582 2267 1711 2318 patre
1755 2261 1903 2305 datam
1947 2261 2016 2304 vel
2059 2261 2347 2305 constitutam
2390 2261 2604 2305 fratribus
2645 2261 2720 2316 qui
2759 2261 2805 2304 in
2848 2273 2930 2316 po-

1585 2322 1745 2361 testate
1785 2317 1966 2361 suerunt
2008 2316 2321 2361 conferendam
2362 2329 2470 2362 esse.
2530 2317 2599 2360 his
2631 2317 2814 2368 etenim,
2855 2315 2929 2372 qui

1581 2374 1628 2417 in
1666 2373 1835 2419 familia
1874 2373 2071 2417 defuncti
2109 2387 2198 2417 non
2230 2378 2352 2423 sunt,
2393 2373 2700 2429 profecticiam
2735 2377 2926 2415 tantum-

1582 2430 1712 2475 modo
1755 2429 1901 2473 dotem
1938 2432 2042 2485 post
2071 2430 2215 2473 varias
2251 2429 2532 2486 prudentium
2563 2429 2793 2485 opiniones
2824 2441 2927 2472 con-

1581 2487 1686 2530 ferri
1723 2486 1905 2542 placuit.
1972 2484 2066 2529 PP.
2101 2498 2191 2530 ΠΗ
2227 2486 2287 2529 id.
2319 2485 2502 2530 Marte
2533 2483 2763 2530 Gordiano
2794 2485 2845 2529 A.
2885 2491 2929 2528 et

1582 2543 1743 2586 Aviola
1774 2556 1919 2586 conss.
2741 2546 2796 2594 [a.
2829 2544 2925 2594 239]

1638 2598 1667 2644 5
1703 2598 1828 2642 Idem
1857 2599 1908 2642 A.
1941 2597 2246 2644 Alexandrae.
2297 2599 2423 2642 Dotis
2448 2598 2621 2654 quidem
2648 2598 2802 2654 petitio
2828 2610 2928 2654 pern

1582 2658 1812 2700 severante
1842 2654 2119 2698 matrimonio
2150 2654 2231 2698 tibi
2264 2668 2355 2699 non
2393 2655 2692 2710 competebat:
2733 2654 2927 2710 quamvis

1582 2713 1697 2754 enim
1741 2724 1836 2754 eam
1878 2711 2090 2754 intestato
2130 2716 2260 2767 patre
2301 2710 2510 2755 defuncto
2555 2710 2684 2754 fratri
2728 2710 2929 2754 conferre

1582 2768 1819 2820 debueras,
1861 2781 1951 2811 non
1989 2770 2139 2810 tamen
2180 2780 2230 2811 eo
2269 2767 2445 2812 nomine
2482 2767 2692 2811 adversus
2722 2766 2928 2810 maritum

1581 2824 1661 2868 tibi
1691 2823 1807 2867 actio
1837 2823 1985 2879 potuit
2014 2836 2133 2876 esse,
2176 2837 2278 2867 cum
2317 2837 2368 2869 eo
2398 2823 2542 2867 minus
2572 2823 2617 2866 in
2643 2828 2818 2890 partem
2847 2822 2929 2866 tibi

1582 2880 1758 2924 delatae
1788 2879 2084 2924 successionis
2113 2879 2254 2936 patris
2284 2879 2459 2925 auferre
2481 2884 2691 2936 potueris.
2738 2878 2792 2923 D.
2823 2892 2927 2923 non.

1583 2936 1641 2981 Se
1678 2943 1705 2981 t.
1741 2935 1974 2980 Gordiano
2006 2937 2057 2979 A.
2091 2942 2135 2980 et
2163 2936 2326 2981 Aviola
2357 2949 2499 2981 conss.
2739 2939 2795 2988 [a.
2829 2938 2926 2986 239]

1634 2991 1638 2994 ’
1708 2991 1834 3036 Idem
1873 2993 1924 3036 A.
1970 2991 2170 3038 Claudio.
2238 2992 2309 3036 Ea
2346 2992 2521 3036 demum
2551 2993 2606 3035 ab
2640 2991 2927 3047 emancipatis

1580 3048 1795 3093 fratribus
1839 3049 1909 3093 his
1951 3049 2026 3104 qui
2071 3053 2330 3092 manserunt
2372 3049 2417 3091 in
2461 3051 2683 3103 potestate
2734 3046 2927 3091 conferri

1582 3108 1924 3157 consueverunt,
1964 3117 2077 3159 quae
2105 3104 2152 3147 in
2182 3105 2310 3149 bonis
2340 3117 2493 3148 eorum
2523 3103 2704 3147 fuerunt
2734 3116 2785 3146 eo
2816 3108 2927 3146 tem-

1580 3175 1700 3217 pore,
1734 3174 1818 3215 quo
1849 3165 1976 3215 pater
2006 3160 2088 3203 fati
2116 3174 2276 3204 munus
2311 3160 2530 3215 implevit,
2572 3159 2766 3215 exceptis
2807 3158 2926 3202 vide-

1579 3219 1684 3261 licet
1724 3229 1837 3272 quae
1876 3217 1931 3260 ab
1972 3216 2080 3271 ipsis
2119 3216 2218 3260 aliis
2249 3216 2480 3260 debentur.
2538 3214 2593 3259 D.
2632 3227 2706 3259 VII
2740 3215 2782 3259 lc.
2814 3213 2925 3259 Mai.

1580 3273 1830 3331 Pereqrino
1861 3279 1907 3316 et
1932 3272 2183 3315 Aemiliano
2215 3285 2358 3317 conss.
2738 3276 2794 3325 [a.
2827 3274 2925 3324 244]

1637 3326 1665 3375 7
1711 3327 1824 3385 Imp.
1866 3327 2109 3392 Philippus
2146 3328 2199 3372 A.
2243 3327 2512 3386 Tyranniae.
2585 3327 2744 3372 Filiam
2787 3331 2926 3372 testa·

1578 3387 1727 3428 mento
1790 3383 1898 3427 atris
1928 3384 2175 3427 institutam
2204 3384 2411 3428 heredem
2449 3385 2662 3428 fratribus
2700 3383 2927 3439 isdemque

1581 3398 1873 3485 coheredlibus
1906 3439 2052 3505 dotem
2083 3440 2286 3484 conferre
2316 3454 2405 3485 non
2436 3445 2654 3497 oportere,
2686 3441 2770 3484 nisi
2799 3444 2927 3496 pater

1578 3498 1665 3541 hoc
1693 3496 1843 3551 ipsum
1871 3509 1892 3539 s
1926 3496 2123 3539 eciahter
2152 3496 2416 3551 designavit,
2454 3497 2673 3553 explorati
2702 3497 2812 3541 iuris
2843 3499 2924 3541 est.

1579 3552 1672 3596 PP.
1705 3564 1754 3596 VJ
1781 3551 1824 3595 lc.
1902 3552 1959 3594 ai.
1993 3551 2238 3597 Praesente
2267 3559 2313 3598 et
2335 3553 2496 3597 Albino
2529 3567 2671 3597 conss.
2734 3557 2790 3605 [a.
2823 3551 2922 3608 246]

1637 3605 1667 3655 8
1709 3607 1809 3666 Imp
1847 3642 1855 3651 .
1897 3607 2208 3653 Diocletianus
2251 3615 2296 3654 et
2337 3608 2652 3654 Maximianus
2691 3609 2783 3653 AA.
2825 3607 2925 3652 Cal-

1579 3664 1717 3728 lippo.
1789 3621 1842 3708 Sti⁹
1876 3676 2004 3707 soror
2042 3668 2122 3708 tua
2158 3665 2205 3709 in
2244 3670 2530 3721 paternorum
2568 3666 2784 3709 bonorum
2815 3663 2923 3707 divi-

1578 3733 1703 3764 sione
1731 3724 1775 3763 te
1803 3719 1962 3763 fefellit
2001 3733 2083 3764 nec
2114 3720 2282 3775 dotem,
2314 3735 2446 3777 quam
2477 3725 2712 3777 acceperat
2741 3733 2767 3762 a
2796 3724 2924 3776 patre

1578 3782 1724 3820 vestro
1753 3776 1963 3820 intestato
1995 3775 2108 3819 diem
2142 3777 2318 3831 functo,
2358 3778 2563 3828 contulit,
2602 3789 2780 3832 praeses
2819 3788 2922 3831 pro-

1577 3832 1745 3876 vinciae
1776 3831 2035 3876 examinatis
2066 3834 2258 3887 partium
2288 3833 2639 3888 adlegationibus
2668 3845 2767 3875 cum
2793 3830 2921 3875 bonis

1578 3888 1724 3932 dotem
1765 3887 1978 3931 confundi
2020 3887 2190 3933 iubebit
2234 3895 2300 3942 et,
2356 3889 2473 3944 quod
2520 3888 2707 3932 deducta
2749 3887 2922 3930 ratione

1577 3944 1675 3999 plus
1730 3943 1849 3999 apud
1902 3956 1996 3986 eam
2049 3957 2146 3988 esse
2190 3944 2568 3995 animadverterit,
2623 3942 2798 3987 restitui
2839 3941 2923 3985 tibi

1575 4000 1758 4044 iubebit.
1819 3999 1935 4043 idem
1974 4001 2042 4043 est
2080 4005 2125 4044 et
2161 4001 2200 4045 si
2238 4002 2407 4046 arbitro
2423 4000 2456 4027 ¹⁹
2486 4000 2590 4043 dato
2622 3998 2774 4042 divisio
2806 3997 2919 4041 cele-

1577 4056 1705 4099 brata
1736 4057 1817 4100 est.
1877 4053 1923 4099 S.
1963 4067 2014 4099 VJ
2039 4055 2098 4100 id.
2131 4055 2218 4101 Iul.
2248 4057 2361 4115 ipsis
2389 4056 2481 4100 AA.
2514 4068 2656 4099 conss.
2733 4058 2788 4106 [α.
2822 4056 2919 4104 290]

1575 4205 1733 4250 sumpta
1760 4198 1814 4261 sit
1843 4212 1891 4238 ex
1910 4198 1981 4238 Th.
1998 4201 2037 4250 5,
2056 4208 2085 4250 1,
2103 4208 2145 4241 9:
2177 4199 2438 4252 Eynatianus
2469 4199 2591 4252 iyitur
2620 4199 2762 4238 habuit
2790 4205 2832 4238 ut
2863 4198 2919 4249 V)

1574 4252 1809 4294 Ardaburio
1831 4255 2053 4296 emendavit
2067 4255 2310 4296 Haloander
2376 4255 2452 4306 (10)
2477 4254 2522 4294 Β
2538 4256 2606 4305 40,
2625 4263 2645 4296 8
2714 4253 2782 4303 (11)
2805 4270 2861 4286 ==
2877 4255 2916 4306 2,

1577 4318 1611 4359 6,
1642 4319 1684 4349 4:
1717 4311 1835 4373 iunge
1865 4311 1905 4361 2,
1935 4319 1970 4374 ⁴,
2001 4319 2059 4353 38.
2092 4313 2131 4363 6,
2161 4319 2214 4361 31,
2246 4319 2265 4351 3
2381 4311 2454 4362 (12)
2485 4322 2514 4349 s.
2547 4322 2631 4349 vni
2660 4310 2811 4372 (nn-2,
2830 4318 2917 4372 6,4,

1574 4365 1642 4461 {C
1633 4365 1722 4460 1³¹}
1738 4365 2017 4464 11ὶδῖιαοέιιθᾱιιιθ
2034 4366 2116 4407 CC.
2148 4379 2274 4406 conss,
2307 4367 2409 4462 2‚24,
2440 4367 2571 4462 38.232,
2602 4374 2636 4417 6,
2667 4375 2818 4471 4512:
2848 4364 2916 4462 (dile

1576 4486 1608 4525 7,
1639 4450 1679 4518 1⁰9
1709 4434 1819 4530 ξεᾳῖ..
1850 4430 2132 4532 -ἶ-3ἑῗίῖ3ὒί9.
2156 4423 2231 4528 (ἐξ),
2260 4423 2311 4519 ἴ
2371 4452 2382 4472 ’
2412 4430 2493 4529 1335)
2523 4479 2582 4517 sic
2620 4422 2917 4529 V,(¹intestatu{

1580 4533 1651 4572 CR
1681 4547 1766 4573 cum
1797 4533 1842 4574 Β
1927 4534 2003 4586 (16)
2032 4536 2091 4575 sic
2121 4535 2192 4575 CR
2224 4548 2308 4573 cum
2334 4532 2391 4581 B,
2424 4531 2559 4572 dotale
2594 4533 2634 4572 V
2714 4534 2916 4586 (17)x1111

1574 4588 1854 4685 HglffmRV
1933 4591 2010 4643 (18)
2039 4591 2098 4631 sic
2123 4589 2239 4640 Hal„
2269 4601 2317 4628 vi
2345 4587 2401 4628 id.
2433 4589 2527 4628 mai.
2555 4588 2597 4628 P
2679 4590 2752 4640 (19)
2783 4591 2840 4629 sic
2872 4590 2915 4636 C,

1573 4656 1620 4685 ar
1648 4657 1662 4684 x
1705 4658 1746 4684 10

2529 4714 2580 4754 32
