3054 4796
150 206 242 256 Vll
285 207 363 254 72.
403 210 464 256 73

148 368 365 415 proponas
394 366 492 397 eum
522 356 675 395 contra
705 362 833 403 quem
862 351 1086 405 supplicas
1114 360 1166 389 ex
1189 343 1468 388 administra-

148 415 265 456 tione
305 410 386 453 tibi
427 407 699 462 negotiorum
744 405 1007 459 obligatum,
1060 404 1177 446 hunc
1230 398 1470 443 secundum

146 469 250 512 iuris
289 465 499 508 rationem
538 460 655 504 adito
695 464 865 502 rectore
902 458 1153 524 provinciae
1191 460 1317 509 potes
1362 466 1469 518 con-

147 524 303 567 venire.
362 532 463 562 nam
502 518 536 560 si
573 516 629 558 ad
659 515 1105 570 circumscriptionem
1136 510 1202 554 tui
1229 511 1337 574 iuris
1368 511 1469 552 lau-

145 583 235 622 tat¹
284 589 362 619 nec
402 572 663 616 defendatur
701 574 745 612 et
793 582 892 612 eum
930 575 1050 612 tuum
1092 579 1189 610 esse
1228 566 1471 612 deb1torem

145 636 334 684 constat,
373 630 428 673 ad
471 626 712 681 exemplum
750 624 882 667 edicti
916 625 1132 667 bonorum
1169 622 1262 666 eius
1291 634 1468 677 posses-

143 691 307 734 sionem
337 684 500 742 poteris
529 678 783 736 impetra're:
829 683 1027 734 tempore
1062 680 1212 721 autem
1241 683 1469 722 transacto

143 746 271 789 etiam
300 740 587 786 venditionem
617 749 766 779 eorum
794 748 822 778 a
853 734 1119 804 competenti
1140 734 1290 778 iudice
1313 738 1468 790 postu-

140 802 231 844 lare
255 812 342 842 non
358 794 616 852 prohiberis,
661 791 716 835 I).
731 802 859 835 1111]
879 789 922 833 lc.
941 791 1062 848 bept.
1089 789 1375 835 Diocletiano
1400 801 1473 833 VII

140 862 183 900 et
211 853 491 898 Maximiano
529 849 606 892 712
632 847 724 890 AA.
757 860 898 890 conss.
1281 850 1337 900 [a.
1370 848 1469 897 299]

198 910 259 956 10
301 908 412 965 Imp.
447 904 725 948 Iustinianus
753 905 804 946 A.
837 901 1034 946 Iohanni
1061 916 1146 959 pp.
1207 903 1316 947 Cum
1348 901 1470 957 apud

140 973 304 1009 veteres
342 961 642 1018 quaestionem
682 959 855 1002 ortam³
892 958 1137 1002 invenimus
1170 972 1305 1015 super
1332 971 1469 1014 pecu-

139 1023 221 1066 niis
258 1019 434 1070 debitis‚
472 1029 551 1071 pro
592 1015 752 1070 quibus
789 1014 1068 1071 hypothecae
1106 1027 1195 1059 non
1230 1019 1333 1059 sunt
1363 1027 1467 1058 con-

139 1078 336 1127 stitutae,
375 1075 558 1129 propter
589 1084 659 1114 res
690 1071 748 1114 ad
777 1069 1020 1114 debitorem
1049 1070 1335 1125 pertinentes,
1366 1070 1469 1113 dum

136 1135 175 1177 is
216 1131 449 1176 severiores
491 1127 731 1171 creditores
759 1125 1003 1170 formidans
1034 1138 1132 1170 sese
1162 1126 1383 1178 celaverit,
1427 1132 1470 1168 et

136 1189 200 1232 illi
237 1188 288 1230 de
327 1186 457 1229 rebus
499 1183 555 1226 ad
593 1195 693 1226 eum
710 1182 1049 1237 pertinentibus
1077 1182 1373 1237 competentia
1401 1181 1467 1224 in—

135 1244 388 1298 grediantur
414 1239 580 1282 iudicia
605 1238 920 1293 postulentque
955 1237 1004 1282 in
1039 1239 1369 1294 possessionem
1398 1250 1466 1281 re-

134 1313 230 1342 rum
261 1310 356 1341 sese
385 1294 638 1346 transmitti,
669 1294 708 1337 si
737 1295 870 1337 etiam
898 1293 975 1337 alii
1005 1293 1266 1347 creditores,
1307 1294 1468 1349 quibus

135 1355 350 1398 obnoxius
379 1364 476 1395 esse
501 1350 688 1402 videtur,
719 1349 894 1406 possint
918 1349 1138 1405 quandam
1162 1351 1325 1394 habere
1349 1363 1468 1394 com-

132 1410 380 1454 munionem
407 1408 454 1450 in
483 1419 631 1450 rerum
659 1406 959 1461 possessione:
1003 1406 1252 1449 huiusmodi
1292 1406 1467 1450 dubita-

131 1467 296 1510 tionem
333 1466 612 1519 amputantes
652 1474 882 1505 censemus
919 1474 1001 1518 per
1027 1467 1308 1518 praesentem
1336 1475 1467 1518 gene-

131 1523 266 1565 ralem
312 1519 501 1563 divinam
545 1518 924 1571 constitutionem,
968 1522 1041 1571 ut,
1094 1517 1134 1562 si
1184 1531 1275 1562 non
1317 1531 1468 1563 omnes

131 1575 383 1620 huiusmodi
411 1575 560 1619 debita
588 1573 941 1630 praetendentes,
981 1574 1059 1618 sed
1087 1587 1143 1618 ex
1170 1575 1240 1618 his
1270 1575 1382 1619 certi
1410 1575 1468 1619 ab

130 1632 326 1676 iudiciali
361 1630 581 1676 sententia
614 1630 662 1673 in
688 1630 1016 1686 possessionem
1044 1643 1192 1674 rerum
1220 1631 1467 1680 mittantur,

129 1702 219 1732 non
264 1688 406 1732 solum
449 1686 509 1740 hi,
554 1685 633 1730 sed
675 1686 809 1730 etiam
852 1686 930 1729 alii
972 1699 1124 1730 omnes
1165 1687 1276 1731 talia
1319 1687 1469 1731 debita

131 1744 471 1800 praetendentes
511 1742 664 1786 eadem
697 1742 1004 1786 commoditate
1031 1743 1263 1799 potiantur
1291 1749 1336 1787 et
1363 1756 1467 1799 pos-

132 1801 221 1845 sint
250 1813 350 1843 cum
378 1798 602 1855 prioribus
631 1811 778 1842 rerum
814 1797 1166 1843 detentatoribus
1198 1799 1469 1844 communio-

131 1870 232 1900 nem
260 1856 425 1899 habere
453 1854 499 1897 in
527 1854 676 1907 rebus,
707 1854 762 1897 de
789 1854 951 1908 quibus
991 1855 1125 1908 (sicut
1157 1856 1363 1910 superius
1393 1855 1467 1898 de-

134 1913 342 1964 claratur)
381 1910 554 1966 prolata
591 1909 678 1953 fuit
715 1910 947 1954 sententia.
1017 1910 1121 1966 quid
1157 1911 1273 1955 enim
1308 1911 1468 1955 iustius

133 1975 212 2022 est,
244 1980 375 2022 quam
404 1978 570 2018 omnes,
612 1967 686 2021 qui
717 1965 775 2009 ad
803 1979 874 2010 res
904 1966 1118 2011 debitoris
1147 1967 1264 2010 mitti
1293 1967 1467 2019 debent,

136 2029 155 2066 1
231 2035 327 2067 esse
378 2022 619 2078 participes
671 2022 921 2065 huiusmodi
975 2022 1330 2067 commoditatis?
1410 2023 1470 2067 Ut

132 2083 280 2124 autem
304 2091 392 2122 non
418 2079 462 2121 in
491 2081 751 2133 perpetuum
776 2078 963 2122 aliorum
986 2079 1262 2134 neglegentia
1284 2078 1363 2133 illi,
1395 2079 1469 2134 qui

130 2148 211 2191 pro
249 2135 341 2178 suis
379 2134 537 2177 debitis
578 2133 816 2178 alacriores
853 2134 1150 2178 creditoribus
1186 2136 1284 2179 aliis
1319 2138 1468 2179 osten-

132 2191 298 2236 duntur
334 2190 494 2244 fuisse,
538 2195 906 2244 praegraventur,
950 2191 1152 2234 rectum⁴
1195 2191 1326 2235 nobis
1371 2203 1469 2235 esse

130 2249 301 2292 videtur
339 2252 447 2290 tunc
486 2245 838 2291 communionem
874 2246 1039 2291 habere
1066 2246 1113 2289 in
1142 2246 1469 2301 possessionem

128 2317 275 2348 rerum
305 2303 415 2347 alios
447 2302 711 2354 creditores,
752 2302 827 2357 qui
865 2315 955 2346 non
994 2303 1081 2346 hoc
1109 2303 1335 2357 peregisse
1362 2315 1466 2347 nos-

129 2363 313 2412 cuntur,
359 2371 458 2401 cum
502 2363 758 2413 praesentes
804 2357 979 2412 quidem
1016 2358 1063 2400 in
1101 2370 1192 2401 una
1229 2357 1468 2413 eademque

129 2415 334 2470 degentes
377 2413 628 2468 provincia,
681 2413 727 2455 in
779 2425 867 2468 qua
909 2417 955 2457 et
992 2426 1274 2468 possessores
1316 2425 1467 2457 rerum

128 2475 466 2523 commorantur,
489 2469 606 2512 intra
630 2468 816 2511 duorum
831 2481 1050 2512 annorum
1074 2469 1233 2524 spatia,
1260 2469 1466 2512 absentes

128 2532 274 2571 autem
302 2526 418 2568 intra
444 2523 779 2580 quadriennium
814 2524 1107 2569 creditoribus
1140 2525 1467 2580 possessionem

128 2583 321 2626 antelato
365 2582 494 2625 modo
539 2580 835 2625 detinentibus
882 2594 1011 2624 suum
1052 2580 1250 2625 debitum
1295 2587 1466 2625 certum

128 2639 294 2682 faciant
323 2642 366 2681 et
393 2649 609 2692 expensas
634 2636 877 2680 secundum
902 2637 1195 2692 quantitatem
1217 2636 1465 2681 debitorum

129 2695 380 2752 persolvant
424 2693 507 2745 eis,
552 2693 626 2748 qui
667 2693 909 2736 sententias
951 2692 1179 2737 consecuti
1215 2696 1342 2747 sunt,
1386 2706 1466 2748 per

131 2754 456 2796 sacramentum
493 2748 843 2792 manifestandas
872 2761 1043 2802 eorum,
1087 2749 1164 2813 qui
1192 2761 1267 2793 eas
1298 2748 1464 2804 adipis-

132 2806 299 2851 cendae
326 2806 471 2860 gratia
499 2804 793 2860 possessionis
821 2817 968 2848 rerum
996 2808 1324 2858 sustinuerunt,
1362 2806 1466 2861 quia

132 2866 176 2906 et
206 2861 445 2907 secundum
475 2860 624 2905 debita
653 2860 759 2904 satis
790 2860 853 2904 eis
883 2860 980 2904 fieri
1004 2861 1223 2916 explorati
1245 2861 1355 2904 iuris
1382 2866 1462 2904 est.

135 2923 187 2962 la
243 2918 353 2961 Post
382 2916 646 2972 completum
675 2920 823 2960 autem
850 2919 1139 2961 memoratum
1163 2920 1337 2971 tempus
1366 2918 1464 2960 nul-

130 2975 216 3018 lam
258 2974 320 3018 eis
360 2985 457 3016 esse
493 2972 716 3016 licentiam
755 2985 829 3016 eos
861 2974 933 3028 qui
961 2973 1285 3028 possessionem
1315 2972 1466 3028 adepti

130 3035 235 3075 sunt
256 3030 490 3073 molestare
514 3029 584 3072 vel
608 3028 869 3084 quibusdam
893 3029 1063 3072 damnis
1088 3028 1299 3073 adficere:
1324 3029 1464 3073 actio-

130 3099 207 3129 nes
237 3091 404 3136 autem,
445 3097 555 3140 quas
597 3097 651 3128 ex
687 3084 856 3140 legibus
887 3085 972 3128 sibi
1002 3090 1252 3141 competere
1280 3091 1464 3141 putave-

131 3146 155 3184 2
213 3141 314 3194 rint,
346 3147 502 3184 contra
531 3154 635 3185 suos
666 3153 871 3184 exercere
902 3141 1140 3185 debitores.
1211 3141 1289 3185 Sin
1318 3146 1466 3185 autem

131 3197 176 3239 hi
208 3198 282 3252 qui
308 3197 505 3240 detinent
533 3196 836 3251 possessiones
866 3197 933 3241 vel
966 3210 1026 3240 ex
1059 3197 1278 3242 sententia
1306 3197 1465 3242 iudicis

132 3265 203 3295 res
245 3252 518 3296 vendiderint
559 3253 627 3296 vel
665 3252 751 3296 alio
792 3266 1066 3309 quocumque
1107 3253 1297 3308 legitimo
1335 3253 1464 3297 modo

135 3321 260 3351 omne
296 3308 389 3361 ius,
428 3308 545 3364 quod
582 3308 629 3351 in
666 3309 804 3352 isdem
842 3309 975 3353 rebus
1011 3309 1177 3353 habere
1205 3314 1464 3362 noscuntur,

134 3363 179 3406 in
223 3363 331 3406 alias
373 3376 583 3417 personas
621 3367 725 3419 post
762 3364 991 3408 definitum
1030 3378 1057 3409 a
1095 3365 1253 3409 nobis⁵
1290 3371 1465 3421 tempus

135 3418 438 3462 transtulerint
468 3422 511 3461 et
540 3425 683 3463 certas
711 3421 923 3475 pecunias
952 3421 1219 3476 acceperint,
1256 3421 1468 3478 quidquid

137 3473 406 3529 superfluum
448 3474 670 3518 inventum
709 3476 844 3519 fuerit
880 3477 948 3520 vel
992 3477 1182 3533 amplius
1225 3490 1358 3534 quam
1401 3477 1466 3521 eis

137 3530 334 3581 debetur,
373 3530 458 3572 hoc
496 3530 635 3573 mod1s
675 3532 877 3575 omnibus
916 3545 1097 3577 necesse
1136 3539 1204 3577 est
1233 3546 1309 3578 eos
1338 3546 1464 3589 prae-

137 3586 336 3629 sentibus
364 3585 597 3629 tabulariis
627 3586 798 3640 signare
827 3593 872 3630 et
894 3589 935 3631 in
960 3588 1254 3633 cimeliarchio
1284 3595 1466 3633 sanctae

137 3642 348 3684 ecclesiae
377 3641 494 3684 illius
525 3641 728 3694 civitatis,
758 3643 803 3685 in
828 3656 914 3698 qua
938 3644 1188 3689 huiusmodi
1211 3651 1465 3690 contractus

138 3697 397 3749 celebratur,
428 3696 667 3751 deponere:
697 3699 982 3742 attestatione
1005 3701 1208 3745 videlicet
1232 3702 1356 3757 prius
1387 3714 1466 3757 per

135 3758 398 3796 memoratos
427 3752 670 3796 tabularios
701 3755 1029 3810 conscribenda,
1070 3763 1304 3812 praesente
1333 3757 1465 3801 etiam

136 3821 187 3851 eo
218 3809 292 3863 qui
319 3820 391 3851 res
420 3807 664 3851 vendiderit
693 3808 760 3851 vel
796 3809 840 3851 in
881 3812 987 3854 alias
1022 3825 1238 3867 personas
1268 3816 1465 3857 transtu-

135 3864 255 3916 lerit,
295 3868 346 3907 ut
384 3875 463 3919 per
497 3876 595 3907 eam
622 3863 928 3908 manifestetur
955 3872 1045 3910 tam
1075 3869 1299 3922 quantitas
1329 3881 1464 3923 pecu-

137 3920 327 3971 niarum,
370 3931 482 3974 quae
518 3932 599 3973 pro
629 3919 877 3963 venditione
906 3935 1048 3966 rerum
1078 3924 1147 3968 vel
1174 3924 1465 3967 translatione

136 3975 374 4030 praestitae
412 3978 536 4025 sunt,
576 3987 707 4029 quam
736 3988 898 4028 earum,
939 3991 1048 4031 quae
1085 3980 1336 4035 superfluae
1366 3985 1468 4036 post

138 4030 397 4073 dissolutum
437 4030 633 4074 debitum
670 4030 968 4084 inveniantur,
1009 4043 1068 4088 ut,
1108 4037 1147 4079 si
1186 4035 1281 4090 quis
1311 4042 1467 4091 postea

138 4085 328 4129 creditor
366 4085 623 4140 apparuerit
659 4091 705 4130 et
743 4085 881 4130 debiti
923 4091 1166 4134 cautionem
1209 4091 1463 4145 ostenderit,

137 4141 277 4197 possit
306 4154 359 4184 ex
389 4141 457 4184 his
488 4140 596 4183 satis
626 4134 714 4185 sibi
739 4142 909 4193 facere,
945 4144 1067 4199 prius
1098 4146 1268 4190 scilicet
1297 4154 1466 4190 rectore

137 4196 388 4251 provinciae
426 4196 520 4238 sine
557 4196 705 4252 aliquo
746 4197 903 4241 damno
945 4212 1103 4244 causac
1142 4203 1333 4245 faciente
1361 4215 1465 4246 exa-

138 4251 418 4295 minationem
447 4255 493 4294 et
519 4264 609 4295 non
637 4253 905 4296 concedente
944 4267 1023 4298 nec
1052 4256 1168 4300 viros
1203 4258 1466 4302 reverentis-

140 4306 270 4350 simos
301 4319 561 4350 oeconomos
589 4308 656 4350 vel
688 4308 1008 4352 cimeliarcham
1036 4317 1215 4356 sanctae
1239 4314 1464 4367 ecclesiae,

141 4448 189 4496 (ι)
219 4449 276 4486 sic
306 4447 395 4495 PR,
426 4446 552 4488 lateat
588 4450 622 4490 0

141 4503 362 4541 iumendae

143 4519 257 4604 (ωλι),
286 4557 401 4595 nobis
440 4574 522 4597 cum
553 4562 744 4600 veteribus
774 4563 1008 4613 quibusdam
1042 4563 1151 4602 libris
1183 4567 1363 4605 omittunt
1391 4566 1463 4605 Al-

710 4451 763 4499 (2)
795 4449 1052 4490 Diocletiano
1074 4481 1092 4498 ¹.
1111 4482 1119 4490 .
1140 4484 1147 4492 .

1179 4466 1224 4492 νι
1255 4470 1326 4494 om.
1361 4454 1463 4507 leyes

144 4611 269 4650 cimus
286 4611 494 4662 Dispunct.
520 4616 605 4663 l,19
635 4625 669 4654 et
691 4617 878 4655 Cuiacz'us
906 4617 1172 4657 Recitationes
1199 4620 1255 4659 ad
1276 4620 1310 4658 h.
1337 4620 1385 4658 l..·
1414 4621 1463 4671 qs.
1540 4621 1720 4672 sortasse
1751 4620 1818 4670 (cf.
1856 4619 2049 4660 Graecum
2084 4613 2284 4667 Κόϊντος)

148 4670 270 4702 tamen
294 4666 720 4722 Bezfnaanr1-llollwe9
744 4672 1001 4723 Ciuilprocess
1029 4676 1051 4713 3
1075 4687 1117 4724 p.
1135 4681 1193 4714 321
1254 4675 1319 4726 ’(6)
1343 4676 1400 4714 sic
1423 4677 1463 4723 C,

1465 189 1571 246 330

447 4506 500 4553 (3)
530 4507 587 4545 sic
621 4505 708 4554 PR,
738 4508 887 4545 motam
925 4506 959 4546 C
1039 4509 1093 4556 (4)
1123 4510 1179 4547 sic
1211 4509 1263 4556 P,
1294 4513 1402 4548 recte
1436 4510 1471 4550 C
1548 4509 1670 4549 etiam
1701 4508 1817 4550 PCR

1953 211 2027 248 DE
2063 211 2229 250 BONIS
2264 207 2646 248 AUCTORITATE
2682 210 2888 249 IUDICIS

1553 342 1599 385 in
1639 355 1727 396 qua
1764 344 1980 398 pecuniae
2017 346 2318 402 deponuntur,
2362 344 2542 399 aliquod
2579 346 2888 393 detrimentum

1554 398 1621 441 vel
1652 397 1929 453 dispendium
1957 402 2187 454 sustinere,
2217 413 2298 456 per
2328 412 2452 443 suam
2481 405 2629 444 autem
2650 402 2889 449 interlocu-

1553 453 1718 497 tionem
1761 454 2023 500 creditorem
2068 457 2368 513 praecipiente
2420 456 2663 502 secundum
2713 460 2890 506 modum

1555 509 1692 553 debiti
1731 521 1786 552 ex
1821 509 2032 566 depositis
2062 513 2260 579 pecuniis
2290 525 2419 555 suum
2449 511 2652 567 accipere
2678 513 2889 560 debitum.

1555 569 1579 608 3
1637 564 1699 609 Ut
1735 570 1885 609 autem
1922 580 2012 612 non
2047 569 2181 612 hceat
2223 567 2432 612 creditori
2471 567 2518 610 in
2546 569 2796 615 venditione
2822 572 2891 616 vel

1554 620 1846 665 translatione
1871 634 2020 666 rerum
2043 623 2192 676 dolum
2217 624 2285 668 vel
2308 623 2501 677 aliquam
2522 624 2892 671 machinationem

1554 678 1621 722 vel
1662 676 2116 734 circumscriptionem
2154 680 2325 728 facere,
2366 679 2570 722 iubemus
2609 681 2893 726 attestatione

1554 746 1690 788 super
1731 732 1817 776 hoc
1861 734 2152 780 celebranda⁰
2206 735 2325 790 apud
2375 734 2650 778 defensorem
2693 735 2893 781 locorum

1552 790 1687 844 gestis
1716 789 2109 834 intervenientibus
2137 792 2367 841 insinuari,
2398 791 2489 834 sive
2513 795 2686 834 tantum
2710 804 2766 835 ex
2823 805 2893 835 re-

1553 846 1628 899 tio‚
1661 847 1874 901 quantum
1903 845 2105 900 debetur,
2146 848 2235 891 sive
2274 849 2373 902 plus
2414 846 2505 890 sive
2543 846 2688 892 minus
2726 860 2778 892 co
2815 848 2892 903 'gi-

1553 904 1649 953 tur,
1689 906 1735 945 et
1773 901 2086 956 praesentibus
2121 916 2211 947 non
2240 907 2424 950 tantum.
2465 902 2582 946 sicut
2613 902 2783 947 dictum
2811 907 2892 958 est,

1552 956 1800 1010 tabulariis,
1832 957 1911 1000 sed
1941 957 2072 1000 etiam
2096 959 2187 1003 viro
2215 958 2565 1003 reverentissimo
2596 958 2892 1013 cimeliarchii,

1552 1013 1673 1069 apud
1717 1025 1869 1069 quem,
1915 1012 1953 1057 si
1989 1013 2054 1057 ita
2093 1015 2345 1070 contigerit,
2391 1014 2644 1070 superfluae
2678 1015 2894 1070 pecuniae

1552 1069 1752 1124 signatae
1781 1068 2070 1124 deponendae
2099 1074 2224 1122 sunt,
2262 1070 2567 1114 iusiurandum
2596 1071 2894 1116 sacrosanctis

1552 1125 1785 1180 evangeliis
1814 1125 2058 1181 propositis
2085 1127 2357 1170 venditorem
2387 1127 2454 1170 vel
2481 1126 2795 1170 translatorem
2824 1139 2894 1171 re-

1552 1196 1649 1225 rum
1680 1185 1923 1238 praestare,
1954 1181 2074 1236 quod
2102 1194 2244 1237 neque
2271 1195 2350 1237 per
2373 1183 2563 1238 gratiam
2587 1183 2798 1238 emptoris
2825 1185 2895 1228 vel

1554 1238 1670 1290 eius,
1711 1238 1769 1281 ad
1809 1250 1939 1293 quem
1967 1250 2039 1281 res
2067 1237 2165 1281 iure
2196 1237 2407 1282 cessionis
2436 1238 2784 1290 transferuntur,
2814 1251 2895 1283 nec

1553 1294 1653 1338 dolo
1684 1293 1831 1349 aliquo
1860 1293 2181 1338 interveniente
2203 1293 2418 1337 minorem
2441 1294 2559 1338 iusto
2583 1307 2730 1338 rerum
2753 1295 2894 1351 pretio

1553 1350 1845 1406 quantitatem
1876 1349 2112 1405 acceperit,
2144 1349 2223 1393 sed
2251 1362 2348 1393 eam
2360 1350 2390 1404 ⁷,
2426 1363 2555 1405 quam
2584 1364 2633 1396 re
2662 1363 2768 1395 vera
2796 1364 2895 1394 cum

1553 1407 1671 1451 omni
1700 1406 1850 1451 studio
1879 1405 2104 1463 potuerit⁸
2131 1406 2339 1450 invenire.
2399 1405 2454 1450 D.
2479 1418 2553 1449 xv
2575 1405 2618 1450 lc.
2644 1406 2757 1451 Nov.
2781 1406 2895 1453 Con-

1551 1463 1851 1520 stantinopoli
1883 1467 1997 1521 post
2039 1461 2322 1506 consulatum
2362 1461 2603 1520 Lampadii
2640 1468 2686 1507 et
2727 1460 2896 1508 Orestis

1552 1533 1616 1564 vv.
1648 1532 1710 1562 ee.
1741 1532 1864 1562 anno
1893 1517 2102 1563 secundo.
2706 1522 2764 1572 [a.
2796 1521 2896 1572 532]

2108 1689 2351 1738 LXXIII.⁹

1903 1772 1981 1813 DE
2009 1771 2345 1814 PRIVILEGIO
2375 1770 2538 1814 FISOI.

1616 1851 1635 1898 l
1685 1851 1753 1895 Im
1790 1887 1798 1895 .
1840 1853 2098 1898 Antoninus
2139 1855 2191 1897 A.
2238 1852 2494 1911 Eutropiae
2578 1854 2707 1898 Bona
2749 1853 2895 1897 mariti

1552 1908 1621 1952 tui
1650 1909 1687 1952 si
1717 1866 1784 1953 og)
1802 1909 1972 1964 reliqua
2001 1909 2394 1953 administrationis
2423 1909 2631 1965 primipili
2648 1911 2683 1935 ¹⁰
2721 1922 2749 1953 a
2787 1909 2896 1955 fisco

1554 1970 1775 2021 occupata
1812 1971 1940 2018 sunt,
1986 1978 2081 2017 res,
2119 1978 2231 2021 quas
2269 1970 2371 2010 tuas
2410 1978 2508 2009 esse
2535 1965 2703 2020 liquido
2732 1966 2896 2021 proba-

1552 2021 1682 2075 veris,
1712 2022 1769 2065 ab
1799 2021 1896 2065 aliis
1926 2027 2160 2078 separatae
2186 2022 2269 2065 tibi
2297 2021 2607 2065 restituuntur.

1611 2074 1643 2122 2
1675 2076 1799 2120 Idem
1827 2079 1878 2120 A.
1923 2077 2205 2122 Valerianae.
2265 2076 2471 2132 Quamvis
2510 2090 2565 2121 ex
2604 2090 2740 2121 causa
2779 2077 2895 2122 dotis

1552 2133 1620 2177 vir
1659 2133 1879 2188 quondam
1917 2138 2022 2178 tuus
2059 2133 2142 2176 tibi
2179 2134 2240 2178 sit
2278 2133 2624 2187 condemnatus,
2669 2138 2818 2178 tamen
2857 2134 2895 2177 si

1551 2189 1699 2244 prius,
1745 2202 1876 2244 quam
1919 2202 1992 2234 res
2033 2189 2127 2233 eius
2163 2189 2246 2232 tibi
2282 2189 2603 2244 obligarentur,
2648 2202 2748 2234 cum
2785 2188 2896 2232 fisco

1553 2245 1796 2299 contraxit,
1835 2245 1906 2289 ius
1945 2245 2043 2289 fisci
2084 2257 2265 2289 causam
2304 2247 2429 2288 tuam
2468 2245 2711 2299 praevenit.
2779 2243 2895 2300 quod

1552 2301 1591 2345 si
1625 2305 1731 2356 post
1764 2301 1981 2344 bonorum
2020 2301 2113 2344 eius
2153 2300 2465 2354 obligationem
2501 2299 2752 2344 rationibus
2788 2301 2897 2344 meis

1553 2356 1701 2411 coepit
1744 2369 1841 2400 esse
1879 2356 2124 2413 obligatus,
2160 2356 2207 2399 in
2244 2356 2338 2400 eius
2378 2356 2496 2399 bona
2537 2362 2684 2400 cessat
2720 2356 2894 2412 privile·

1549 2413 1670 2466 gium
1698 2411 1810 2456 fisci.
1868 2411 1963 2456 ΡΡ.
1995 2423 2120 2456 ΧῙΙΙι
2157 2411 2200 2456 lc.
2233 2411 2346 2457 Nov.
2388 2412 2618 2456 Antonino
2648 2413 2701 2456 A.
2735 2423 2826 2456 1111
2853 2422 2896 2457 et

1551 2467 1750 2512 Balbino
1781 2481 1925 2513 conss.
2706 2473 2765 2522 [a.
2796 2471 2893 2520 213]

1608 2521 1638 2570 3
1670 2522 1797 2568 Idem
1824 2525 1877 2568 A.
1909 2523 2131 2569 Iulianae.
2193 2524 2261 2578 Si,
2300 2538 2399 2569 cum
2428 2525 2662 2580 pecuniam
2690 2537 2772 2582 pro
2801 2537 2895 2568 ma-

1549 2580 1637 2624 rito
1678 2580 1893 2635 solveres,
1932 2594 2078 2637 neque
2118 2581 2188 2625 ius
2223 2580 2320 2625 fisci
2349 2582 2395 2625 in
2424 2586 2470 2625 te
2498 2581 2730 2626 transferri
2757 2581 2894 2637 impe-

1548 2636 1678 2680 trasti
1721 2648 1864 2692 neque
1901 2637 2100 2692 pignoris
2140 2650 2279 2681 causa
2317 2637 2494 2682 domum
2532 2638 2599 2682 vel
2638 2636 2761 2682 aliud
2789 2636 2894 2694 quid

1550 2693 1607 2737 ab
1653 2705 1704 2736 eo
1749 2693 1987 2749 accepisti,
2042 2694 2179 2738 habes
2224 2694 2503 2749 personalem
2546 2694 2767 2738 actionem
2811 2706 2895 2737 nec

1549 2752 1678 2804 potes
1708 2748 1923 2803 praeferri
1950 2749 2049 2793 fisci
2076 2750 2339 2802 rationibus,
2378 2763 2406 2793 a
2434 2763 2522 2805 quo
2552 2749 2660 2794 dicis
2690 2750 2731 2794 ei
2759 2749 2892 2794 vecti·

1548 2805 1621 2860 gal
1664 2804 1809 2848 denuo
1851 2805 2048 2848 locatum
2092 2818 2213 2860 esse,
2259 2819 2359 2849 cum
2402 2819 2452 2850 eo
2499 2814 2631 2861 pacto
2675 2806 2893 2859 universa,

1550 2873 1665 2916 quae
1703 2860 1842 2905 habet
1882 2861 2092 2905 habuitve
2122 2874 2173 2904 eo
2215 2864 2438 2916 tempore,
2478 2875 2564 2916 quo
2604 2861 2661 2905 ad
2700 2861 2892 2906 conduc-

1549 2917 1714 2960 tionem
1743 2917 1946 2969 accessit‚
1977 2917 2023 2972 pi
2054 2918 2172 2961 noris
2201 2917 2298 2960 iure
2327 2917 2435 2960 fisco
2467 2923 2715 2960 teneantur.
2771 2917 2891 2960 salva

1548 2972 1682 3027 igitur
1710 2972 1998 3017 indemnitate
2023 2930 2123 3017 {sci
2151 2972 2395 3017 debitorem
2423 2978 2548 3017 tuum
2574 2986 2656 3029 pro
2685 2972 2891 3028 pecunia,

1551 3041 1680 3084 quam
1724 3041 1806 3083 pro
1852 3042 1904 3073 eo
1942 3028 2050 3074 fisco
2091 3029 2282 3083 solvisti,
2327 3042 2449 3073 more
2489 3029 2619 3073 solito
2659 3028 2892 3073 convenire

2012 3083 2106 3129 ΡΡ.
2139 3097 2208 3128 111
2240 3084 2284 3128 lc.
2317 3084 2416 3128 Ian.
2449 3086 2678 3130 Antonino
2718 3085 2770 3128 A.
2803 3095 2889 3128 ΙΙΙ]

1550 3147 1596 3185 et
1623 3140 1822 3185 Balbino
1853 3154 1997 3186 cons-9.
2703 3144 2760 3193 [a.
2793 3136 2888 3185 213]

1607 3195 1638 3243 4
1679 3195 1805 3241 Idem
1841 3199 1892 3241 A.
1933 3196 2163 3250 winton.
2233 3196 2281 3241 Si
2319 3196 2510 3250 debitor,
2551 3197 2678 3241 cuius
2707 3194 2891 3240 fundum

1549 3253 1688 3297 fuisse
1717 3257 1762 3296 et
1788 3252 1886 3308 ipse
1914 3253 2163 3308 confiteris,
2203 3254 2327 3308 prius
2357 3266 2456 3296 eum
2494 3253 2719 3306 distraxit,
2756 3263 2892 3308 quam

1550 3309 1657 3353 fisco
1689 3309 1856 3365 aliquid
1885 3309 2058 3362 debuit,
2098 3308 2434 3364 inquietandum
2468 3314 2514 3353 te
2542 3322 2633 3353 non
2661 3320 2759 3353 esse
2785 3320 2887 3364 pro-

1550 3367 1734 3409 curator
1771 3378 1895 3409 meus
1937 3369 2187 3420 cognoscet.
2256 3379 2359 3408 nam
2399 3365 2483 3410 etsi
2518 3370 2677 3420 postea
2720 3363 2892 3409 debitor

1551 3421 1707 3474 extitit,
1739 3434 1829 3465 non
1857 3421 1955 3465 ideo
1984 3425 2133 3465 tamen
2163 3433 2226 3474 ea,
2259 3433 2372 3477 quae
2396 3421 2450 3464 de
2474 3420 2665 3465 dominio
2689 3419 2784 3464 eius
2813 3431 2887 3463 ex-

1552 3483 1802 3531 cesserunt,
1843 3477 2039 3533 pignoris
2077 3477 2174 3522 iure
2211 3477 2320 3522 fisco
2362 3478 2654 3532 potuerunt²²
2690 3476 2891 3530 obligari.

1551 3532 1643 3577 ΡΡ.
1676 3545 1746 3577 111
1771 3533 1814 3576 lc.
1848 3533 1934 3576 Iul.
1966 3533 2108 3577 Laeto
2139 3544 2187 3576 Il
2213 3541 2257 3576 et
2288 3532 2467 3577 Cereale
2497 3546 2640 3575 conss.
2702 3536 2757 3584 [a.
2791 3530 2887 3586 215]

1606 3588 1636 3635 5
1670 3588 1784 3646 Imp.
1815 3588 2079 3633 Alexander
2107 3590 2158 3632 Α.
2190 3586 2400 3645 Maqnae.
2460 3588 2716 3642 Pecuniam,
2757 3600 2891 3643 quam

1551 3645 1743 3689 creditor
1771 3657 1799 3688 a
1828 3644 2026 3689 debitore
2060 3657 2140 3688 suo
2180 3645 2371 3699 recepit,
2411 3644 2449 3687 si
2486 3649 2644 3700 postea
2679 3656 2735 3687 ex
2771 3645 2889 3687 iusta

1551 3714 1690 3745 causa
1730 3699 1838 3744 fisco
1882 3699 2154 3744 restituenda
2195 3701 2302 3754 erit,
2357 3699 2452 3744 sine
2496 3699 2643 3744 usuris
2688 3699 2886 3752 debetur,

1551 3757 1655 3812 quia
1683 3770 1773 3800 non
1799 3756 1930 3800 fenus
1962 3758 2262 3809 contractum,
2302 3755 2380 3799 sed
2419 3768 2549 3799 suum
2578 3760 2886 3811 recuperatum

1549 3812 1898 3858 extraordinario
1929 3813 2025 3855 iure
2053 3811 2266 3855 aufertur.
2326 3810 2418 3868 ΡΡ.
2451 3823 2524 3855 xv
2546 3810 2588 3855 lc.
2608 3810 2712 3855 Iun.
2738 3810 2886 3855 Fusco

1550 3876 1593 3914 et
1621 3868 1801 3913 Dextro
1830 3881 1974 3911 conss.
2698 3870 2754 3920 [a.
2788 3869 2884 3916 225]

1607 3922 1639 3971 6
1669 3922 1782 3981 Imp.
1826 3921 2086 3967 Gordianus
2122 3924 2174 3966 A.
2214 3922 2496 3967 Seuerianae.
2566 3922 2676 3966 Cum
2713 3925 2883 3977 patrem

1549 3985 1675 4024 tuum
1711 3979 1810 4022 fisci
1843 3978 2085 4022 debitorem
2119 3978 2258 4022 fuisse
2287 3978 2557 4022 demonstres
2587 3989 2774 4033 eumque
2801 3989 2882 4019 nu-

1550 4036 1672 4080 benti
1695 4035 1777 4078 tibi
1799 4035 2122 4090 possessionem
2147 4034 2319 4079 dedisse
2337 4034 2525 4089 adleges,
2549 4037 2881 4089 procuratorem

1548 4092 1618 4135 ius
1661 4091 1761 4134 fisci
1804 4093 2112 4145 exsequentem
2155 4102 2252 4134 eam
2295 4090 2390 4133 iure
2438 4088 2633 4144 pignoris
2674 4098 2882 4132 revocare

1549 4147 1749 4202 potuisse
1777 4146 2007 4202 intellegis.
2067 4145 2159 4189 ΡΡ.
2186 4159 2290 4190 non.
2311 4144 2396 4188 Iul.
2421 4145 2588 4188 Sabino
2617 4148 2663 4187 et
2686 4141 2880 4249 {senat-{g}

1550 4216 1693 4248 conss.
2712 4211 2751 4240 a.

1608 4257 1634 4304 7
1670 4257 1737 4301 Im
1808 4291 1815 4299 .
1855 4256 2122 4301 Valerianus
2151 4265 2193 4301 et
2225 4255 2454 4300 Gallienus
2480 4255 2573 4298 AA.
2604 4261 2647 4297 et
2681 4252 2878 4296 Valeria-

1550 4329 1635 4358 nus
1666 4313 1707 4357 0.
1740 4270 1957 4356 Dliodoro.
2017 4313 2064 4356 Si
2091 4312 2138 4355 in
2165 4315 2211 4356 te
2239 4313 2309 4355 ius
2337 4311 2446 4365 fisci,
2481 4323 2580 4353 cum
2608 4308 2775 4364 reliqua
2804 4308 2878 4354 de·

1550 3098 1641 3128 non
1679 3083 1942 3141 prohiberis.

1548 4454 1850 4492 attestationem
1888 4465 1918 4492 s.
1951 4451 1989 4492 h.
2020 4451 2301 4492 celebrandam
2341 4450 2419 4491 PR
2560 4452 2613 4501 (ἵ)
2643 4462 2731 4489 eam
2768 4451 2879 4501 dett„

1900 4508 1956 4559 (8)
1986 4508 2140 4560 poterit
2171 4509 2266 4548 libri
2348 4508 2403 4555 (9)
2438 4505 2473 4544 Β
2499 4508 2538 4553 9,
2565 4515 2584 4546 9
2671 4506 2746 4556 (ιο)
2768 4507 2827 4547 εἰσ
2849 4507 2878 4547 C

1551 4579 1632 4603 cum
1659 4563 1717 4610 B,
1747 4563 2044 4615 primipilarius
2072 4564 2124 4602 M
2213 4564 2282 4612 (ιι)
2305 4562 2363 4601 sic
2388 4559 2441 4610 R,
2468 4560 2636 4601 oohinto
2664 4561 2744 4609 SC,
2776 4570 2878 4602 recte

2379 4616 2453 4666 (12)
2485 4618 2541 4657 sic
2574 4616 2650 4666 31⁰,
2681 4622 2877 4671 poterunt

1555 4675 1658 4715 CM⁰
1771 4675 1843 4725 (13)
1873 4672 2044 4725 siem,
2073 4674 2289 4724 pecuniam
2324 4671 2427 4713 CMa
