3138 4776
212 201 236 252 Ι
278 203 334 250 17
1549 185 1617 241 70

211 351 327 391 hunc
358 346 553 391 codicem
581 340 905 400 prudentissimi
920 341 1002 384 viri
1018 341 1214 386 habeant
1238 338 1544 384 auctoritatem

210 410 323 455 tam,
364 403 490 457 quasi
529 403 598 444 et¹
635 410 782 442 eorum
822 395 970 438 studia
1009 410 1063 440 ex
1093 395 1409 452 principalibus
1439 406 1543 438 con-

210 458 508 502 stitutionibus
539 454 738 511 profecta
774 454 815 493 et
854 464 880 493 a
919 455 1070 496 nostro
1102 453 1246 496 divino
1278 450 1441 492 fuerint
1469 462 1546 493 ore

209 514 403 570 profusa.
473 511 615 556 omnia
654 508 766 550 enim
804 507 957 550 merito
998 515 1152 551 nostra
1198 507 1405 558 facimus,
1447 505 1546 559 quia

210 584 263 612 ex
291 570 419 613 nobis
450 565 588 610 omnis
618 563 680 606 eis
710 562 987 617 impertietur
1015 563 1273 606 auctoritas.
1341 574 1443 603 nam
1471 561 1547 617 qui

208 639 297 669 non
339 623 557 667 subtiliter
598 618 766 661 factum
809 617 1032 671 emendat,
1077 617 1341 661 laudabilior
1384 621 1452 661 est
1496 630 1545 660 eo

209 686 231 723 7
292 681 365 735 qui
392 678 558 733 primus
586 673 764 716 invenit.
835 672 921 715 Sed
959 678 1004 716 et
1032 674 1118 717 hoc
1149 673 1393 716 studiosum
1422 673 1547 717 vobis

209 748 305 779 esse
334 735 545 783 volumus,
577 734 637 781 ut,
678 729 715 770 si
745 727 850 783 quid
877 728 924 770 in
953 730 1174 772 veteribus
1205 742 1295 771 non
1323 729 1436 772 bene
1466 743 1546 785 po-

207 792 338 834 situm
385 787 507 831 libris
556 784 787 826 inveniatis
830 784 897 826 vel
945 783 1125 838 aliquod
1169 783 1440 849 superfluum
1481 786 1547 828 vel

206 847 347 889 minus
390 842 646 899 perfectum,
693 851 969 893 supervacua
1012 840 1326 884 similitudine²
1379 847 1548 885 semota

206 906 249 944 et
266 899 382 955 quod
410 895 714 951 imperfectum
744 900 812 938 est
841 895 1049 951 repleatis
1080 901 1124 939 et
1154 909 1281 940 omne
1311 910 1423 952 opus
1453 911 1546 940 mo-

205 957 399 998 deratum
456 956 500 995 et
550 963 682 1006 quam
735 952 1078 1006 pulcherrimum
1133 953 1389 996 ostendatis.
1463 953 1548 995 hoc

204 1012 333 1054 etiam
371 1008 506 1051 nihilo
547 1007 690 1050 minus
722 1007 1009 1060 observando,
1046 1013 1109 1062 ut,
1141 1009 1178 1052 si
1206 1009 1371 1065 aliquid
1400 1010 1446 1052 in
1474 1022 1546 1052 ve·

202 1066 370 1110 teribus
410 1063 579 1118 legibus
616 1063 683 1106 vel
722 1063 1123 1118 constitutionibus,
1164 1078 1273 1120 quas
1304 1065 1474 1120 antiqui
1502 1064 1548 1108 in

203 1122 292 1166 suis
321 1120 444 1164 libris
473 1122 733 1174 posuerunt,
776 1132 865 1163 non
903 1125 1025 1164 recte
1055 1122 1270 1176 scriptum
1298 1121 1547 1171 inveniatis,

204 1184 246 1222 et
280 1177 364 1220 hoc
403 1175 651 1219 reformetis
698 1182 742 1219 et
786 1176 930 1220 ordini
971 1177 1200 1220 moderato
1243 1177 1453 1221 tradatis:
1500 1182 1550 1219 ut

200 1236 284 1277 hoc
326 1232 527 1276 videatur
570 1244 667 1275 esse
710 1245 862 1275 verum
905 1237 950 1276 et
989 1232 1205 1289 optimum
1243 1239 1289 1276 et
1327 1233 1453 1288 quasi
1490 1233 1546 1275 ab

199 1289 321 1332 initio
362 1289 599 1343 scriptum,
641 1288 760 1343 quod
798 1301 826 1331 a
865 1289 989 1332 vobis
1029 1289 1218 1332 electum
1255 1293 1302 1333 et
1336 1289 1399 1332 ibi
1428 1289 1546 1344 posi-

200 1350 293 1388 tum
330 1344 486 1395 fuerit,
529 1350 572 1387 et
610 1357 736 1388 nemo
774 1357 829 1387 ex
870 1345 1199 1400 comparatione
1226 1345 1384 1388 veteris
1424 1345 1547 1388 volu-

200 1401 326 1445 minis
378 1400 504 1456 quasi
554 1400 759 1444 vitiosam
813 1402 1080 1456 scripturam
1133 1413 1320 1455 arguere
1369 1400 1544 1444 audeat.

202 1471 299 1500 cum
336 1459 452 1500 enim
488 1457 583 1511 lege
624 1457 826 1512 antiqua,
874 1469 988 1512 quae
1033 1457 1154 1510 regia
1189 1458 1546 1513 nuncupabatur,

200 1526 325 1556 omne
364 1514 433 1556 ius
471 1512 700 1567 omnisque
738 1518 935 1568 potestas
974 1513 1128 1569 populi
1157 1513 1349 1557 Romani
1390 1513 1437 1556 in
1466 1513 1547 1556 im-

198 1569 465 1624 peratoriam
523 1569 743 1612 translata
800 1574 906 1613 sunt
962 1573 1248 1624 potestatem,
1309 1583 1391 1614 nos
1443 1582 1546 1613 vero

200 1625 471 1669 sanctionem
511 1638 683 1668 omnem
719 1639 810 1669 non
849 1625 1111 1669 dividimus³
1148 1627 1195 1669 in
1225 1626 1334 1669 alias
1365 1631 1410 1669 et
1438 1625 1547 1669 alias

202 1682 476 1725 conditorum
506 1684 670 1737 partes,
702 1681 780 1725 sed
809 1685 948 1725 totam
978 1686 1177 1726 nostram
1206 1695 1303 1726 esse
1331 1682 1548 1732 volumus,

201 1738 304 1793 quid
343 1738 485 1793 possit
525 1737 768 1792 antiquitas
809 1737 973 1781 nostris
1010 1738 1182 1794 legibus
1219 1739 1465 1794 abrogare?
1505 1742 1549 1781 et

197 1795 243 1837 in
271 1798 447 1837 tantum
471 1794 671 1838 volumus
702 1793 855 1837 eadem
885 1795 1044 1847 omnia,
1078 1808 1177 1838 cum
1206 1795 1401 1850 reposita
1431 1800 1547 1846 sunt,

198 1851 408 1904 obtinere,
440 1856 490 1894 ut
520 1850 558 1894 si
587 1850 717 1893 aliter
737 1850 918 1893 fuerant
942 1850 1062 1906 apud
1084 1856 1254 1895 veteres
1280 1851 1547 1906 conscripta,

197 1907 242 1949 in
299 1907 570 1950 contrarium
623 1912 772 1950 autem
807 1906 854 1949 in
895 1907 1212 1962 compositione
1254 1907 1548 1958 inveniantur,

196 1963 366 2006 nullum
419 1963 584 2007 crimen
627 1963 876 2018 scripturae
919 1963 1181 2018 imputetur,
1244 1964 1321 2007 sed
1370 1967 1550 2006 nostrae

198 2023 222 2063 8
282 2019 485 2063 electioni
523 2020 610 2063 hoc
650 2018 946 2062 adscribatur.
1015 2019 1151 2062 Nulla
1188 2020 1338 2074 itaque
1374 2020 1420 2062 in
1458 2033 1548 2063 om-

198 2076 329 2120 nibus
360 2075 580 2130 praedicti
610 2074 775 2119 codicis
805 2075 1012 2118 membris
1042 2076 1284 2119 antinomia
1324 2076 1406 2129 (sic
1436 2076 1549 2119 enim

197 2146 224 2175 a
266 2134 487 2176 vetustate
533 2131 705 2175 Graeco
749 2131 970 2175 vocabulo
1015 2135 1317 2188 nuncupatur)
1361 2132 1550 2187 aliquem

200 2188 285 2232 sibi
313 2188 503 2232 vindicet
532 2182 694 2239 locuni,
725 2187 804 2231 sed
834 2187 892 2231 sit
921 2200 1012 2231 una
1042 2188 1295 2240 concordia,
1327 2201 1417 2231 una
1448 2201 1550 2231 con-

198 2249 222 2289 9
282 2244 531 2299 sequentia,
571 2244 824 2288 adversario
862 2244 1036 2288 nemine
1075 2245 1329 2288 constituto.
1391 2244 1479 2287 Sed
1508 2250 1553 2287 et

198 2300 528 2345 similitudinem
560 2299 818 2348 (secundum
848 2299 967 2355 quod
996 2300 1164 2344 dictum
1194 2303 1278 2352 est)
1310 2301 1368 2344 ab
1396 2300 1549 2344 huius-

197 2357 316 2401 modi
357 2357 736 2400 consummatione
764 2357 965 2400 volumus
1004 2357 1208 2400 exulare:
1253 2361 1298 2400 et
1330 2369 1397 2408 ea,
1438 2368 1551 2412 quae

197 2413 508 2457 sacratissimis
526 2412 915 2456 constitutionibus
942 2425 1052 2468 quas
1073 2413 1121 2456 in
1139 2413 1334 2456 codicem
1350 2416 1551 2456 nostrum

197 2469 445 2524 redegimus
492 2475 625 2512 cauta
668 2473 786 2520 sunt,
828 2468 989 2512 iterum
1032 2469 1140 2524 poni
1183 2481 1238 2512 ex
1277 2468 1416 2512 veteri
1453 2469 1551 2511 iure

198 2539 287 2570 non
313 2525 608 2578 concedimus,
640 2538 741 2568 cum
764 2524 971 2567 divalium
993 2525 1356 2568 constitutionum
1378 2524 1549 2568 sanctio

199 2581 368 2634 sufficit
397 2581 455 2625 ad
484 2594 635 2625 eorum
664 2580 994 2625 auctoritatem:
1025 2581 1109 2624 nisi
1138 2582 1253 2624 forte
1280 2582 1347 2625 vel
1369 2586 1550 2636 propter

199 2638 458 2682 divisionem
486 2638 555 2681 vel
584 2644 766 2692 propter
810 2637 1098 2692 repletionem
1127 2638 1195 2681 vel
1235 2644 1419 2693 propter
1456 2637 1549 2692 ple-

199 2695 367 2738 niorem
395 2694 643 2748 indaginem
673 2694 758 2737 hoc
790 2694 1042 2748 contigerit:
1085 2699 1129 2737 et
1156 2694 1243 2737 hoc
1271 2699 1419 2737 tamen
1449 2705 1549 2748 per-

200 2763 326 2803 raro,
369 2762 426 2792 ne
468 2763 523 2792 ex
554 2749 885 2792 continuatione
915 2749 1169 2793 huiusmodi
1198 2751 1350 2805 lapsus
1382 2750 1552 2793 oriatur

208 2811 254 2847 10
314 2805 482 2860 aliquid
522 2805 567 2847 in
597 2805 676 2848 tali
704 2812 833 2859 prato
866 2805 1105 2860 spinosum.
1179 2805 1267 2849 Sed
1296 2811 1340 2848 et
1370 2806 1408 2849 si
1439 2818 1551 2860 quae

201 2862 318 2915 leges
356 2861 403 2902 in
440 2860 661 2903 veteribus
701 2860 824 2903 libris
864 2860 1036 2915 positae
1065 2862 1152 2904 iam
1181 2862 1256 2903 in⁴
1297 2861 1550 2905 desuetudi-

202 2929 302 2960 nem
332 2916 548 2969 abierunt,
580 2916 700 2958 nullo
731 2915 860 2959 modo
891 2917 1014 2959 vobis
1049 2917 1224 2960 easdem
1253 2930 1420 2972 ponere
1450 2930 1549 2972 per-

202 2971 427 3024 mittimus,
466 2985 566 3014 cum
602 2972 713 3014 haec
752 2972 1057 3015 tantummodo
1098 2972 1297 3016 obtinere
1336 2974 1550 3025 volumus,

205 3040 317 3084 quae
355 3028 428 3070 vel
463 3027 726 3072 iudiciorum
764 3027 1148 3083 frequentissimus
1195 3028 1304 3073 ordo
1354 3029 1552 3073 exercuit

203 3085 270 3127 vel
307 3084 439 3139 longa
478 3084 752 3128 consuetudo
789 3083 936 3127 huius·
961 3084 1103 3128 almae
1135 3085 1258 3129 urbis
1291 3086 1549 3141 comproba-

204 3141 276 3193 vit,
316 3139 560 3184 secundum
591 3139 724 3183 Salvii
751 3139 911 3182 Iuliani
951 3141 1216 3195 scripturam
1227 3143 1256 3193 ⁵,
1297 3154 1410 3196 quae
1438 3141 1550 3184 indi-

205 3201 277 3239 cat
321 3196 482 3240 debere
526 3208 676 3240 omnes
722 3195 920 3239 civitates
975 3196 1337 3241 consuetudinem
1382 3198 1551 3241 Romae

204 3253 329 3308 sequi
341 3254 372 3304 ⁶,
413 3265 526 3307 quae
567 3265 620 3295 ca
653 3256 703 3294 ut
740 3255 809 3295 est
848 3251 967 3295 orbis
1006 3258 1240 3306 terrarum,
1283 3267 1371 3297 non
1410 3253 1551 3310 ipsam

203 3309 313 3352 alias
344 3309 553 3352 civitates.
656 3320 799 3352 omam
827 3313 973 3351 autem
994 3309 1335 3364 intellegendum
1366 3316 1434 3354 est
1463 3323 1551 3354 non

205 3366 346 3409 solum
375 3368 579 3418 veterem,
611 3364 688 3408 sed
718 3364 849 3407 etiam
879 3365 1042 3419 regiam
1070 3371 1281 3418 nostram,
1324 3379 1436 3421 quae
1467 3366 1549 3410 deo

204 3421 396 3477 propitio
470 3434 569 3463 cum
640 3420 894 3464 melioribus
962 3421 1137 3464 condita
1207 3429 1273 3466 est
1339 3423 1548 3478 auguriis.

213 3482 254 3519 11
324 3476 518 3532 Ideoque
555 3476 756 3520 iubemus
797 3476 970 3519 duobus
1009 3477 1104 3521 istis
1147 3479 1373 3523 codicibus
1404 3479 1550 3522 omnia

205 3533 455 3587 gubernari,
487 3546 573 3575 uno
607 3532 982 3584 constitutionum,
1023 3534 1160 3577 altero
1190 3535 1298 3579 iuris
1329 3535 1550 3579 enucleati

207 3593 251 3632 et
284 3590 330 3631 in
368 3588 517 3631 futuro
550 3588 701 3631 codice
731 3588 1072 3642 componendi⁷x
1113 3591 1180 3633 vel
1218 3591 1255 3634 si
1295 3592 1400 3646 quid
1429 3592 1549 3636 aliud

207 3658 233 3687 a
261 3645 388 3688 nobis
425 3645 558 3688 fuerit
586 3645 911 3700 promulgatum
948 3645 1271 3689 institutionum
1301 3648 1440 3691 vicem
1470 3648 1548 3692 ob-

206 3702 364 3752 tinens,
395 3706 444 3743 ut
473 3701 595 3743 rudis
626 3701 796 3743 animus
827 3700 1013 3744 studiosi
1039 3702 1310 3756 simplicibus
1327 3705 1549 3748 enutritus

207 3756 379 3800 facilius
423 3757 482 3799 ad
524 3756 693 3800 altioris
736 3756 999 3811 prudentiae
1042 3757 1266 3813 redigatur
1305 3760 1547 3804 scientiam.

211 3816 259 3855 12
317 3812 526 3856 Nostram
555 3815 703 3855 autem
734 3813 1167 3865 consummationem,
1213 3829 1326 3871 quae
1369 3829 1396 3859 a
1424 3816 1548 3860 vobis

207 3869 288 3913 deo
327 3869 548 3912 adnuente
588 3874 877 3923 componetur
890 3869 920 3920 ⁸,
962 3867 1228 3923 digestorum
1258 3873 1324 3915 vel
1353 3872 1547 3929 pandec-

206 3933 350 3969 tarum
390 3938 549 3968 nomen
587 3925 752 3968 habere
790 3924 1033 3977 sancimus,
1083 3926 1214 3970 nullis
1252 3929 1360 3972 iuris
1394 3929 1548 3985 peritis

206 3982 252 4023 in
288 3987 511 4037 posterum
550 3980 814 4024 audentibus
855 3982 1192 4026 commentarios
1232 3985 1296 4027 illi
1325 3985 1549 4040 adplicare

207 4042 252 4080 et
289 4037 555 4080 verbositate
595 4049 676 4080 sua
715 4049 852 4092 supra
890 4035 998 4079 dicti
1035 4037 1198 4081 codicis
1242 4041 1549 4096 compendium

210 4093 497 4136 confundere:
537 4092 903 4148 quemadmodum
941 4098 984 4136 et
1013 4093 1058 4136 in
1088 4094 1408 4150 antiquioribus
1438 4103 1547 4141 tem-

208 4292 257 4342 (1)
287 4292 346 4331 sic
375 4291 422 4339 F,
452 4292 660 4340 tamquam
690 4293 730 4330 et
759 4292 792 4330 si
825 4291 922 4332 libri

212 4350 261 4397 (3)
292 4348 350 4386 sic
380 4347 427 4397 F,
458 4345 671 4385 divisimus
701 4347 795 4387 libri
949 4347 1004 4398 (4)
1034 4347 1079 4386 in
1110 4347 1176 4399 F-'‚
1207 4349 1222 4388 i
1253 4351 1321 4401 F¹,
1350 4363 1423 4403 per
1455 4351 1550 4392 libri

214 4406 264 4447 (5)
295 4402 393 4453 Diq.
430 4405 465 4451 1,
490 4411 523 4452 3,
551 4409 594 4442 32
621 4417 685 4454 pr.
820 4403 873 4451 (6)
906 4402 1022 4453 sequi
1054 4403 1171 4453 FM⁰‚
1203 4406 1317 4455 sequi
1348 4410 1388 4446 et
1416 4406 1546 4458 legem

220 4455 358 4496 CRMv
430 4460 481 4507 (ἵ)
499 4457 543 4496 in
560 4457 746 4497 futurum
764 4458 942 4498 codicem
959 4459 1171 4511 compositi
1188 4461 1287 4513 Diy,
1355 4464 1411 4514 (S)
1427 4465 1485 4503 sic
1503 4463 1547 4511 F,

214 4513 468 4562 componitur
500 4515 594 4554 libri
760 4515 815 4563 (9)
845 4513 1074 4565 sinplorum
1095 4515 1158 4564 P,
1189 4515 1445 4567 singulorum
1478 4519 1547 4568 ΡΖ,

214 4566 420 4615 signorum
452 4569 546 4609 libri
684 4573 757 4618 (10)
787 4572 844 4609 sic
874 4570 918 4618 F,
953 4570 1072 4621 signa
1101 4572 1197 4612 libri
1316 4575 1384 4626 (11)
1414 4577 1472 4615 sic
1503 4576 1547 4626 1⁴]

214 4621 509 4672 providentiam
539 4626 634 4665 libri
768 4627 841 4675 (12)
872 4646 926 4659 =
955 4626 1054 4679 Diy.
1080 4628 1286 4679 praefatio
1319 4639 1396 4682 ΙΙΙ,
1426 4632 1479 4683 cf.
1513 4646 1544 4671 c.

218 4671 418 4717 Δέδωκεν
436 4683 577 4731 (praes.
596 4682 680 4731 ιω)
766 4683 838 4731 (13)
866 4682 916 4720 In
942 4682 1107 4723 nomine
1135 4683 1290 4723 domini
1320 4684 1384 4725 dei
1415 4686 1545 4725 nostri

1070 4294 1123 4341 (2)
1155 4292 1417 4345 longitudine
1446 4294 1546 4348 Diy.

2656 203 2731 241 DE
2768 203 2966 240 VETERI

1630 337 1814 393 poribus
1843 336 2010 382 factum
2037 343 2118 391 est,
2151 342 2260 383 ‘cum
2290 351 2370 394 per
2401 338 2645 382 contrarias
2674 338 2969 395 interpretan-

1630 395 1739 436 tium
1779 393 2020 438 sententias
2058 401 2200 439 totum
2239 396 2307 438 ius
2346 406 2487 450 paene
2526 395 2838 438 conturbatum
2880 401 2968 439 est:

1631 449 1707 492 sed
1750 448 1947 492 sufficiat
1986 462 2067 505 per
2107 451 2274 494 indices
2318 449 2622 494 tantummodo
2659 454 2705 494 et
2740 451 2971 495 titulorum

1631 504 1920 548 subtilitatem
1972 518 2085 570 quae
2136 507 2347 563 paratitla
2399 510 2714 560 nuncupantur
2755 505 2972 560 quaedam

1630 560 1924 604 admonitoria
1953 574 2045 605 eius
2073 562 2232 616 facere,
2269 562 2389 606 nullo
2422 574 2476 604 ex
2505 561 2868 616 interpretatione
2897 573 2971 605 eo-

1635 622 1683 661 13
1755 629 1853 659 rum
1895 617 2000 660 vitio
2045 618 2244 662 oriundo.
2317 618 2385 662 Ne
2424 621 2570 661 autem
2599 629 2680 671 per
2709 617 2972 672 scripturam

1632 673 1780 728 aliqua
1818 671 1898 715 fiat
1935 673 1981 715 in
2017 679 2242 728 posterum
2272 674 2502 726 dubitatio,
2540 672 2743 716 iubemus
2777 685 2866 716 non
2894 685 2970 728 per

1632 729 1871 783 siglorum⁹
1901 728 2128 784 captiones
2157 737 2202 774 et
2231 729 2542 785 compendiosa
2570 728 2830 783 aenigmata,
2861 740 2976 784 quae

1638 787 1799 827 multas
1824 797 1905 839 per
1932 797 1979 828 se
2005 789 2050 828 et
2074 799 2153 840 per
2179 800 2307 830 suum
2328 787 2479 829 vitium
2506 785 2768 829 antinomias
2790 785 2972 828 induxe-

1637 845 1753 893 runt,
1772 839 1962 883 eiusdem
1979 840 2144 884 codicis
2159 847 2326 886 textum
2344 842 2587 886 conscribi:
2616 841 2746 884 etiam
2765 841 2802 884 si
2820 852 2972 883 nume-

1637 909 1711 938 rus
1734 896 1944 939 librorum
1966 897 2237 949 significatur
2252 903 2331 939 aut
2346 898 2464 940 aliud
2482 898 2738 953 quicquam:
2766 909 2848 940 nec
2863 896 2975 941 haec

1633 952 1791 995 etenim
1821 965 1901 1007 per
1931 952 2144 1007 specialia
2173 954 2284 1008 sigla
2299 957 2333 982 ¹⁰
2371 967 2652 998 numerorum
2687 953 2976 1007 manifestari,

1633 1009 1710 1052 sed
1739 1021 1820 1063 per
1847 1009 2095 1052 litterarum
2126 1010 2484 1065 consequentiam
2515 1009 2744 1066 explanari
2773 1009 2976 1054 concedi·

1636 1067 1694 1107 14·
1745 1077 1855 1108 mus.
1916 1064 2039 1107 Haec
2069 1066 2215 1108 omnia
2244 1066 2376 1120 igitur
2408 1066 2488 1109 deo
2518 1066 2692 1122 placido
2721 1065 2871 1110 facere
2900 1069 2978 1109 tua

1633 1120 1866 1175 prudentia
1904 1133 1995 1163 una
2034 1133 2134 1163 cum
2173 1121 2270 1165 aliis
2311 1121 2638 1166 facundissimis
2668 1121 2770 1165 viris
2800 1121 2979 1166 studeat

1633 1180 1676 1220 et
1705 1182 1795 1219 tam
1826 1176 1978 1220 subtili
2007 1189 2139 1232 quam
2168 1177 2394 1222 celerrimo
2424 1178 2504 1221 fini
2533 1177 2720 1225 tradere.
2759 1183 2810 1222 ut
2839 1176 2978 1222 codex

1634 1238 1962 1276 consummatus
2002 1239 2046 1275 et
2083 1233 2129 1275 in
2159 1233 2476 1288 quinquaginta
2509 1233 2646 1278 libros
2677 1233 2869 1289 digestus
2898 1246 2978 1278 no-

1634 1290 1699 1332 bis
1732 1289 1944 1332 offeratur
1970 1287 2018 1331 in
2047 1289 2279 1331 maximam
2316 1295 2361 1332 et
2392 1294 2616 1333 aeternam
2636 1291 2702 1334 rei
2725 1290 2980 1334 memoriam

1634 1345 1791 1399 deique
1808 1345 2118 1400 omnipotentis
2134 1344 2434 1399 providentiae
2448 1347 2479 1372 ¹¹
2498 1351 2802 1401 argumentum
2816 1345 2979 1390 nostri-

1633 1415 1717 1456 que
1756 1401 1929 1456 imperii
1964 1401 2186 1458 vestrique
2227 1400 2457 1444 ministerii
2492 1401 2687 1456 gloriam.
2754 1400 2878 1446 Data
2907 1415 2980 1446 oc-

1635 1465 1736 1501 tavo
1760 1457 1929 1501 decimo
1952 1455 2173 1501 kalendas
2190 1454 2436 1500 Ianuarias
2449 1454 2841 1515 Constantinopoli
2849 1454 2982 1502 Lam-

1625 1513 1770 1572 padio
1806 1518 1851 1557 et
1878 1511 2033 1558 Oreste
2058 1512 2167 1557 viris
2190 1512 2452 1556 clarissimis
2473 1512 2742 1557 consulibus
2789 1513 2852 1571 [a.
2877 1513 2981 1571 530]

1690 1566 1721 1614 2
1766 1568 1918 1627 ¹2Imp.
1953 1568 2119 1613 Caesar
2149 1568 2337 1612 Flavius
2367 1567 2650 1612 lastinianus
2678 1570 2773 1613 A.¹³
2820 1568 2884 1613 ad
2914 1583 2983 1614 se-

1633 1634 1789 1669 natum
1809 1626 1903 1669 ec¹⁴
1934 1638 2085 1669 omnes
2107 1639 2174 1682 po
2194 1625 2323 1668 ulos.
2370 1625 2516 1668 Tanta
2547 1625 2668 1669 circa
2696 1638 2778 1670 nos
2809 1625 2983 1670 divinae

1633 1681 1920 1725 humanitatis
1951 1686 2018 1725 est
2045 1680 2171 1736 provi
2204 1681 2333 1733 entia,
2365 1688 2416 1724 ut
2445 1694 2617 1737 semper
2646 1681 2840 1727 aeternis
2868 1681 2978 1726 libe-

1634 1738 1885 1782 ralitatibus
1916 1751 1997 1781 nos
2028 1740 2280 1781 sustentare
2309 1736 2522 1793 dignetur.
2583 1743 2686 1793 post
2720 1738 2838 1781 bella
2868 1738 2985 1782 enim

1634 1794 1843 1838 Parthica
1886 1799 2064 1837 aeterna
2113 1806 2226 1850 pace
2275 1795 2422 1849 sopita
2462 1799 2651 1849 postque
2693 1793 2984 1838 Vandalicam

1633 1857 1806 1906 gentem
1837 1856 2034 1906 ereptam
2050 1851 2083 1876 ¹⁵
2122 1853 2168 1893 et
2197 1849 2519 1904 Carthaginem,
2559 1850 2691 1893 immo
2721 1850 2859 1905 magis
2890 1863 2983 1895 om-

1634 1919 1734 1950 nem
1783 1907 1970 1971 Libyam
2005 1906 2208 1950 Romano
2255 1906 2438 1961 imperio
2481 1905 2640 1949 iterum
2680 1906 2896 1949 sociatam
2938 1911 2986 1950 et

1633 1963 1750 2019 leges
1790 1966 1996 2017 antiquas
2035 1963 2124 2006 iam
2161 1961 2283 2006 senio
2320 1966 2636 2018 praegravatas
2675 1975 2758 2026 per
2785 1967 2985 2006 nostram

1634 2019 1903 2074 vigilantiam
1955 2017 2162 2075 praebuit
2214 2018 2260 2061 in
2309 2031 2468 2062 novam
2519 2017 2891 2074 pulchritudinem
2941 2023 2987 2062 et

1635 2076 1910 2119 moderatum
1949 2075 2176 2131 pervenire
2207 2074 2536 2130 compendium:
2577 2074 2695 2129 quod
2724 2087 2852 2118 nemo
2882 2078 2987 2118 ante

1634 2136 1836 2176 nostrum
1871 2131 2100 2187 imperium
2136 2143 2344 2186 umquam
2381 2130 2575 2186 speravit
2610 2142 2753 2184 neque
2791 2130 2986 2174 humano

1634 2187 1808 2242 ingenio
1838 2187 2049 2243 possibile
2075 2199 2172 2231 esse
2196 2187 2372 2242 penitus
2409 2186 2682 2230 existimavit.
2745 2191 2841 2230 erat
2869 2186 2985 2230 enim

1636 2244 1835 2287 mirabile
1864 2243 2112 2287 Romanam
2148 2243 2421 2286 sanctionem
2457 2243 2513 2285 ab
2555 2243 2666 2286 urbe
2698 2242 2880 2286 condita
2909 2255 2985 2287 us-

1636 2313 1721 2356 que
1756 2299 1814 2343 ad
1853 2300 1994 2344 nostri
2023 2299 2195 2355 imperii
2223 2301 2437 2354 tempora,
2479 2311 2595 2355 quae
2622 2311 2764 2355 paene
2791 2298 2840 2343 in
2869 2298 2988 2343 mille

1636 2363 1681 2400 et
1721 2355 2065 2411 quadringentos
2105 2367 2246 2398 annos
2278 2360 2570 2406 concurrunt,
2606 2354 2826 2398 intestinis
2855 2367 2986 2410 proe-

1635 2412 1705 2456 liis
1745 2412 2022 2455 vacillantem
2058 2412 2233 2466 hocque
2275 2417 2318 2453 et
2352 2411 2398 2453 in
2426 2410 2675 2466 imperiales
2706 2410 2986 2456 constitutio-

1636 2481 1716 2511 nes
1767 2467 2075 2511 extendentem
2121 2467 2169 2510 in
2211 2480 2344 2510 unam
2388 2466 2600 2511 reducere
2637 2467 2986 2520 consonantiam,

1636 2529 1686 2568 ut
1723 2524 1831 2567 nihil
1869 2537 2011 2580 neque
2052 2523 2323 2567 contrarium
2361 2535 2504 2578 neque
2531 2522 2647 2567 idem
2676 2535 2819 2579 neque
2847 2522 2988 2568 simile

1636 2582 1681 2624 in
1726 2593 1778 2624 ea
1820 2580 2071 2624 inveniatur
2114 2584 2160 2623 et
2185 2591 2242 2622 ne
2258 2580 2292 2605 ¹⁶
2333 2579 2534 2634 geminae
2574 2579 2692 2635 leges
2730 2593 2812 2636 pro
2852 2580 2987 2624 rebus

1637 2637 1819 2692 singulis
1874 2636 2047 2692 positae
2099 2648 2287 2691 usquam
2337 2641 2596 2691 appareant.
2667 2644 2858 2691 namque
2899 2635 2987 2680 hoc

1639 2693 1841 2737 caelestis
1880 2691 2055 2749 quidem
2094 2691 2397 2748 providentiae
2435 2692 2662 2747 peculiare
2691 2691 2790 2744 fuit,
2830 2692 2986 2736 huma-

1636 2762 1722 2793 nae
1765 2762 1867 2793 vero
1921 2748 2212 2792 imbecillitati
2262 2748 2384 2791 nullo
2429 2747 2560 2792 modo
2603 2748 2830 2804 possibile.
2904 2761 2987 2793 nos

1634 2807 1787 2861 itaque
1815 2817 1937 2848 more
1962 2805 2091 2849 solito
2118 2804 2175 2847 ad
2199 2804 2541 2848 immortalitatis
2560 2804 2835 2860 respeximus
2856 2816 2986 2860 prae-

1636 2862 1795 2905 sidium
1837 2868 1881 2904 et
1915 2874 2085 2904 summo
2122 2859 2300 2903 numine
2347 2861 2552 2904 invocato
2592 2860 2723 2904 deum
2760 2863 2988 2905 auctorem

1637 2923 1683 2961 et
1719 2917 1858 2961 totius
1895 2917 2040 2971 operis
2076 2915 2328 2971 praesulem
2364 2914 2462 2959 fieri
2500 2917 2748 2972 optavimus
2784 2921 2831 2960 et
2858 2929 2988 2961 omne

1636 2973 1832 3018 studium
1864 2971 2134 3016 Triboniano
2165 2971 2259 3015 viro
2290 2971 2465 3015 excelso
2495 2972 2707 3027 magistro
2738 2971 3005 3025 officiorum,

1637 3035 1683 3073 et
1713 3042 1768 3072 ex
1798 3034 2034 3084 quaestore
2050 3029 2083 3055 ¹⁷
2112 3027 2229 3071 sacri
2257 3028 2399 3071 nostri
2431 3028 2586 3084 palatii
2609 3032 2655 3071 et
2679 3041 2734 3072 ex
2759 3028 3010 3073 consule*

1638 3085 1902 3130 credidimus
1944 3085 2070 3140 eique
2106 3097 2234 3127 omne
2263 3084 2552 3127 ministerium
2580 3083 2885 3128 huiuscemodi
2913 3097 2986 3128 or-

1636 3141 1876 3186 dinationis
1906 3140 2206 3196 imposuimus,
2238 3149 2288 3183 ut
2316 3140 2412 3195 ipse
2441 3152 2532 3183 una
2561 3153 2662 3183 cum
2684 3140 2782 3185 aliis
2804 3140 2986 3185 illustri-

1636 3199 1719 3242 bus
1754 3202 1798 3240 et
1827 3195 2179 3253 prudentissimis
2194 3196 2298 3239 viris
2327 3200 2529 3240 nostrum
2553 3195 2817 3240 desiderium
2845 3195 2984 3240 adim-

1635 3255 1791 3310 pleret.
1851 3258 2006 3297 nostra
2041 3265 2214 3308 quoque
2244 3252 2451 3295 maiestas
2483 3265 2655 3308 semper
2682 3251 2986 3309 investigando

1636 3316 1680 3354 et
1731 3308 2057 3366 perscrutando
2111 3321 2163 3351 ea
2215 3321 2327 3363 quae
2370 3308 2427 3352 ab
2471 3308 2541 3353 his
2595 3309 2986 3364 componebantur,

1635 3366 1852 3423 quidquid
1897 3364 2082 3409 dubium
2125 3368 2171 3408 et
2212 3364 2432 3408 incertum
2475 3363 2802 3422 inveniebatur,
2852 3364 2938 3409 hoc
2953 3365 2988 3392 ¹⁹

1635 3423 1817 3466 numine
1847 3421 2027 3465 caelesti
2056 3426 2206 3464 erecta
2218 3422 2255 3447 ²⁰
2292 3420 2555 3464 emendabat
2585 3425 2630 3464 et
2657 3420 2704 3464 in
2734 3426 2986 3477 competen-

1635 3486 1724 3523 tem
1763 3479 1950 3523 formam
1989 3477 2227 3532 redigebat.
2298 3476 2445 3521 omnia
2479 3477 2612 3531 igitur
2648 3476 2854 3521 confecta
2881 3479 2987 3521 sunt

1635 3535 1815 3580 domino
1856 3540 1900 3577 et
1938 3534 2021 3578 deo
2060 3537 2214 3577 nostro
2255 3533 2387 3576 Ihesu
2427 3532 2602 3577 Christo
2648 3532 2985 3588 possibilitatem

1635 3599 1726 3636 tam
1769 3591 1901 3635 nobis
1947 3603 2078 3644 quam
2120 3589 2282 3633 nostris
2325 3589 2371 3631 in
2415 3588 2500 3632 hoc
2545 3588 2810 3632 satellitibus
2852 3601 2983 3644 prae-

1640 3657 1652 3690 1
1719 3652 1882 3692 stante.
1933 3646 1995 3690 Et
2024 3644 2291 3700 principales
2317 3644 2491 3699 quidem
2518 3644 2856 3688 constitutiones
2872 3644 2983 3689 duo-

1636 3704 1781 3749 decim
1823 3702 1947 3746 libris
1990 3701 2182 3755 digestas
2225 3700 2313 3743 iam
2358 3705 2461 3744 ante
2503 3700 2550 3744 in
2593 3699 2789 3744 codicem
2831 3706 2984 3746 nostro

1634 3761 1814 3805 nomine
1844 3756 2193 3814 praefulgentem
2223 3756 2503 3800 contulimus.
2550 3761 2706 3812 postea
2719 3769 2823 3801 vero
2845 3756 2984 3801 maxi·

1636 3830 1753 3861 mum
1788 3827 1900 3869 opus
1930 3813 2235 3869 adgredientes
2274 3812 2373 3868 ipsa
2401 3813 2634 3857 vetustatis
2663 3812 2984 3857 studiosissima

1636 3885 1774 3928 opera
1814 3871 1902 3913 iam
1945 3882 2086 3925 paene
2130 3868 2317 3913 confusa
2360 3875 2409 3924 et
2449 3869 2664 3914 dissoluta
2707 3867 2846 3912 eidem
2886 3867 2981 3912 viro

1635 3929 1812 3973 excelso
1853 3926 2130 3982 permisimus
2167 3930 2257 3969 tam
2287 3925 2491 3980 colligere
2521 3937 2654 3982 quam
2683 3929 2804 3968 certo
2833 3923 2982 3968 mode-

1635 3984 1843 4028 ramini²¹
1875 3981 2064 4025 tradere.
2124 3981 2203 4026 sed
2237 3994 2338 4025 cum
2368 3981 2514 4026 omnia
2540 3980 2925 4036 percontabamur,
2955 3992 2983 4023 a

1634 4040 1842 4096 praefato
1870 4038 1963 4082 viro
1994 4038 2168 4082 excelso
2199 4042 2452 4093 suggestum
2482 4042 2551 4081 est
2579 4036 2667 4081 duo
2692 4047 2834 4092 paene
2862 4035 2983 4080 milia

1634 4097 1851 4140 librorum
1891 4107 1990 4139 esse
2029 4094 2283 4150 conscripta
2321 4099 2365 4136 et
2400 4093 2501 4149 plus
2542 4105 2672 4148 quam
2699 4091 2848 4135 tricies
2878 4103 2981 4135 cen-

1631 4293 1756 4333 Ihesu
1786 4291 1948 4333 Christi
1975 4291 2199 4344 imperator
2224 4289 2374 4331 Caesar
2393 4288 2572 4331 >Flavius
2600 4286 2859 4328 Iustinianus
2882 4285 2980 4328 Ala-

1631 4348 1847 4389 mannicus
1882 4347 2102 4388 Gotthicus
2130 4346 2359 4388 Francicus
2387 4343 2656 4385 Germanicus
2685 4343 2861 4383 Anticus
2881 4342 2981 4384 Ala-

1630 4405 1749 4445 nicus
1774 4404 1864 4446 Van
1874 4402 2031 4444 dalicus
2060 4403 2281 4444 Africanus
2307 4401 2403 4453 pius
2430 4399 2531 4440 felix
2559 4398 2744 4440 inclutus
2772 4399 2904 4440 victor
2931 4411 2981 4440 ac

1630 4461 1914 4514 triumphator
1943 4472 2100 4512 semper
2129 4460 2339 4511 Augustus
2366 4456 2467 4510 Diy.
2608 4458 2682 4508 (14)
2713 4458 2754 4495 et
2783 4455 2828 4505 F:
2858 4458 2900 4495 et
2927 4454 2980 4495 ad

1633 4518 1730 4558 libri
1826 4518 1900 4568 (15)
1935 4519 2187 4568 peremptam
2217 4514 2435 4555 Mommsen
2548 4511 2624 4564 (16)
2654 4523 2729 4551 nec
2760 4511 2977 4552 Mommsen

1633 4578 1704 4622 (17)
1735 4575 1795 4614 sic
1825 4574 1870 4624 F,
1908 4571 2168 4623 exquaestori
2203 4566 2308 4621 03⁶,
2338 4567 2545 4620 quaestori
2573 4567 2639 4608 R‘*
2753 4565 2827 4618 (18)
2856 4568 2916 4608 sic
2932 4566 2978 4617 F,

1631 4628 1842 4669 exconsuli
1877 4625 1988 4679 C'Rb,
2019 4626 2180 4669 consuli
2208 4626 2272 4667 1³⁰
2441 4624 2518 4676 (19)
2558 4623 2635 4662 hoc
2668 4623 2711 4674 F3
2761 4635 2852 4663 cum
2885 4623 2980 4664 libri

1632 4690 1707 4736 (20)
1738 4687 1796 4727 sie
1827 4686 1872 4735 F,
1902 4689 2015 4725 recte
2047 4685 2141 4725 libri
2251 4682 2324 4732 (21)
2354 4682 2414 4721 sic
2435 4677 2540 4731 012⁶,
2570 4678 2845 4719 moderamine
2874 4677 2974 4719 FB·
