3094 4732
177 105 251 147 DS
284 102 512 142 OBIMINE
549 103 858 142 PEGULATUS

229 235 262 287 6
292 236 437 298 Impp.
457 238 732 286 Theodosius
761 243 805 285 et
830 237 1167 283 Valentinianus
1195 240 1285 283 ΑΛ.
1317 239 1503 284 Floren—

175 294 237 340 tio
290 309 342 353 p.
401 295 631 341 Sancimus
670 294 882 340 eiusmodi
918 293 1034 359 viros
1073 294 1129 337 ad
1157 295 1404 350 provincias
1434 309 1502 340 re-

171 362 255 406 gen
287 363 336 394 as
366 351 594 406 accedere,
624 352 699 408 qui
727 349 907 395 honoris
936 349 1124 404 insignia
1154 364 1242 395 non
1269 353 1504 397 ambitione

172 405 240 449 vel
267 407 434 462 pretio,
474 408 552 452 sed
588 407 804 464 probatae
838 405 953 450 vitae
991 410 1034 449 et
1070 407 1366 461 amplitudinis
1400 413 1504 452 tuae

172 462 316 506 solent
343 463 592 508 testimonio
621 461 864 520 promoveri
879 463 906 515 ¹,
945 461 1010 505 ita
1045 474 1150 506 sane
1176 468 1237 516 ut,
1268 464 1428 519 quibus
1457 463 1503 506 hi

171 517 363 563 honores
400 532 480 576 per
519 519 634 563 sedis
672 523 776 562 tuae
805 517 871 560 vel
906 523 1101 562 nostram
1130 519 1295 562 fuerint
1325 519 1502 563 electio-

173 586 274 618 nem
312 575 552 626 commissi,
591 573 726 619 iurati
761 573 877 617 inter
904 575 1027 629 gesta
1057 574 1316 629 depromant
1344 587 1392 619 se
1419 586 1502 639 pro

171 629 622 675 administrationibus
649 628 880 674 sortiendis
910 641 1050 684 neque
1081 630 1252 674 dedisse
1282 631 1502 687 quippiam

172 698 313 742 neque
342 686 524 731 daturos
553 698 757 740 umquam
786 685 1065 740 postmodum
1094 686 1203 739 fore,
1236 687 1324 730 sive
1348 698 1427 742 per
1455 698 1503 729 se

171 741 260 785 sive
294 754 376 799 per
410 742 718 798 interpositam
755 740 802 784 in
839 739 1040 784 fraudem
1078 742 1183 796 legis
1217 741 1500 786 sacramenti-

171 809 257 853 que
298 809 554 854 personam,
604 801 682 840 aut
726 796 974 841 donationis
1017 798 1331 842 venditionisve
1372 797 1500 840 titulo

170 856 249 896 aut
289 853 378 897 alio
417 853 660 897 velamento
699 852 1012 908 cuiuscumque
1051 857 1327 907 contractus,
1372 857 1415 897 et
1444 853 1500 896 ob

169 908 254 952 hoc
291 908 487 965 exceptis
525 908 696 952 salariis
736 907 846 952 nihil
880 910 1057 964 penitus
1096 914 1187 953 tam
1235 910 1281 952 in
1317 908 1500 952 admini-

170 965 383 1008 stratione
420 964 590 1021 positos
629 977 760 1019 quam
790 970 893 1020 post
923 965 1168 1021 depositum
1199 964 1391 1009 officium
1420 976 1499 1019 pro

170 1019 318 1075 aliquo
355 1020 567 1076 praestito
606 1019 818 1064 beneficio
858 1023 1053 1076 tempore
1097 1019 1500 1071 administrationis,

175 1078 193 1119 1
253 1088 383 1130 quam
419 1076 612 1131 gratuito
649 1076 907 1130 meruerint,
949 1081 1226 1133 accepturos.
1293 1077 1354 1120 Et
1397 1075 1501 1119 licet

168 1131 384 1175 neminem
433 1131 566 1175 divini
617 1131 788 1176 timoris
841 1133 1158 1177 contemnendo
1215 1131 1500 1176 iureiurando

168 1186 436 1231 arbitramur
476 1187 789 1241 immemorem,
843 1192 893 1232 111
943 1188 1076 1233 saluti
1117 1188 1323 1245 propriae
1366 1187 1500 1230 ullum

168 1241 440 1287 commodum
468 1247 724 1300 anteponat,
753 1247 922 1295 tamen,
952 1249 1002 1288 ut
1030 1245 1088 1288 ad
1118 1244 1272 1288 salutis
1301 1243 1499 1287 timorem

169 1302 213 1341 et
255 1298 523 1343 necessitas²
565 1299 752 1355 periculi
797 1300 1089 1355 subiungatur
1100 1301 1130 1353 ⁸,
1172 1301 1279 1344 tunc
1323 1299 1360 1343 si
1404 1299 1500 1355 quis

166 1365 303 1398 ausus
324 1353 459 1398 fuerit
480 1355 686 1410 praebita
709 1359 987 1400 sacramenta
1007 1356 1246 1412 neglegere,
1265 1369 1357 1400 non
1372 1354 1500 1399 modo

167 1409 376 1455 adversus
401 1411 700 1466 accipientem,
731 1412 808 1455 sed
831 1411 964 1456 etiam
988 1412 1200 1457 adversus
1227 1411 1403 1456 dantem
1425 1423 1499 1454 ac·

167 1465 351 1510 cusandi
387 1467 559 1511 cunctis
595 1471 817 1523 tamquam
849 1467 1012 1511 crimen
1041 1467 1265 1523 publicum
1296 1466 1499 1512 concedi·

165 1534 263 1565 mus
301 1521 582 1576 facultatem,
623 1523 858 1579 quadrupli
885 1535 1031 1579 poena
1060 1524 1141 1567 eo⁴
1199 1523 1246 1567 ui
1274 1523 1500 1567 convictus

165 1576 300 1621 fuerit
315 1577 455 1622 modis
471 1579 672 1623 omnibus
688 1578 898 1623 feriendo.
943 1578 998 1622 D.
1027 1591 1076 1622 Vl
1095 1577 1138 1622 Ic.
1206 1591 1266 1622 ec,
1285 1578 1500 1622 Constan-

169 1632 364 1692 tinopoli
395 1633 643 1679 Theodosio
672 1636 724 1679 A.
756 1645 870 1678 ΧΠ]
896 1639 940 1678 et
968 1634 1102 1678 Festo
1133 1646 1276 1677 conss
1320 1637 1375 1687 [a.
1401 1637 1498 1687 439]

714 1829 958 1880 XXVIII!

473 1912 550 1952 DE
581 1910 786 1952 ORIMIN
786 1913 824 1952 E
853 1911 1190 1955 PECULATUS.

220 1993 243 2040 1
281 1992 480 2052 ⁸lmppp.
502 1992 778 2038 Theodosius
791 1993 1017 2038 Arcadius
1045 2000 1090 2039 et
1115 1994 1350 2039 Honorius
1365 1995 1497 2039 AAA.

163 2049 330 2105 Rufino
359 2064 442 2108 pp.
515 2049 712 2103 Iudices,
758 2050 833 2106 qui
870 2053 1069 2106 tempore
1108 2050 1500 2095 administrationis

163 2105 362 2161 publicas
390 2106 602 2161 pecunias
632 2106 971 2160 subtraxerunt,
1000 2106 1097 2163 lege
1124 2106 1237 2151 Iulia
1265 2107 1500 2163 peculatus

164 2160 342 2204 obnoxii
386 2163 491 2205 sunt
533 2166 578 2205 et
622 2162 806 2218 capitali
847 2162 1215 2207 animadversioni
1255 2176 1330 2208 eos
1369 2162 1501 2207 subdi

162 2216 387 2260 iubemus:
426 2217 495 2260 his
534 2217 670 2261 nihilo
708 2217 873 2272 minus,
913 2218 990 2274 qui
1024 2218 1313 2263 ministerium
1352 2220 1413 2263 eis
1444 2219 1501 2262 ad

163 2272 249 2316 hoc
287 2272 586 2317 adhibuerunt
621 2274 689 2317 vel
729 2273 803 2329 qui
837 2274 1066 2318 subtracta
1096 2275 1151 2340 ab
1182 2275 1250 2319 his
1282 2274 1501 2319 scientes⁷

163 2329 1503 2444 ἳέῗῖΡθέἓέἓὶαίἵῗὲἓἐὰῖᾟῗοέἒξῗέἷῗῖῗ·Τιέὸᾶἑὲεὲἶθῗὶ

162 2441 254 2485 AA.
285 2453 427 2485 conss.
1314 2446 1369 2496 [a.
1401 2445 1502 2496 415]

695 2585 966 2634 XXVIIII!

467 2666 543 2707 DE
575 2666 816 2707 CBIMINE
847 2666 1182 2708 SACRILEGII.

221 2747 242 2794 1
283 2747 401 2806 ‘Imp
429 2762 479 2806 p.
514 2746 759 2792 Gratianus
790 2747 1133 2794 Valentinianus
1155 2755 1200 2794 et
1226 2748 1267 2793 Τ
1261 2747 1502 2793 lzeodosius

163 2804 339 2848 AAA.¹⁰
434 2803 480 2848 ui
509 2803 680 2848 divinae
708 2803 815 2860 legis
846 2805 1128 2850 sanctitatem
1157 2809 1236 2850 aut
1264 2805 1499 2849 nesciendo

164 2859 442 2904 confundunt
459 2862 490 2886 ¹¹
516 2862 596 2904 aut
619 2860 887 2917 neglegendo
900 2861 1065 2905 violant
1088 2864 1133 2906 et
1158 2861 1401 2914 offendunt,
1428 2874 1499 2905 sa-

165 2915 386 2971 crilegium
425 2915 717 2960 committunt.
784 2915 838 2961 D.
872 2929 940 2961 111
972 2917 1016 2962 lc.
1046 2916 1186 2962 Mart.
1220 2917 1501 2963 Thessaloni-

163 2985 242 3016 cae
273 2970 492 3016 Gratiano
522 2973 574 3016 A.
599 2977 630 3015 ν
653 2978 697 3017 et
723 2972 972 3018 Theodosio
998 2975 1049 3018 A.
1082 2975 1270 3018 conss.¹²
1328 2977 1383 3026 [a.
1402 2977 1499 3026 380]

216 3030 246 3074 2
291 3028 356 3080 (3)
409 3027 570 3072 ¹³Idem
614 3029 747 3072 AAA.
792 3029 854 3073 ad
894 3027 1209 3085 Symmachum
1245 3043 1329 3088 pu.
1396 3028 1499 3073 Dis-

163 3080 312 3134 putari
353 3080 407 3123 de
444 3081 587 3136 princi
619 3083 680 3125 ali
716 3083 881 3127 iudicio
913 3097 1003 3127 non
1043 3089 1240 3139 oportet:
1285 3084 1501 3139 sacrilegii

165 3134 279 3178 enim
306 3133 447 3179 instar
476 3138 544 3179 est
604 3138 790 3191 ubitare,
821 3150 879 3181 an
907 3139 946 3182 is
972 3138 1014 3181 di
1046 3152 1128 3183 nus
1154 3139 1224 3192 sit,
1255 3151 1384 3197 quem
1413 3141 1498 3184 ele-

162 3190 288 3290 gleriCtl
309 3189 591 3290 1111ρῖ11116ξί3
622 3191 675 3274 R
717 3204 743 3235 V
775 3192 818 3236 lc.
852 3192 950 3237 Ian.
1034 3193 1231 3238 ediolani
1266 3193 1500 3304 Rq'conggifi

163 3261 188 3290 e
288 3259 392 3290 earo
426 3259 451 3290 o
509 3259 534 3290 ο
591 3260 625 3290 s.
1329 3263 1370 3294 a.

222 3298 251 3348 3
284 3301 350 3355 (4)
391 3300 515 3345 Idem
550 3303 682 3346 AAA.
723 3308 767 3347 et
804 3304 1027 3349 Arcadius
1063 3307 1114 3349 A.
1159 3303 1384 3363 Eutropio
1419 3319 1452 3363 p
1487 3340 1497 3350 .

164 3357 231 3401 Ne
273 3357 370 3412 quis
409 3357 502 3401 sine
537 3358 755 3413 sacrilegii
795 3359 975 3404 crimine
1005 3361 1340 3404 desiderandum
1369 3320 1498 3405 11115-

164 3414 283 3467 legat
309 3413 524 3465 gerendae
560 3426 613 3457 ac
644 3415 948 3468 suscipiendae
979 3417 1369 3460 administrationis
1401 3416 1498 3461 offi-

162 3470 275 3511 cium
305 3469 423 3512 intra
456 3481 549 3512 eam
581 3470 865 3524 provinciam,
901 3471 948 3513 in
979 3482 1063 3526 qua
1091 3470 1374 3525 provincialis
1407 3474 1500 3514 et¹⁵

168 3525 271 3568 civis
314 3527 523 3573 habetur,
563 3526 648 3568 nisi
686 3526 772 3569 hoc
802 3527 974 3570 cuidam
1004 3529 1208 3573 ultronea
1236 3528 1498 3572 liberalitate

165 3592 245 3634 per
283 3579 451 3624 divinos
482 3579 657 3625 adfatus
686 3581 924 3637 imperator
951 3583 1190 3639 indulgeat.
1249 3582 1303 3627 D.
1335 3595 1428 3627 XVI
1452 3583 1495 3627 lc.

165 3637 277 3692 Auy.
309 3635 506 3680 Arcadio
536 3637 586 3680 A.
618 3641 662 3680 et
690 3636 902 3684 Bautone
930 3652 1074 3684 conss.
1310 3643 1365 3691 [a.
1398 3642 1495 3693 385]

167 3946 217 3996 (1)
247 3943 473 3997 promereri
503 3942 719 3984 Mommsen
833 3946 890 3996 (2)
922 3947 983 3987 sie
1011 3947 1106 3996 Lo,
1146 3946 1424 3987 necessitatem
1454 3946 1495 3987 R

167 4004 221 4052 (6)
249 4002 307 4040 sic
340 4000 389 4048 L,
419 3998 723 4050 subiungantur
754 4000 825 4041 CR
909 4000 964 4052 (4)
994 4014 1125 4055 poena
1154 4015 1201 4043 eo
1231 4004 1337 4053 dett,
1366 4014 1496 4055 poene

167 4057 261 4107 LR,
291 4067 418 4108 penae
447 4054 538 4105 cogi
574 4054 608 4095 0
730 4055 784 4108 (5)
821 4056 882 4109 Cf.
915 4058 1014 4111 Diy.
1044 4059 1112 4109 48,
1142 4066 1180 4100 13
1313 4059 1368 4109 (6)
1398 4059 1498 4099 haec

167 4112 389 4153 constitutio
428 4126 474 4151 erc
517 4110 587 4150 le.
620 4112 658 4158 9,
690 4121 750 4166 28,
780 4120 807 4153 1.
840 4119 860 4152 2
897 4114 955 4154 ita
994 4115 1209 4167 composita
1238 4123 1315 4166 est,
1354 4123 1398 4156 ut
1435 4116 1495 4155 in·

166 4168 329 4220 scriptio
359 4174 513 4219 sumptu
541 4167 595 4205 sit
624 4181 671 4205 ex
699 4181 732 4206 c.
759 4175 787 4213 1,
817 4169 1055 4221 subscriptio
1086 4183 1134 4210 ex
1163 4185 1192 4211 c.
1230 4179 1263 4221 2,
1293 4171 1496 4224 utriusque

168 4231 367 4263 contextus
406 4238 453 4262 ne
490 4222 650 4261 minima
688 4223 842 4273 quidem
877 4237 978 4275 pars
1019 4239 1095 4264 non
1134 4233 1284 4267 mutata
1323 4226 1398 4266 sit:
1444 4226 1494 4278 ‘ff

167 4279 266 4318 Insc.
298 4280 336 4326 4,
370 4287 422 4326 18,
453 4286 473 4318 9
504 4277 547 4318 B
579 4280 643 4318 (50.
675 4285 732 4327 15,
765 4286 823 4318 16:
855 4279 971 4330 iunye
1002 4280 1039 4330 9,
1071 4288 1123 4331 12,
1155 4289 1176 4322 9
1284 4282 1338 4332 (τ)
1365 4280 1495 4321 scien-

170 4338 227 4372 tes
250 4333 330 4373 LR
360 4333 467 4380 Ins-t„
500 4348 570 4372 om.
594 4333 669 4373 CB
755 4333 811 4385 (8)
835 4333 880 4373 Β
896 4336 962 4384 60,
980 4343 1037 4384 «15,
1054 4343 1090 4376 1Ί
1108 4350 1213 4388 seqq.
1232 4358 1286 4365 -
1318 4337 1378 4390 C's.
1395 4336 1494 4389 Diq.

169 4389 236 4437 48,
254 4397 291 4429 13
355 4388 411 4438 (9)
435 4409 492 4423 --
510 4388 583 4428 le.
616 4390 677 4436 16,
704 4395 737 4435 2,
766 4397 831 4429 25:
865 4390 1115 4441 iu⁷19e1.1‚1
1182 4390 1258 4441 (ιο)
1284 4391 1494 4442 [edictum]

168 4442 218 4482 ad
268 4442 464 4494 populum
510 4443 623 4483 urbis
665 4443 1144 4497 Constantinopolitanae
1197 4447 1313 4487 addit
1352 4450 1387 4497 1,
1418 4456 1446 4498 1,
1479 4456 1494 4488 1

168 4499 237 4548 (11)
265 4499 325 4538 sic
349 4498 421 4539 le.
438 4499 483 4540 B
502 4500 557 4551 (κ.
575 4500 652 4550 yn),
683 4498 945 4539 committunt
962 4500 1056 4540 libri
1138 4502 1213 4553 (12)
1243 4503 1330 4543 edd.
1362 4518 1495 4543 errore

170 4556 272 4594 inter
299 4567 332 4593 c.
359 4562 373 4595 1
405 4563 442 4594 et
471 4562 491 4594 2
523 4555 701 4596 inserunt
725 4555 922 4606 B60,45‚
942 4564 995 4606 18,
1025 4571 1127 4608 quae
1157 4557 1301 4598 hausta
1328 4566 1419 4598 sunt
1447 4573 1495 4598 ex

251 4621 294 4658 ss.

1488 83 1593 144 585

2524 95 2670 148 VIIII
2710 101 2911 150 27-32

2161 247 2348 295 XXX.¹·

1586 325 1663 366 DE
1700 325 2007 368 SEDITIOSIS
2045 328 2118 368 ET
2156 328 2250 368 HIS
2289 330 2384 376 QUI
2423 331 2658 371 PLEBEM
2687 331 2914 373 AUDENT

1657 381 1878 424 CONTRA
1906 383 2196 425 PUBLICAM
2226 385 2482 431 QUIETEM
2513 387 2843 428 COLLIGERE.

1617 461 1666 526 ,1
1708 462 1877 523 ”Impp
1914 501 1922 509 .
1966 464 2212 510 Gratianus
2258 466 2596 512 Valentinianus
2634 475 2677 512 et
2717 467 2914 513 leeodo-

1583 531 1679 561 szus
1705 519 1837 563 AAA.
1911 522 2103 566 lorentio
2135 523 2378 580 praefecto
2419 524 2668 580 Auqustali.
2735 524 2781 566 Si
2820 524 2915 579 quis

1586 577 1741 616 contra
1783 575 2150 621 evidentissimam
2191 578 2427 622 iussionem
2476 578 2701 632 suscipere
2775 579 2916 622 lebem

1586 630 1630 671 et
1658 628 1867 674 adversus
1906 633 2127 687 publicam
2157 633 2434 689 disciplinam
2468 632 2701 676 defendere
2750 639 2917 677 ortasse

1583 686 1883 739 temptaverit,
1923 688 2104 731 multam
2132 689 2434 743 gravissimam
2463 687 2742 731 sustinebunt
2758 691 2803 732 ¹⁸.
2861 688 2915 732 D.

1585 750 1690 782 ΧΠ]
1714 738 1756 782 lc.
1790 739 1886 784 Ian.
1931 741 2323 800 Constantinopoli
2351 742 2584 786 Ricomere
2622 748 2667 786 et
2706 742 2917 843 Cleagchkp

1584 806 1727 838 conss.
2748 812 2788 841 a.
2850 803 2871 841 Β
2904 804 2906 806 ’

1641 846 1672 894 2
1708 848 1856 907 ¹⁰Imp.
1874 849 1966 893 Leo
1997 851 2047 894 A.
2077 849 2298 908 Erythrio
2320 865 2404 918 pp.
2424 891 2439 901 ,
2463 853 2513 894 In
2543 853 2676 896 nullis
2705 802 2814 896 l<[>cis
2843 803 2920 896 aui:

1586 904 1834 949 civitatibus
1873 905 2155 951 tumultuosis
2195 906 2462 950 clamoribus
2499 907 2755 963 cuiusquam
2784 909 2918 952 inter-

1583 960 1762 1016 pellatio
1803 961 2119 1005 contumeliosa
2159 962 2372 1017 procedat
2407 975 2489 1006 nec
2518 964 2575 1006 ad
2605 964 2743 1007 solam
2774 964 2919 1008 cuius·

1584 1029 1717 1072 quam
1760 1016 1964 1060 invidiam
2006 1017 2252 1074 petulantia
2289 1018 2423 1062 verba
2461 1018 2700 1064 iactentur:
2746 1021 2919 1064 scituris

1583 1072 1667 1126 his,
1707 1073 1782 1128 qui
1820 1073 2073 1117 huiusmodi
2102 1086 2230 1118 voces
2272 1074 2493 1118 emiserint
2523 1076 2821 1132 moverintque
2850 1081 2919 1119 tu-

1582 1128 1760 1182 multus,
1807 1141 1854 1173 se
1898 1129 2072 1185 quidem
2111 1129 2306 1174 fructum
2345 1142 2400 1174 ex
2437 1131 2504 1175 his
2544 1144 2657 1187 quae
2693 1133 2921 1187 postulant

1583 1185 1837 1228 nullatenus
1876 1185 2130 1240 habituros,
2171 1186 2422 1231 subdendos
2461 1191 2605 1230 autem
2647 1189 2801 1243 poenis
2837 1188 2919 1240 his,

1580 1253 1694 1296 quas
1726 1240 1779 1284 de
1809 1240 2072 1285 seditionum
2112 1244 2156 1285 et
2183 1241 2399 1286 tumultus
2429 1243 2684 1288 auctoribus
2714 1244 2919 1288 vetustis-

1584 1296 1694 1340 sima
1724 1296 1902 1341 decreta
1931 1300 2186 1342 sanxerunt.
2246 1296 2301 1341 1).
2334 1309 2379 1342 11
2405 1312 2509 1343 non.
2535 1298 2671 1344 Mart.
2707 1298 2919 1344 Constan-

1586 1352 1779 1410 tinopoli
1807 1351 1958 1398 Leone
1985 1356 2039 1398 A.
2070 1365 2137 1398 111
2164 1366 2284 1397 cons.
2732 1360 2790 1408 [a.
2820 1359 2918 1409 466]

2168 1553 2345 1603 XXXI.
2427 1568 2430 1572 ·

1586 1631 1814 1677 QUANDO
1851 1629 2059 1673 CIVILIS
2090 1634 2255 1676 ACTIO
2287 1634 2587 1675 CRIMINALI
2628 1635 2921 1677 PRAEIUDI·

1585 1686 1694 1728 GET
1735 1687 1810 1728 ET
1853 1688 1931 1729 AN
1973 1688 2366 1787 UTRAthJErEgg
2394 1690 2591 1731 EODEM
2629 1690 2917 1733 EXERCERI

1642 1821 1664 1869 1
1713 1822 1936 1882 Imppp.²⁰
1990 1824 2153 1871 Valens
2198 1825 2443 1872 Gratianus
2486 1832 2531 1872 et
2582 1828 2921 1873 Valentinianus

1583 1879 1717 1923 AAA.
1748 1881 1946 1924 Antonio
1984 1895 2062 1939 pp.
2130 1883 2172 1925 A
2214 1883 2436 1939 plerisque
2506 1884 2753 1928 rudentium
2792 1898 2921 1940 gene-

1583 1934 1738 1979 raliter
1790 1934 2017 1979 definitum
2073 1939 2161 1992 est,
2210 1939 2410 1994 quotiens
2485 1952 2507 1982 e
2542 1952 2591 1983 re
2633 1941 2837 1984 familiari
2881 1947 2923 1984 et

1586 1990 1722 2035 civilis
1765 1994 1811 2036 et
1855 1992 2093 2037 criminalis
2136 1995 2346 2050 competit
2390 1995 2527 2048 actio,
2570 2001 2754 2052 utraque
2791 1997 2922 2041 licere

1586 2047 1794 2103 experiri,
1836 2048 1926 2092 sive
1964 2049 2088 2105 prius
2128 2050 2364 2095 criminalis
2395 2052 2485 2096 sive
2516 2052 2653 2097 civilis
2684 2053 2800 2096 actio
2831 2067 2919 2097 mo-

1584 2105 1803 2156 venitm-2¹,
1842 2117 1925 2148 nec
1964 2105 2002 2148 si
2043 2106 2226 2150 civiliter
2266 2107 2399 2151 fuerit
2439 2110 2610 2162 actum,
2652 2109 2921 2153 criminalem

1591 2164 1605 2202 1
1668 2172 1800 2216 posse
1846 2161 2060 2214 consumi,
2105 2169 2150 2206 et
2194 2162 2391 2207 similiter
2433 2177 2456 2207 e
2500 2165 2782 2208 contrari022.
2850 2166 2921 2208 Sic

1585 2215 1774 2272 denique
1810 2220 1855 2260 et
1893 2230 1971 2272 per
2008 2218 2091 2260 rim
2131 2220 2412 2273 possessione
2442 2219 2656 2273 deiectus,
2695 2221 2732 2264 si
2777 2220 2830 2264 de
2869 2234 2921 2265 ea

1584 2272 1888 2327 recuperanda
1917 2272 2151 2318 interdicto
2181 2275 2298 2318 unde
2329 2276 2368 2318 vi
2399 2275 2482 2318 erit
2521 2289 2649 2326 usus,
2690 2289 2778 2320 non
2817 2290 2919 2332 pro—

1583 2327 1761 2371 hibetur
1789 2332 1934 2371 tamen
1966 2328 2096 2372 etiam
2125 2330 2221 2385 lege
2248 2330 2362 2374 Iulia
2396 2331 2450 2373 de
2479 2330 2520 2373 vi
2551 2332 2727 2387 publico
2757 2332 2918 2375 iudicio

1583 2384 1814 2427 instituere
1867 2384 2212 2429 accusationem:
2271 2389 2316 2430 et
2367 2399 2603 2441 suppresso
2658 2392 2918 2432 testamento

1585 2452 1684 2483 cum
1714 2451 1768 2483 ex
1796 2439 2029 2484 interdicto
2055 2439 2110 2484 de
2133 2441 2298 2487 tabulis
2325 2442 2579 2486 exhibendis
2604 2442 2737 2486 fuerit
2756 2451 2917 2498 actum,

1584 2495 1720 2539 nihilo
1758 2494 1904 2539 minus
1941 2508 1994 2539 ex
2032 2496 2127 2552 lege
2156 2497 2361 2541 Cornelia
2396 2499 2727 2542 testamentaria
2757 2499 2919 2554 poterit

1586 2552 1750 2595 crimen
1779 2551 1929 2595 inferri
1944 2552 2003 2597 ⁹2³:
2027 2557 2084 2605 ,61
2114 2565 2214 2596 611111
2242 2553 2427 2598 libertus
2457 2564 2503 2595 se
2536 2553 2642 2598 dicit
2668 2554 2918 2609 ingenuum,

1575 2608 1667 2649 tam
1714 2603 1767 2647 de
1813 2606 1959 2659 operis
2006 2606 2190 2651 civiliter
2236 2617 2370 2664 quam
2418 2609 2550 2652 etiam
2597 2608 2694 2666 lege
2739 2608 2894 2654 Viselli

1585 2668 1609 2705 2
1679 2662 1962 2707 criminaliter
1997 2665 2161 2719 poterit
2198 2667 2468 2721 perurgueri.
2544 2668 2639 2720 Quo
2677 2669 2722 2710 in
2761 2681 2918 2723 genere

1585 2719 1773 2763 habetur
1802 2719 1909 2762 furti
1946 2719 2062 2763 actio
2104 2724 2148 2764 et
2184 2721 2291 2776 legis
2321 2722 2488 2765 Fabiae
2529 2723 2836 2775 constitutum,
2877 2728 2920 2767 et

1583 2776 1822 2832 plurima²⁴
1867 2775 1954 2818 alia
1992 2778 2118 2829 sunt,
2158 2790 2271 2832 quae
2307 2779 2551 2821 enumerari
2592 2792 2680 2822 non
2717 2784 2918 2835 possunt,

1583 2836 1647 2884 ut,
1680 2844 1777 2875 cum
1809 2831 1947 2874 altera
1976 2832 2098 2887 prius
2128 2833 2244 2877 actio
2273 2833 2492 2877 intentata
2521 2833 2591 2885 sit,
2627 2848 2707 2890 per
2736 2835 2917 2878 alteram

1585 2892 1608 2931 3
1670 2900 1782 2944 quae
1820 2887 2039 2942 supererit
2074 2888 2313 2932 iudicatum
2353 2889 2485 2932 liceat
2515 2890 2763 2933 retractari.
2823 2890 2918 2944 Qua

1582 2944 1691 2988 iuris
1732 2943 1984 2987 definitione
2023 2957 2112 2988 non
2149 2945 2384 3001 ambigitur
2423 2945 2551 2987 etiam
2594 2945 2698 2989 falsi
2741 2946 2915 3000 crimen,

1585 3001 1638 3043 de
1670 3013 1752 3055 quo
1785 2998 1967 3043 civiliter
1994 2998 2081 3042 iam
2111 3004 2260 3044 actum
2292 3006 2370 3054 est,
2411 3000 2694 3044 criminaliter
2722 3013 2819 3044 esse
2848 3014 2916 3044 re-

1908 3053 1962 3098 D.
1994 3054 2119 3112 prid.
2158 3055 2216 3099 id.
2258 3055 2356 3100 Ian.
2402 3055 2594 3100 lieviris
2641 3054 2826 3100 Valente
2875 3067 2918 3100 ν]

1582 3055 1833 3112 petendum.

2729 3115 2784 3164 [a.
2818 3115 2914 3165 378]

1583 3117 1628 3156 et
1667 3110 1981 3155 Valentiniano
2012 3121 2060 3153 Ι]
2082 3113 2173 3155 AA.
2207 3124 2349 3155 conss.

2130 3309 2368 3360 XXX11.²⁵

1684 3391 1761 3430 DE
1792 3389 2034 3429 ORIMINE
2063 3389 2392 3432 EXPILATAE
2421 3391 2815 3434 HEREm'rA‘rIS.

1640 3472 1661 3517 1
1708 3470 1853 3529 Impp.
1894 3470 2086 3517 Severus
2130 3480 2174 3518 et
2209 3473 2464 3518 Antoninus
2501 3474 2592 3518 ΛΑ.
2634 3473 2909 3531 Euphratae.

1581 3527 1818 3583 Expilatae
1867 3527 2039 3582 quidem
2074 3529 2328 3573 hereditatis
2370 3529 2531 3573 crimen
2571 3531 2785 3573 intentare
2823 3543 2910 3573 non

1580 3588 1728 3639 potes,
1769 3583 1943 3638 quando
1982 3586 2223 3630 communis
2260 3597 2390 3629 arcae
2418 3586 2552 3629 rebus
2581 3585 2790 3641 inspectis
2821 3585 2910 3628 cla-

1579 3651 1653 3682 ves
1697 3638 1884 3683 traditas
1930 3639 2132 3683 coheredi
2174 3640 2437 3697 profitearis.
2498 3641 2575 3684 sed
2615 3654 2713 3684 cum
2750 3641 2803 3684 de
2842 3640 2909 3684 his

1580 3693 1836 3738 exhibendis
1866 3695 1983 3750 apud
2012 3695 2198 3740 iudicem
2226 3702 2524 3753 quaereretur,
2554 3696 2765 3740 rationem
2793 3708 2909 3739 com-

1577 3749 1850 3807 pensationis
1879 3750 2030 3794 induci
2057 3764 2146 3795 non
2175 3753 2381 3810 oportuit.
2427 3751 2628 3795 exhibitis
2660 3752 2772 3795 enim
2798 3764 2910 3807 quae

1577 3806 1883 3850 desiderantur
1920 3806 2012 3850 suis
2049 3806 2270 3852 iudicibus
2299 3807 2465 3852 directa
2495 3807 2693 3862 quaestio
2725 3806 2907 3850 derelin-

1571 3945 1767 3986 Prochiro
1798 3945 1865 3994 39,
1899 3952 1916 3983 7
2046 3944 2118 3995 (13)
2146 3964 2203 3981 -ι
2234 3945 2307 3988 Th.
2344 3950 2379 3996 1,
2411 3954 2444 3995 6,
2476 3955 2496 3987 9
2640 3947 2711 3997 (14)
2738 3945 2773 3985 d.
2806 3959 2833 3984 v
2865 3946 2904 3985 k.

1570 4001 1659 4041 Ian.
1698 3999 1930 4040 Mediolani
1968 4002 2149 4052 [accepta
2173 4031 2292 4040 .....
2296 4003 2310 4051 ]
2354 4004 2445 4053 post
2487 4000 2744 4041 consulatum
2784 4001 2904 4041 Rico-

1570 4056 1692 4097 meris
1734 4058 1774 4096 et
1812 4054 2003 4095 Clearchi
2044 4059 2149 4107 (post
2180 4069 2288 4097 cons.
2321 4058 2392 4097 ric.
2425 4060 2466 4098 et
2494 4057 2545 4097 cl.
2577 4059 2787 4107 confirmat
2813 4057 2853 4098 T
2850 4058 2904 4106 Ιι.)

1570 4129 1647 4154 scr.
1707 4112 1779 4164 (15)
1811 4113 1865 4161 et]
1898 4110 1961 4151 vel
1992 4113 2032 4151 et
2058 4113 2147 4151 ΒΣ
2171 4115 2224 4159 (κ.
2253 4113 2332 4164 ππ),
2364 4113 2421 4153 ad
2446 4111 2515 4152 vel
2545 4114 2653 4154 ducit
2680 4114 2768 4153 ΒΣ
2799 4113 2903 4154 Civis

1570 4170 1642 4221 (16)
1674 4168 1719 4209 B
1744 4169 1810 4219 60,
1829 4175 1870 4208 61
1957 4167 2027 4218 (ιτ)
2056 4189 2110 4203 =
2146 4168 2217 4208 le.
2236 4170 2273 4219 9,
2291 4177 2346 4220 33,
2369 4178 2401 4209 ιε
2435 4170 2551 4221 iunqe
2579 4169 2654 4211 le.
2684 4171 2748 4220 11,
2773 4177 2831 4220 39,
2857 4177 2877 4209 9

1570 4227 1622 4279 cf.
1641 4225 1751 4274 adl,
1768 4232 1854 4274 41,1
1944 4223 2023 4275 (18)
2054 4225 2113 4265 sic
2129 4224 2261 4275 Lle.,
2291 4223 2509 4264 sustinebit
2532 4224 2604 4266 CR
2683 4225 2758 4276 (19)
2786 4226 2902 4278 iunye

1574 4284 1610 4331 1,
1641 4290 1674 4330 3,
1706 4287 1763 4321 27.
1799 4281 1833 4330 1,
1863 4288 1915 4330 12,
1941 4287 1959 4319 6
2098 4280 2176 4330 (2ο)
2206 4300 2261 4315 =
2293 4281 2366 4320 Th.
2398 4281 2436 4327 9,
2469 4288 2527 4331 20,
2557 4290 2571 4321 1
2601 4280 2646 4321 B
2678 4283 2744 4331 60,
2774 4288 2832 4330 62,
2863 4289 2901 4320 1:

1570 4339 1687 4388 iunye
1717 4337 1756 4386 4,
1784 4344 1837 4385 19,
1869 4343 1912 4376 24
2027 4337 2098 4386 (21)
2127 4335 2211 4375 sive
2239 4336 2355 4387 prius
2387 4367 2396 4376 .
2416 4366 2426 4377 .
2447 4367 2456 4377 .
2488 4338 2701 4376 moveatur
2731 4351 2801 4375 om.
2827 4335 2899 4376 Th.

1570 4394 1644 4442 (22)
1676 4394 1716 4431 61
1745 4390 1831 4429 sim.
1865 4404 1885 4430 6
1917 4393 2049 4431 601111.
2082 4407 2150 4431 om.
2188 4392 2260 4431 le.
2376 4392 2450 4441 (23)
2482 4393 2539 4432 sic
2570 4393 2664 4432 dett.
2695 4406 2776 4432 cum
2814 4391 2901 4442 Th„

1568 4448 1720 4487 inferre
1738 4446 1858 4487 LCR
1972 4448 2047 4498 (24)
2080 4450 2119 4486 61
2140 4446 2334 4499 plurima]
2366 4448 2406 4487 et
2428 4459 2519 4486 cum
2543 4459 2626 4486 una
2654 4449 2820 4499 excepta
2848 4446 2902 4486 sit

1568 4515 1688 4543 causa
1718 4502 1766 4542 de
1791 4501 1986 4553 moribus,
2018 4506 2197 4544 sescenta
2231 4502 2302 4544 Th.
2399 4503 2476 4554 (25)
2504 4503 2548 4543 Β
2578 4506 2644 4554 60,
2676 4512 2734 4553 29,
2756 4512 2773 4544 ‘1
2791 4518 2899 4556 seqq.

1567 4583 1619 4588 —-
1651 4560 1712 4612 Cf.
1743 4558 1844 4612 Diq.
1875 4560 1942 4610 47,
1976 4567 2013 4600 19

2511 4630 2565 4672 49
