3152 4784
213 148 314 201 Im
351 146 551 195 58--60

210 295 353 337 autem
378 288 575 332 venditor
598 298 683 328 non
710 283 914 325 vitiosum
944 283 1074 326 etiam
1103 281 1150 324 in
1178 279 1405 340 posterum
1429 274 1530 340 .fi‘:'¹'i

210 358 379 391 servum
415 346 578 385 temere
613 337 885 393 promiserit,
923 336 1118 393 quamvis
1146 336 1233 376 hoc
1259 330 1530 394 impossibile

209 414 303 445 esse
345 398 536 446 videtur,
591 391 831 436 secundum
873 391 1003 436 fidem
1040 396 1186 434 tamen
1230 384 1531 428 antecedentis

205 457 272 499 vel
313 454 356 497 in
403 447 641 494 continenti
683 446 828 489 secuti
869 448 994 511 pacti
1038 441 1225 499 experiri
1265 451 1402 504 posse
1441 452 1531 504 non

203 509 456 563 ambigitur:
505 501 768 559 posteriores
813 513 931 544 emm
969 512 1098 544 casus
1145 509 1234 540 non
1276 494 1530 548 venditoris,

205 571 229 610 2
295 564 372 607 sed
410 558 615 615 emptoris
652 555 895 611 periculum
934 555 1152 610 spectant.
1218 549 1387 614 Verum
1432 563 1531 593 cum

204 631 373 665 servum
409 628 535 671 quem
576 622 908 665 comparaveras
944 611 1002 652 ad
1031 621 1128 651 eum
1159 605 1236 662 qui
1265 606 1533 650 dlstraxerat

202 676 366 719 redisse
384 667 622 718 contendis,
650 666 783 708 iudex
808 668 1060 719 competens
1085 662 1360 718 perspectis¹
1391 662 1530 706 omni-

202 732 285 774 bus
315 741 391 782 pro
421 738 467 769 re
500 729 618 767 ertae
647 720 712 765 rei
741 719 957 776 qualitate
995 721 1195 774 proferre
1225 718 1403 762 curabit
1431 731 1531 762 sen-

201 786 394 829 tentiam.
460 738 552 823 ΞΡ.
584 778 679 821 11⁷²
713 774 756 819 lc.
787 773 898 819 Mai.
929 773 1137 819 Maximo
1168 785 1215 818 11
1246 779 1290 818 et
1317 774 1530 883 εἶραίέιέἒρ

202 852 341 883 conss.
1362 844 1402 874 a.

254 893 284 938 4
315 891 439 936 Idem
466 890 558 934 AA.
618 887 666 931 Si
695 885 926 942 praedium
962 887 1060 943 quis
1090 886 1173 930 sub
1205 898 1258 930 ea
1286 887 1384 941 lege
1413 899 1531 930 com-

197 946 434 1005 paraverit,
471 947 542 997 ut,
582 943 621 986 si
651 943 948 999 displicuerit,
983 943 1228 998 inemptum
1260 942 1355 996 erit,
1385 941 1431 985 id
1460 947 1532 986 ut-

197 1012 298 1060 pote
334 1002 415 1046 sub
457 998 715 1043 condicione
753 998 976 1042 venditum
1015 998 1177 1042 resolvi
1215 1003 1260 1042 et
1287 998 1530 1042 redhibito-

196 1061 302 1103 riam
355 1057 563 1100 adversus
615 1054 891 1098 uenditorem
943 1057 1194 1109 competere
1250 1054 1397 1109 palam
1450 1058 1530 1098 est.

199 1121 217 1159 1
284 1114 405 1157 Idem
444 1113 704 1156 observatur
741 1115 786 1154 et
823 1111 862 1154 si
899 1110 1119 1166 pestibilis
1157 1111 1347 1161 fundus,
1382 1109 1431 1153 id
1466 1116 1534 1153 est

195 1169 436 1226 pestibulas
472 1166 542 1211 vel
576 1167 740 1210 herbas
779 1165 1013 1210 letiferas³
1060 1166 1250 1219 habens,
1297 1167 1533 1220 ignorante

196 1229 389 1281 emptore
427 1223 664 1267 distractus
702 1222 781 1266 sit:
821 1235 924 1266 nam
957 1222 1005 1266 in
1034 1222 1120 1266 hoc
1150 1223 1282 1266 etiam
1313 1233 1422 1265 casu
1452 1235 1534 1278 per

195 1280 409 1380 εεηῖςθηῖη
416 1279 636 1323 actionem
680 1291 781 1322 eum
833 1291 1009 1334 quoque
1052 1278 1373 1322 redhibendum
1418 1290 1529 1322 esse.

196 1371 206 1380 .
238 1370 248 1381 .
312 1372 321 1380 .
404 1341 490 1379 art.

247 1390 277 1438 5
319 1393 337 1419 ⁴
366 1407 407 1436 m
435 1405 520 1450 pp.
565 1389 812 1434 Gratianus
861 1389 1205 1434 Valentinianus
1247 1394 1292 1434 et
1332 1389 1533 1435 Theodo-

192 1450 315 1493 sius-'³
343 1406 474 1492 ΑῘΑ.
506 1446 724 1491 Nebridio
752 1460 829 1504 pu.
887 1446 1054 1493 Habito
1084 1447 1220 1490 semel
1257 1446 1405 1490 bonae
1431 1445 1534 1490 fidei

196 1507 430 1549 contractu
457 1502 767 1558 mancipioque
796 1505 1006 1558 suscepto
1044 1507 1090 1546 et
1117 1502 1260 1558 pretio
1292 1503 1438 1546 soluto
1468 1502 1532 1545 ita

194 1560 366 1604 demum
401 1559 630 1615 repetendi
666 1558 800 1614 pretii
838 1561 1037 1615 potestas
1078 1562 1148 1602 est
1186 1559 1225 1602 ei
1258 1558 1336 1613 qui
1365 1559 1532 1602 manci-

193 1617 313 1672 pium
353 1615 678 1672 comparaverit
714 1614 962 1670 largienda‚
1004 1615 1042 1659 si
1077 1615 1187 1658 illud
1225 1614 1344 1670 quod
1374 1614 1535 1658 dixerit

191 1672 423 1728 fugitivum
436 1705 447 1723 ,
482 1672 648 1728 poterit
687 1671 907 1715 exhibere.
973 1671 1062 1715 hoc
1110 1671 1226 1714 enim
1266 1684 1355 1714 non
1392 1671 1534 1715 solum

191 1729 237 1771 in
276 1727 499 1781 barbaris,
537 1726 615 1771 sed
653 1727 784 1771 etiam
813 1726 861 1771 in
888 1726 1239 1783 provincialibus
1269 1726 1409 1771 servis
1437 1726 1535 1771 iure

192 1784 517 1841 praescriptum
558 1785 642 1828 est.
714 1782 770 1827 D.
810 1795 879 1827 ιιι
917 1782 961 1827 lc.
1007 1782 1094 1828 Iul.
1141 1782 1535 1841 Constantinopoli

195 1839 403 1885 Honorio
432 1854 509 1900 np.
540 1845 586 1885 et
613 1839 796 1884 Euodio
827 1852 972 1884 conss.
1342 1843 1400 1892 [a.
1434 1843 1530 1891 386]

755 2011 975 2060 LV1111.⁶

194 2095 270 2135 DE
307 2093 652 2135 MONOPOLIIS
691 2094 766 2134 ET
805 2094 882 2134 DE
923 2092 1230 2134 CONVENTU
1260 2093 1532 2134 NEGOTIA-

193 2151 385 2192 TORUM
421 2150 674 2191 ILLICITO
708 2149 823 2190 VEL
859 2149 1177 2189 ARTIFICUM
1212 2148 1533 2190 ERGOLABo-

193 2206 430 2253 RUMQUE
458 2205 572 2247 NEC
603 2207 721 2247 NON
755 2204 1181 2246 BALNEATORUM
1209 2204 1534 2245 PROHIBITIS

457 2262 844 2308 ILLICITISQUE
873 2260 1261 2302 PACTIONIBUS.

252 2345 276 2392 1
313 2341 668 2404 ἾΑὖτοκράτωρ
697 2345 836 2387 Λέων
863 2346 942 2396 Α.]
975 2374 1483 2386 .............
1522 2367 1530 2375 ·

196 2456 407 2502 ποειλίοις8
435 2459 487 2500 ἐν
515 2454 766 2511 οἱῳδήποτε
793 2454 922 2511 τόπῳ
954 2453 979 2510 ἢ
1009 2453 1136 2500 πόλει
1166 2447 1293 2497 οὖσιν
1320 2452 1534 2510 μηδεμιᾶς

194 2510 298 2568 ὕλης
324 2510 352 2568 ἢ
381 2511 637 2573 πράγματος
665 2509 917 2572 κεχρήσθω,
955 2509 1046 2568 μηδ
1052 2508 1063 2525 ’
1104 2507 1162 2554 ἂν
1191 2511 1324 2554 θεῖον
1353 2517 1534 2569 πορίση-

195 2586 272 2613 ται
309 2566 477 2622 τύπον,
517 2567 870 2627 ὑπεξῃρημένων
904 2570 1003 2611 τῶν
1039 2563 1176 2619 ἁλῶν,
1218 2564 1329 2624 μήτε
1368 2564 1536 2621 δεήσεις

200 2631 218 2669 1
264 2621 868 2684 ὖπαγορευετωῆἐπιδοῦναι
883 2621 1107 2679 τολμάτω.
1142 2619 1294 2668 Ὅπως
1313 2621 1369 2682 y&
1422 2639 1534 2667 παν-

197 2681 397 2734 ταχόθεν
425 2685 590 2737 βέβαια
626 2684 752 2736 με’νοι
789 2678 846 2723 τὰ
884 2679 1030 2723 καλῶς
1067 2676 1210 2722 οὕτως
1238 2682 1312 2722 καὶ
1342 2681 1537 2734 ευσεβῶς

198 2735 523 2792 βεβουλευμένα
574 2740 649 2778 καὶ
700 2736 1102 2791 νομοθετηθέντα,
1154 2733 1257 2778 οὐδὲ
1299 2733 1380 2777 τὸν
1423 2734 1537 2778 κατὰ

198 2790 354 2850 καιρὸν
389 2790 869 2850 μεγαλοπρεπέστατον
907 2796 1152 2848 κυαίστορα
1187 2788 1214 2844 ἢ
1250 2790 1352 2832 τούς
1383 2788 1538 2833 ἄλλους

201 2844 512 2897 ἐνδοξοτάτους
551 2845 767 2906 ἄρχοντας
809 2848 887 2889 τοῦ
933 2847 1065 2889 θείου
1105 2845 1325 2889 παλατιόυ
1365 2843 1392 2900 ἢ
1435 2845 1538 2889 τοὺς

201 2901 521 2960 περιβλέπτους
541 2900 837 2962 ἀντιγραφέας
870 2898 898 2956 ἢ
931 2902 1014 2945 τὸν
1038 2901 1340 2961 περίβλεπτον
1362 2915 1536 2945 σεκουν·

201 2956 407 3018 δοκήριον
443 2955 471 3012 ἢ
516 2955 819 3018 τερτιοκὴριον
857 2959 955 3001 τῶν
990 2956 1322 3017 λαμπροτάτων
1362 2956 1536 3016 τριβού-

199 3030 295 3056 νων
341 3011 369 3068 ἢ
410 3012 513 3058 τούς
556 3013 669 3057 κατὰ
714 3012 871 3074 καιρὸν
910 3013 1231 3073 περιβλέπτως
1275 3015 1322 3073 ῥε
1359 3012 1537 3071 ερενδα·

200 3074 317 3127 ρίους
355 3065 617 3129 ἀπειράτους
663 3069 894 3126 βασιλικῆς
936 3067 1151 3124 κινήσεως
1193 3086 1308 3112 κατα
1337 3075 1379 3112 εί
1415 3087 1537 3139 ομεν,

200 3126 238 3168 εἰ
272 3127 350 3169 τοῦ
390 3124 544 3170 λοιποῦ
583 3125 793 3170 τοιαύτας
829 3124 955 3169 τινας
989 3124 1330 3185 προσδέξωνται
1373 3084 1539 3180 §lenosis

200 3178 227 3235 ἣ
269 3178 458 3237 τοιούτῳ
502 3185 594 3225 τινὶ
637 3179 838 3237 σπουδὴν
882 3186 1255 3241 συνεισενεγκοιεν
1295 3178 1323 3236 ἢ
1371 3198 1537 3241 υπαγο·

202 3235 400 3295 &omes
433 3235 462 3293 ἢ
495 3235 906 3296 ὑποσημαινόμενοι
951 3235 978 3292 ἢ
1016 3242 1351 3297 σουγγεστίοσιν
1389 3255 1537 3297 κεχρη-

204 3382 253 3432 (ι)
282 3381 505 3434 prospectis
536 3381 631 3422 libri
770 3382 825 3433 (2)
852 3393 916 3421 xv
947 3381 1013 3422 vel
1039 3393 1107 3420 111
1140 3381 1187 3420 V
1322 3382 1376 3432 (3)
1405 3382 1465 3422 sic
1497 3379 1541 3433 G,

202 3436 427 3490 pestibulas
462 3435 528 3477 vel
564 3437 732 3477 herbam
770 3437 972 3478 letiferam
1007 3437 1061 3486 R,
1101 3435 1309 3490 pestiviles
1347 3435 1414 3477 vel
1448 3435 1541 3478 leti-

204 3494 310 3533 feras
348 3492 493 3532 herbas
534 3494 575 3533 in
615 3491 656 3532 V
685 3494 779 3546 leqit
808 3493 981 3533 Blulzme
1010 3495 1077 3533 vix
1106 3503 1232 3535 recte.-
1272 3492 1312 3534 εἰ
1339 3491 1539 3535 θανατο-

206 3542 585 3644 ῗόρουςΕβοτάιᾶας
612 3550 817 3601 κέκτηται
847 3549 1158 3645 Βὶῃιρεὲῐίνϋεε
1182 3549 1330 3590 herbas
1351 3548 1418 3645 νῗΙ
1445 3548 1540 3590 leti-

225 3617 312 3645 eras
393 3620 510 3645 ussar
540 3619 585 3644 us
744 3614 760 3644 4
810 3624 867 3639 ==
962 3635 971 3644 .
1031 3614 1152 3652 ‚41
1312 3616 1331 3647 5
1402 3618 1441 3645 m
1531 3637 1539 3646 .

205 3659 522 3701 Valentinianus
549 3606 801 3700 Theodoiigs
826 3662 866 3700 et
890 3637 1105 3701 Arcadius’
1126 3660 1197 3703 Th.
1282 3607 1398 3714 &B
1417 3618 1540 3713 1832

206 3719 260 3768 (7)
291 3731 322 3758 c.
354 3725 370 3758 1
413 3717 455 3757 in
492 3717 577 3756 solo
619 3717 658 3757 V
683 3725 812 3757 extat:
853 3718 1058 3770 inscriptio
1089 3727 1127 3759 et
1162 3719 1317 3772 initium
1355 3720 1542 3759 constitu-

208 3773 326 3814 tionis
362 3780 616 3813 evanuerunt.
655 3781 749 3826 post
777 3773 1085 3826 inscriptionem,
1116 3789 1234 3826 quam
1264 3790 1313 3816 ex
1339 3776 1541 3827 subscrip-

207 3830 311 3870 tione
347 3829 597 3878 restituimus,
633 3829 727 3882 plus
757 3829 885 3869 minus
914 3829 1204 3883 quinquaqinta
1246 3830 1400 3872 litteras
1437 3831 1542 3871 desi-

263 3993 410 4037 Lvm
441 3992 464 4039 1
511 3992 624 4052 Imp.
664 3993 756 4038 Leo
785 3994 826 4038 A
829 4028 1222 4039 ..........
1253 3994 1539 4053 monopoliis,

210 4062 325 4147 quae
353 4049 401 4092 in
430 4050 628 4107 quolibet
665 4050 763 4094 loco
795 4049 864 4094 vel
892 4050 1068 4095 civitate
1098 4051 1298 4096 obtinent
1322 4052 1413 4106 (?),
1442 4051 1540 4094 nul-

228 4105 298 4148 ius
325 4106 540 4148 materiae
569 4105 638 4150 vel
663 4106 730 4150 rei
759 4110 929 4158 utatur,
967 4120 1046 4150 nec
1073 4107 1113 4149 si
1140 4121 1319 4152 sacrum
1348 4106 1541 4164 rescrip-

213 4165 303 4203 tum
343 4166 603 4204 consecutus
629 4162 795 4218 fuerit,
834 4161 1003 4206 salibus
1031 4164 1246 4220 exceptis,
1285 4163 1354 4210 vel
1378 4175 1542 4229 preces

216 4221 259 4279 1·
292 4216 546 4274 suppeditet
582 4217 652 4261 vel
690 4218 856 4269 offerre
895 4223 1092 4261 conetur.
1151 4218 1267 4262 Nam
1296 4225 1422 4264 utin
1451 4231 1542 4262 om-

212 4270 341 4315 nibus
373 4278 462 4315 tam
491 4271 599 4316 bene
641 4278 685 4316 et
719 4274 800 4331 pie
843 4273 1022 4318 decreta
1065 4275 1395 4332 constitutaque
1438 4279 1543 4319 rata

212 4333 435 4380 maneant,
468 4341 524 4371 ne
551 4328 768 4373 illustrem
793 4329 969 4386 quidem
984 4342 1077 4386 pro
1111 4335 1305 4388 tempore
1335 4337 1542 4388 quaesto·

213 4395 304 4425 rem
326 4381 394 4427 vel
415 4383 614 4447 reliquos
637 4384 987 4440 qloriosissimos
1005 4385 1126 4428 sacri
1141 4386 1311 4449 palatii
1323 4398 1545 4444 proceres

215 4437 283 4479 vel
318 4437 582 4494 spectabiles
620 4440 825 4484 notarios
862 4440 931 4484 vel
965 4453 988 4482 s
1021 4439 1249 4484 ectabzlem
1277 4442 1543 4486 secundoce-

216 4491 330 4535 rium
360 4493 428 4537 vel
454 4495 753 4538 tertiocerium
776 4494 953 4553 splendi
985 4496 1237 4539 zssimorum
1264 4497 1542 4541 tribunorum

219 4545 286 4587 vel
314 4549 573 4603 spectabiles
593 4564 686 4607 pro
721 4556 916 4614 tempore
939 4550 1275 4607 referendarios
1297 4553 1543 4610 imperialis

222 4606 364 4643 motus
401 4612 606 4659 expertes
645 4620 737 4649 esse
766 4620 981 4658 sinemus,
1019 4607 1059 4648 si
1089 4606 1135 4646 in
1166 4615 1399 4663 posterum
1429 4608 1540 4651 eius—

1532 122 1626 183 186

2499 139 2574 178 DE
2609 141 2954 180 MONOPOLIIS

1765 267 1817 369 ai
1839 269 2547 379 {bizantiensis
2582 281 2955 378 {wetere

1615 379 1856 448 παλατῖνοι
1879 381 1972 450 εἴτε
1989 346 2123 440 dil-gg
2145 348 2380 445 orgaz-etas
2398 363 2502 438 εἶεν,
2522 349 2775 442 ossffffn
2794 352 2954 448 τιρόσιτῳ

1614 453 1791 480 τοιουτο
1829 453 2074 496 γράφοντες
2111 438 2138 496 ἢ
2179 439 2462 485 διδάσκοντες
2497 438 2525 495 ἢ
2560 442 2705 488 ἄλλως
2738 445 2955 504 γίνεσθαι

1615 488 1941 546 σπουδάζοντες
1968 491 2223 562 ’ἀφαίρεσιν
2262 495 2406 552 ζώνης
2447 502 2522 541 καὶ
2557 497 2708 542 οὐσίας
2745 498 2954 568 δυστυχή-

1617 554 1641 592 3
1685 562 1853 616 σουσιν.
1904 553 2052 603 Taua-a
2078 558 2232 598 τοίνυν
2261 551 2390 597 εἰδώς
2418 554 2601 597 ἕκαστος
2622 555 2720 598 τῶν
2741 551 2957 609 &nmmo

1616 607 1665 647 ἐκ
1693 618 1858 658 ταυτης
1884 601 2014 662 ἡμῶν
2039 609 2119 663 τῆς,
2144 610 2416 666 νομοθεσίας
2442 607 2526 663 τὴν
2555 615 2812 670 παρρησίαν
2839 611 2958 665 ἔχων

1616 657 1693 705 ἐπ’
1739 656 1901 729 ἀτδείας,
1927 659 2164 723 κεχρῆσθαι
2195 670 2285 709 τοῖς
2313 669 2416 726 περὶ
2444 662 2623 708 τούτων
2651 664 2847 712 συναλλά
2872 681 2956 723 μιν

1617 732 1703 768 σιν,
1744 732 1812 759 ων
1853 721 1998 761 ουκέτι
2041 717 2229 765 κώλυσίς
2271 724 2409 765 ἐστιν.
2480 720 2575 765 ΡΡ.
2615 733 2686 766 ΙΙΙ
2723 722 2784 767 id.
2857 721 2947 773 'ebt

1616 772 1766 816 Leone
1794 774 1845 816 A.
1885 785 1916 816 V
1939 787 2060 819 cons.
2761 782 2820 830 [a.
2851 780 2954 830 473]

1674 826 1705 893 2
1737 825 1946 894 (1)·Imp.
1977 829 2099 876 Zeno
2122 833 2174 876 Α.
2203 833 2496 878 Constantino
2519 847 2603 900 pu.
2659 833 2958 887 Iubemus,ne

1617 897 1715 949 qu1s
1760 896 2078 951 culuscumque
2119 889 2255 932 vestis
2299 893 2381 934 aut
2432 891 2568 945 piscis
2610 890 2680 933 vel
2733 889 2958 954 pectinum

1616 942 1733 983 torte
1762 942 1842 984 aut
1870 941 2016 985 echini
2039 944 2109 987 vel
2138 945 2376 989 cuiuslibet
2404 947 2586 989 alterius
2617 946 2674 988 ad
2698 951 2868 989 uictum
2885 945 2960 989 uel

1617 996 1675 1062 ad
1714 1007 2033 1062 quemcumque
2060 1013 2190 1043 usum
2224 1001 2486 1055 pertinentis
2517 1001 2680 1057 speciei
2709 1001 2778 1045 vel
2808 999 2958 1045 cuius—

1616 1053 1725 1095 hbet
1740 1054 1952 1096 materiae
1972 1067 2054 1109 pro
2082 1068 2163 1098 sua
2179 1057 2460 1109 auctoritate,
2477 1059 2546 1101 vel
2561 1071 2690 1101 sacro
2706 1057 2795 1101 iam
2810 1055 2959 1100 elicito

1617 1111 1697 1152 aut
1735 1109 1782 1151 in
1817 1110 2046 1164 posterum
2082 1111 2298 1156 eliciendo
2328 1114 2546 1169 rescripto
2577 1116 2658 1157 aut
2684 1112 2961 1170 pragmatica

1618 1167 1851 1208 sanct10ne
1893 1165 1962 1208 vel
2012 1178 2145 1210 sacra
2195 1173 2376 1212 nostrae
2428 1170 2611 1225 pietatis
2658 1167 2960 1219 adnotatione,

1617 1220 1918 1276 monopolium
1957 1221 2124 1266 audeat
2153 1235 2380 1277 exercere,
2418 1238 2526 1269 neve
2555 1226 2654 1281 quis
2684 1224 2853 1270 illicitis
2879 1223 2960 1267 ha-

1619 1277 1723 1320 bitis
1768 1277 2134 1321 conventionibus
2181 1279 2436 1323 coniuraret
2484 1284 2564 1325 aut
2613 1282 2917 1337 pacisceretur
2929 1280 2960 1333 ⁹,

1618 1335 1669 1376 ut
1707 1332 1879 1388 species
1918 1332 2191 1377 diversorum
2237 1348 2473 1391 corporum
2511 1337 2825 1392 negotiationis
2871 1347 2960 1386 non

1616 1388 1822 1440 minoris,
1874 1401 2007 1445 quam
2060 1389 2178 1433 inter
2229 1402 2276 1434 se
2323 1392 2583 1446 statuerint,
2626 1392 2961 1442 venumdentur.

1621 1450 1639 1487 1
1700 1444 2019 1489 Aedificiorum
2055 1459 2230 1502 quoque
2268 1446 2464 1491 artifices
2502 1449 2571 1492 vel
2615 1446 2812 1504 ergolabi
2852 1445 2962 1495 alio-

1617 1513 1803 1557 rumque
1842 1501 2113 1546 diversorum
2150 1515 2334 1558 operum
2375 1503 2655 1559 professores
2699 1506 2746 1548 et
2781 1503 2962 1555 balae&-

1617 1561 1738 1602 tores
1777 1557 1955 1613 penitus
1994 1563 2237 1602 arceantur
2270 1562 2406 1615 pacta
2444 1559 2564 1605 inter
2601 1573 2650 1605 se
2686 1570 2962 1626 componete,

1618 1617 1669 1657 ut
1706 1627 1762 1657 ne
1792 1614 1891 1670 quis
1931 1614 2050 1670 quod
2080 1615 2208 1658 alteri
2239 1616 2518 1659 commissum
2550 1616 2609 1661 sit
2638 1628 2753 1672 opus
2779 1614 2964 1673 impleat

1618 1674 1698 1714 aut
1723 1670 1970 1714 iniunctam
2000 1671 2133 1714 alteri
2158 1670 2502 1716 sollicitudinem
2528 1673 2644 1717 alter
2670 1670 2960 1727 intercapiat:

1618 1727 1725 1770 data
1763 1726 1948 1770 licentia
1986 1727 2139 1771 unicui
2169 1739 2226 1771 ue
2267 1729 2324 1774 ab
2354 1728 2496 1773 altero
2526 1729 2787 1773 inchoatum
2814 1730 2862 1772 et
2888 1725 2959 1771 de-

1617 1783 1822 1827 relictum
1858 1795 1972 1839 opus
2011 1795 2092 1839 per
2129 1795 2157 1826 a
2175 1785 2322 1828 terum
2361 1783 2458 1828 sine
2494 1784 2643 1841 aliquo
2682 1785 2841 1830 timore
2874 1782 2963 1829 dis-

1616 1838 1770 1895 pendii
1796 1838 1978 1895 implere
2008 1838 2214 1895 omnique
2230 1841 2263 1866 ¹⁰
2291 1840 2547 1885 huiusmodi
2567 1841 2771 1885 facinora
2794 1839 2964 1887 denun-

1616 1895 1757 1939 tiandi
1786 1895 1881 1938 sine
1919 1895 2011 1938 ulla
2038 1895 2274 1939 formidine
2303 1899 2350 1940 et
2379 1897 2475 1940 sine
2503 1897 2748 1941 iudiciariis
2778 1894 2964 1951 sumpti·

1618 1955 1644 1995 2
1702 1951 1799 1995 bus.
1873 1950 1921 1994 Si
1965 1950 2063 2006 quis
2108 1954 2258 1994 autem
2303 1953 2605 2009 monopolium
2648 1965 2786 1998 ausus
2829 1950 2968 1995 fuerit

1618 2019 1839 2060 exercere,
1879 2008 2009 2052 bonis
2038 2007 2483 2063 propriis'spoliatus
2513 2009 2813 2064 perpetuitate
2842 2006 2964 2050 dam-

1619 2068 1643 2105 3
1712 2068 1843 2107 netur
1880 2062 2014 2107 exilii.
2084 2063 2342 2107 Ceterarum
2377 2068 2610 2121 praeterea
2638 2063 2967 2121 professionum

1617 2119 1830 2175 primates
1870 2119 1912 2163 si
1944 2120 1991 2162 in
2026 2123 2255 2175 posterum
2294 2123 2374 2164 aut
2409 2134 2544 2176 super
2581 2121 2788 2164 taxandis
2817 2130 2966 2164 rerum

1649 2175 1773 2219 retiis
1818 2179 1899 2219 aut
1941 2187 2075 2231 super
2120 2176 2393 2231 quibuslibet
2434 2176 2601 2220 illicitis
2643 2175 2823 2232 placitis
2866 2173 2967 2221 ausi

1638 2232 1786 2276 uerint
1817 2232 2130 2276 convenientes
2161 2231 2416 2276 huiusmodi
2445 2245 2543 2276 sese
2570 2232 2718 2288 pactis
2743 2229 2965 2280 constrin-

1646 2300 1718 2331 ere
1731 2320 1741 2340 ,
1781 2287 2103 2343 quinquaginta
2137 2287 2353 2332 librarum
2392 2289 2491 2331 auri
2529 2288 2750 2332 solutione
2784 2285 2966 2344 percelli

1618 2301 1919 2387 {enemimum
1959 2342 2110 2387 officio
2139 2346 2247 2386 tuae
2276 2343 2392 2388 sedis
2423 2344 2720 2400 quadraginta
2748 2344 2966 2388 librarum

1620 2399 1720 2443 auri
1760 2398 2126 2444 condemnatione
2162 2399 2414 2455 multando,
2453 2400 2493 2444 si
2529 2400 2576 2444 in
2604 2400 2842 2456 prohibitis
2870 2410 2964 2445 mo-

1619 2455 1809 2511 nopoliis
1853 2457 1899 2499 et
1937 2454 2185 2499 interdictis
2232 2469 2468 2512 corporum
2517 2457 2799 2512 pactionibus
2844 2467 2964 2501 com-

1619 2513 1778 2556 missas
1817 2511 1953 2563 forte,
1993 2511 2031 2555 si
2069 2511 2156 2555 hoc
2194 2512 2407 2568 evenerit,
2439 2513 2755 2557 saluberrimae
2782 2514 2966 2557 nostrae

1621 2567 1927 2624 dispositionis
1958 2567 2349 2613 condemnationes
2375 2569 2615 2613 venalitate
2643 2567 2864 2613 interdum
2887 2570 2967 2612 aut

1620 2623 1973 2668 dissimulatione
2016 2624 2086 2667 vel
2129 2625 2328 2679 quolibet
2368 2624 2473 2669 vitio
2522 2625 2670 2670 minus
2712 2625 2848 2668 fuerit
2888 2637 2966 2669 ex-

1619 2683 1836 2725 secutum.
1904 2678 1961 2723 D.
1993 2680 2154 2722 „xva”
2194 2680 2236 2724 lc.
2270 2679 2370 2724 Ian.
2397 2685 2514 2740 post
2541 2680 2825 2726 consulatum
2855 2679 2962 2725 Iro-

1621 2736 1851 2780 οοηαῖαε.12
2775 2741 2833 2790 [a.
2863 2734 2965 2787 483]

2223 2850 2367 2900 LX.¹³

2090 2934 2168 2974 DE
2198 2933 2489 2974 NUNDINIS.

1680 3012 1705 3061 1
1751 3012 1898 3073 Impp.
1950 3013 2293 3060 Valentinianus
2330 3020 2376 3060 et
2413 3014 2580 3060 Valens
2616 3016 2709 3059 ΛΑ.
2752 3014 2815 3059 ad
2849 3013 2966 3059 Pro-

1621 3069 1723 3114 bum
1744 3085 1828 3129 pp.
1889 3070 1973 3126 Qui
2013 3072 2358 3116 exercendorum
2392 3074 2670 3116 mercatuum
2698 3073 2780 3115 aut
2806 3069 2966 3115 nundi-

1622 3136 1779 3170 narum
1835 3127 2062 3171 licentiam
2109 3129 2177 3171 vel
2226 3131 2423 3172 veterum
2475 3128 2648 3171 indulto
2690 3128 2760 3171 vel
2813 3131 2979 3180 nostra,

1622 3183 1891 3226 auctoritate
1920 3186 2189 3237 meruerunt,
2219 3184 2284 3227 ita
2311 3183 2528 3229 beneficio
2558 3182 2766 3240 rescripti
2792 3183 2967 3249 potian-

1621 3242 1719 3293 tur,
1761 3244 1811 3282 ut
1849 3240 2020 3297 nullum
2057 3239 2106 3283 in
2141 3241 2411 3284 mercatibus
2427 3241 2462 3267 ¹⁴
2501 3242 2635 3296 atque
2673 3239 2881 3283 nundinis
2912 3250 2967 3283 ex

1623 3381 1764 3422 derari
1799 3396 1849 3422 ex
1886 3381 1927 3421 V
1951 3390 2149 3434 apparet:
2190 3382 2335 3434 quibus
2375 3382 2423 3422 de
2461 3389 2650 3422 conventu
2680 3381 2966 3434 neqotiatorum

1625 3438 1767 3478 illicito
1798 3445 1926 3478 actum
1958 3452 2042 3478 esse
2071 3452 2119 3478 ex
2147 3438 2312 3478 rubrica
2336 3438 2525 3489 conicias,
2556 3452 2639 3478 cum
2670 3438 2755 3478 eius
2777 3452 2903 3491 neque
2925 3438 2967 3478 in

1620 3502 1741 3546 parte
1771 3508 1802 3534 c.
1821 3502 1838 3535 1
1869 3508 1972 3546 quae
2003 3501 2113 3534 extat
2141 3508 2267 3546 neque
2297 3494 2338 3534 in
2369 3508 2400 3533 c.
2419 3502 2439 3534 2
2469 3494 2611 3533 mentio
2629 3494 2720 3544 fiat
2803 3491 2860 3544 (8)
2888 3506 2966 3546 μο·

1624 3545 1863 3591 νοπωλίοις
1891 3549 2067 3590 Bluhme
2153 3550 2210 3600 (9)
2240 3550 2299 3589 sic
2333 3548 2428 3589 VM
2448 3563 2533 3589 cum
2563 3548 2621 3598 B,
2651 3548 2870 3589 coniurare
2893 3550 2969 3588 aut

1623 3605 1777 3658 pacisci
1816 3604 1889 3646 CR
2002 3605 2078 3655 (10)
2109 3606 2169 3645 sic
2208 3604 2331 3644 VaRa
2362 3620 2446 3644 cum
2486 3604 2543 3655 B,
2576 3604 2795 3656 omniaque
2833 3600 2966 3654 1⁷⁶3»,

1624 3661 1896 3712 omnibusque
1915 3659 1950 3701 0
2004 3660 2074 3712 (11)
2089 3673 2188 3700 xvn
2205 3660 2254 3711 V,
2269 3660 2409 3700 va
2459 3659 2534 3711 (12)
2549 3663 2642 3712 post
2657 3673 2767 3701 cons.
2777 3659 2967 3701 trocondi

1625 3718 1871 3768 Hermann,
1898 3729 1957 3756 aa.
1986 3728 2114 3756 conss.
2141 3715 2339 3757 troconde
2364 3716 2413 3766 V,
2438 3718 2540 3756 trac.
2568 3716 2609 3757 P
2683 3718 2758 3769 (13)
2786 3714 2849 3763 Cf.
2864 3715 2965 3770 Diq.

1628 3778 1694 3826 50,
1725 3782 1760 3815 ιι
1889 3773 1962 3823 (14)
1990 3773 2050 3813 sic
2076 3772 2132 3823 R,
2161 3772 2440 3813 mercantibus
2478 3771 2591 3813 VPC

1625 3993 1749 4039 modi
1767 3994 2017 4052 petitiones
2043 3993 2325 4052 susceperint
2351 3991 2422 4038 vel
2453 3991 2592 4035 alicui
2618 4003 2772 4036 eorum
2802 4003 2966 4048 operas

1627 4049 2064 4095 accommodaverim
2083 4050 2175 4095 sive
2196 4047 2528 4108 suppeditando
2549 4048 2642 4091 sive
2657 4045 2963 4103 subsiqnando

1626 4106 1720 4151 sive
1747 4105 2112 4164 suqqestionibus
2140 4105 2307 4150 utendo
2337 4104 2428 4148 sive
2457 4102 2585 4147 aliud
2603 4115 2742 4159 qrave
2764 4114 2963 4145 necessa-

1628 4166 1652 4205 2
1711 4162 1882 4206 riumve
1910 4162 2201 4219 conferendo.
2252 4159 2340 4215 Qui
2368 4164 2517 4203 autem
2545 4158 2610 4202 eis
2638 4156 2848 4201 adsident
2873 4157 2967 4202 sive

1628 4218 1907 4262 memoriales
1934 4218 2026 4263 sive
2046 4217 2247 4277 palatini
2276 4217 2369 4260 sive
2398 4214 2516 4258 alius
2543 4213 2750 4265 militiae,
2783 4212 2825 4256 si
2876 4225 2966 4277 ‘uo-

1628 4287 1718 4331 quo
1758 4274 1892 4318 modo
1936 4275 2025 4319 tale
2063 4273 2175 4331 quid
2209 4271 2412 4317 scribant
2447 4269 2517 4315 vel
2542 4273 2977 4333 suqqerantoaiooe

1627 4328 1776 4383 modo,
1807 4334 1860 4374 ut
1881 4330 1983 4386 fiat,
2015 4343 2200 4388 operam
2229 4327 2444 4379 dederint,
2483 4325 2650 4383 cinquti
2673 4329 2964 4382 patrimonii-

1628 4389 1653 4429 3
1735 4399 1822 4443 que
1872 4387 2112 4430 amissione
2155 4384 2426 4444 plectentur.
2505 4379 2707 4444 Quorum
2749 4391 2966 4444 memores

1629 4454 1782 4486 omnes
1808 4441 1998 4494 subditi,
2039 4455 2137 4486 cum
2175 4439 2263 4484 hac
2295 4443 2455 4482 nostra
2494 4435 2776 4493 leqislatrone
2813 4448 2878 4480 eis
2915 4433 2965 4478 lu·

1629 4502 1741 4550 ceat,
1762 4510 1857 4556 pro
1888 4497 2030 4542 lubitu
2057 4497 2128 4541 liis
2156 4492 2471 4545 contractibuS,
2502 4492 2581 4549 qui
2602 4505 2695 4535 non
2711 4491 2803 4534 iam
2830 4489 2963 4535 inter-

1629 4553 1738 4598 dicti
1765 4558 1885 4607 sunt,
1915 4558 2115 4597 utantur.
