3138 4776
161 161 236 200 DE
271 155 742 199 REPUTATIONIBUS

216 294 245 343 3
288 295 355 341 Im
392 331 400 339 .
432 294 712 340 lastinianus
745 293 796 338 A.
828 289 1022 357 Iollanm
1046 306 1127 352 pp.
1189 294 1298 339 Cum
1331 294 1494 340 scimus

158 365 255 398 esse
285 352 344 396 du
376 353 531 396 itatum
562 351 616 395 de
643 348 1018 402 restitutiombUS,
1060 363 1171 404 quae
1204 352 1248 394 in
1278 352 1494 407 integrum

156 409 458 466 postulantur,
512 407 601 452 sive
648 403 949 451 tantummodo
990 405 1109 460 apud
1158 406 1366 460 iudicem,
1423 407 1494 450 cui

157 465 304 521 aliqua
330 464 572 508 iurisdictio
603 466 683 515 est,
714 459 953 504 examinari
988 473 1061 504 eas
1092 467 1287 517 oportet,
1329 464 1419 507 sive
1449 465 1494 505 et

157 521 276 578 apud
303 520 527 576 pedaneos
555 518 736 570 iudices,
767 516 856 560 sive
882 528 958 580 033
987 518 1176 562 minores
1192 519 1342 574 viginti
1367 516 1492 575 quiu-

157 589 244 633 que
286 577 413 620 annis
457 573 664 632 petierint
703 573 794 618 sive
836 584 1046 625 malores,
1092 575 1332 618 secundum
1377 571 1494 630 quod

157 631 452 677 anterioribus
484 629 784 675 sanctionibus
814 628 882 671 vel
910 628 1069 672 veteris
1099 630 1205 673 iuris
1235 630 1303 674 vel
1331 627 1492 673 nostris

158 688 428 733 declaratum
464 691 550 731 est:
590 684 807 729 sancimus
843 696 933 727 non
976 685 1117 728 solum
1162 685 1282 742 apud
1326 683 1492 729 iudices

156 758 238 801 pro
266 743 477 788 tribunali
513 739 760 786 huiusmodi
791 751 953 783 causae
991 741 1260 796 cognitiones
1290 737 1492 798 proponi,

157 800 235 845 sed
278 800 408 844 etiam
451 797 570 854 apud
611 809 686 840 eos
715 794 904 847 iudices,
952 809 1062 850 quos
1102 799 1290 853 augusta
1328 794 1494 840 dederit

155 857 363 900 maiestas
392 858 470 899 aut
497 857 673 897 nostrae
702 851 767 895 rei
789 851 997 907 publicae
1026 852 1403 896 administratores
1426 848 1494 894 vel

155 912 202 956 in
240 912 325 956 hac
361 909 479 976 regia
518 907 695 952 civitate
730 907 799 950 vel
835 907 881 950 in
919 909 1170 963 provinciis,
1210 913 1260 952 ut
1296 907 1494 951 videatur

155 967 264 1024 ipse,
307 966 381 1023 qui
407 964 594 1009 iudicem
625 963 929 1015 destinaverit,
969 967 1125 1020 utpote
1163 978 1244 1019 pro
1283 960 1494 1007 tribunali

158 1034 426 1080 cog-noscens
455 1022 500 1064 et
527 1019 573 1062 in
601 1019 816 1074 integrum
846 1019 951 1063 dare
971 1020 1291 1064 restitutionem
1321 1023 1365 1062 et
1388 1029 1491 1080 cau·

155 1092 229 1124 sas
271 1079 364 1123 eius
409 1076 683 1120 examinare:
734 1075 796 1119 310
841 1076 1003 1119 etenim
1046 1089 1135 1119 non
1179 1075 1367 1120 difficilis
1411 1075 1494 1116 ent

161 1140 176 1178 1
237 1145 468 1178 causarum
499 1131 775 1175 examinatio.
836 1131 923 1175 Sed
954 1143 1012 1175 ne
1042 1132 1139 1187 quis
1168 1133 1232 1175 ita
1261 1130 1398 1174 effuse
1426 1128 1491 1171 in-

152 1189 375 1234 tellectum
415 1192 594 1232 nostrae
633 1187 961 1231 constitutionis
1001 1188 1163 1231 audeat
1192 1199 1287 1231 esse
1315 1185 1491 1228 trahen-

152 1245 279 1298 dum,
332 1248 384 1287 ut
426 1244 558 1288 etiam
607 1243 724 1298 apud
768 1243 1174 1298 compromissarios
1216 1241 1382 1286 iudices
1425 1239 1493 1282 vel

151 1300 342 1345 arbitros
372 1313 428 1344 ex
456 1299 674 1344 communi
703 1299 921 1343 sententia
958 1301 1121 1343 electos
1151 1299 1219 1342 vel
1255 1295 1374 1362 apud
1401 1307 1492 1346 003,

152 1357 227 1413 qui
265 1357 430 1400 dantur
458 1369 486 1399 a
512 1355 753 1409 iudicibus,
795 1356 870 1410 qui
897 1355 1122 1411 propriam
1149 1353 1492 1398 iurisdictionem

71 1435 75 1439 -
150 1426 240 1457 non
274 1412 459 1464 habent,
500 1411 578 1456 sed
616 1411 918 1455 tantummodo
954 1410 1180 1454 iudicandi
1222 1409 1491 1459 facultatem,

150 1472 277 1525 putet
303 1468 556 1512 huiusmodi
585 1467 760 1511 extendi
790 1467 1083 1517 sanctionem,
1126 1479 1225 1510 cum
1253 1466 1335 1509 hos
1363 1475 1492 1520 genc-

151 1525 303 1570 raliter
339 1525 541 1568 volumus
579 1524 690 1567 tales
730 1535 887 1566 causas
918 1521 1138 1575 dirimere,
1179 1520 1255 1576 qui
1292 1519 1360 1564 vel
1399 1531 1492 1563 cer-

150 1585 223 1625 tae
248 1579 630 1630 administrationi,
663 1579 734 1622 cui
759 1581 803 1621 et
822 1577 1067 1621 iurisdictio
1085 1577 1297 1620 adhaeret
1310 1580 1336 1630 ¹,
1363 1587 1492 1631 prae-

149 1635 282 1693 positi
321 1639 427 1679 sunt
463 1635 532 1678 vel
571 1635 626 1678 ab
663 1633 733 1678 his
762 1633 927 1676 fuerint
957 1632 1072 1684 dati,
1113 1636 1159 1676 et
1186 1632 1326 1675 multo
1356 1631 1493 1685 magis

149 1692 188 1736 si
223 1704 252 1734 a
289 1694 442 1734 nostra
469 1689 699 1734 maiestate
729 1689 927 1744 delegata
967 1688 1029 1731 eis
1061 1701 1298 1731 causarum
1327 1687 1385 1731 sit
1412 1699 1492 1730 au-

148 1750 174 1791 2
233 1745 408 1790 dientia.
480 1745 567 1788 Sed
596 1756 652 1788 ne
681 1744 784 1799 quid
822 1744 999 1799 penitus
1040 1743 1330 1786 dubitandum
1360 1742 1492 1786 relin-

147 1807 319 1858 quatur,
350 1805 394 1845 et
421 1800 507 1844 hoc
536 1799 785 1843 addendum
815 1812 912 1843 esse
943 1812 1184 1849 censemus,
1219 1803 1270 1842 ut
1300 1799 1360 1843 eis
1390 1803 1491 1841 tan-

143 1863 238 1903 tum
267 1869 376 1912 quos
407 1869 541 1954 sugra
571 1855 918 1899 enumeravimus
946 1855 1082 1898 liceat
1116 1854 1170 1898 de
1198 1855 1244 1898 in
1273 1855 1492 1910 integrum

143 1912 423 1957 restitutione
486 1912 714 1967 ‘sceptare,
751 1911 840 1954 sive
869 1911 956 1954 hoc
985 1911 1237 1966 specialiter
1267 1912 1328 1954 eis
1358 1910 1494 1954 fuerit

135 1968 410 2021 mandatum,
443 1968 561 2024 quod
590 1972 636 2011 01
663 1967 883 2012 veteribus
913 1980 1003 2011 non
1033 1967 1182 2011 fuerat
1203 1967 1491 2022 incognitum,

143 2025 212 2068 vel
250 2024 287 2068 si
324 2023 588 2079 generaliter
614 2023 780 2067 iudices
811 2022 900 2066 dati
930 2027 1048 2078 sunt,
1087 2023 1157 2068 vel
1185 2022 1231 2066 in
1262 2023 1360 2067 aliis
1391 2036 1491 2079 spe-

144 2081 317 2131 ciebus,
357 2079 562 2124 inciderit
597 2083 744 2124 autem
774 2079 988 2135 quaedam
1018 2079 1218 2135 quaestio
1248 2079 1491 2124 restitutio-

143 2137 223 2181 nis.
283 2135 336 2180 D.
369 2147 438 2180 III
471 2134 515 2179 lc.
547 2134 670 2193 Sept.
712 2134 1107 2194 Constantinopoli
1139 2141 1248 2194 post
1285 2136 1492 2180 consula-

146 2197 236 2237 tum
265 2190 506 2250 Lampadii
535 2197 578 2236 et
611 2191 796 2238 Orestae
824 2205 888 2237 vv.
921 2204 983 2236 ce.
1303 2196 1360 2245 [a.
1393 2195 1491 2244 531]

464 2335 743 2383 xxxxvn
780 2313 1162 2396 (X‘xxxvm).²

151 2417 223 2457 DE
251 2415 752 2467 REPUTATIONIBUS‚
792 2416 943 2462 QUAE
973 2415 1149 2457 FIUNT
1179 2415 1242 2455 IN
1274 2414 1490 2456 IUDICIO

383 2471 448 2512 IN
475 2471 775 2512 INTEGRUM
804 2471 1244 2513 RESTITUTIONIS.

204 2552 228 2600 1
268 2551 382 2612 Imp.
422 2551 614 2598 Severus
651 2554 702 2596 A.
748 2552 952 2597 Tatiano.
1020 2553 1105 2608 Qui
1149 2553 1399 2596 restituitur
1446 2553 1491 2595 in

146 2610 378 2665 integrum,
419 2609 535 2653 sicut
562 2609 608 2652 in
637 2609 796 2653 damno
827 2609 990 2653 morari
1019 2622 1108 2652 non
1138 2609 1282 2661 debet,
1316 2609 1382 2652 ita
1410 2622 1492 2652 nec

145 2667 191 2710 in
228 2667 374 2710 lucro:
413 2670 458 2708 et
495 2664 594 2709 ideo
632 2665 842 2721 quidquid
878 2665 935 2709 ad
975 2677 1074 2708 eum
1113 2665 1314 2721 pervenit
1341 2665 1409 2708 vel
1440 2677 1492 2708 ex

146 2735 214 2767 em
245 2721 364 2765 tione
406 2721 474 2764 vel
519 2733 572 2764 ex
614 2721 865 2765 venditione
906 2722 974 2764 vel
1019 2734 1073 2764 ex
1118 2721 1204 2764 alio
1245 2724 1491 2773 contractu,

149 2782 167 2822 1
261 2789 312 2821 oc
340 2775 471 2820 debet
500 2777 744 2820 restituere.
795 2777 882 2820 Sed
910 2781 955 2820 et
984 2777 1023 2820 si
1052 2777 1321 2821 intercessor
1349 2777 1493 2821 minor

143 2833 295 2889 viginti
334 2833 528 2888 quinque
566 2833 692 2877 annis
722 2833 979 2885 intervenit,
1019 2833 1066 2876 in
1103 2836 1293 2877 veterem
1322 2832 1491 2876 debito-

142 2893 170 2934 2
227 2901 320 2932 rem
349 2888 479 2932 debet
506 2889 679 2932 restitui
709 2889 839 2932 actio.
889 2889 975 2933 Sed
1007 2891 1051 2933 et
1081 2902 1181 2932 cum
1211 2889 1322 2933 adiit
1349 2888 1493 2932 minor

143 2945 430 2990 hereditatem
461 2949 504 2988 et
532 2945 802 2996 restituitur,
843 2958 944 2989 mox
980 2945 1191 3002 quidquid
1222 2945 1278 2988 ad
1309 2958 1408 2988 eum
1437 2957 1492 2988 ex

145 3005 170 3045 3
228 3001 471 3044 hereditate
509 3000 727 3056 pervenit,
769 3001 899 3044 debet
932 3005 1176 3057 praestare.
1244 3001 1410 3045 Verum
1447 3005 1492 3044 et

145 3058 181 3103 si
226 3056 332 3113 quid
373 3056 475 3100 dolo
520 3057 615 3100 eius
659 3057 827 3101 factum
865 3063 954 3111 est,
999 3057 1085 3102 hoc
1121 3070 1221 3102 eum
1259 3060 1490 3114 praestare

148 3113 368 3157 convenit.
428 3111 536 3156 Sine
566 3113 637 3156 die
666 3120 710 3157 et
738 3113 930 3157 consule.

440 3253 744 3302 xxxxv111
781 3254 1183 3317 (11111111111111).3

148 3335 328 3376 ΕΤῙΑΜ
358 3334 470 3374 PER
498 3334 948 3376 PROCURATOREM
978 3335 1203 3376 CAUSAM
1238 3335 1300 3375 IN
1335 3335 1492 3376 INTE-

344 3390 502 3431 GRUM
530 3390 958 3432 RESTITUTIONIS
988 3393 1086 3433 AGI
1114 3391 1296 3432 POSSE.

206 3472 230 3519 1
267 3471 380 3531 Imp.
405 3471 666 3517 Alexander
694 3473 746 3530 A.
777 3471 1028 3517 Liciniano.
1088 3472 1278 3518 Causam
1308 3473 1351 3516 in
1381 3473 1490 3518 inte-

147 3542 274 3584 grum
311 3528 621 3582 restitutionis,
661 3529 698 3573 si
738 3541 826 3584 qua
855 3529 1077 3584 competit,
1118 3531 1250 3573 etiam
1283 3543 1362 3585 per
1421 3542 1492 3574 ro-

150 3590 396 3628 curatorem
426 3585 496 3640 agi
526 3597 656 3640 posse
684 3584 843 3640 placet.
902 3583 958 3629 D.
990 3586 1121 3629 XIII⁴
1156 3585 1199 3630 lc.
1235 3586 1328 3630 Oet.
1402 3599 1494 3629 om-

143 3642 312 3700 peiano
341 3645 386 3685 et
412 3639 604 3698 Peliqno
636 3654 779 3685 conss.
1302 3646 1360 3694 [a.
1394 3644 1490 3694 231]

588 3810 914 3860 xxxxvnn
949 3812 1069 3875 (11).5

149 3892 212 3932 ΙΝ
257 3890 555 3933 INTEGRUM
592 3891 1005 3934 RESTITUTIONE
1047 3893 1368 3935 POSTULATA
1412 3895 1491 3935 NE

588 3947 724 3992 QUID
752 3948 891 3989 NOVI
918 3949 1065 3991 FIAT.

209 4028 233 4076 1
279 4026 414 4086 “Imp
457 4027 715 4072 Gordianus
749 4029 800 4073 A.
841 4028 1094 4074 Secundino
1130 4030 1270 4076 militi.
1331 4031 1489 4076 Postu-

149 4084 243 4129 lata
270 4084 318 4128 in
346 4084 564 4139 integrum
587 4085 863 4129 restitutione
886 4086 1030 4130 omnia
1057 4086 1102 4130 in
1133 4100 1212 4131 suo
1244 4091 1363 4132 statu
1394 4101 1490 4132 esse

1492 137 1587 199 115

2621 143 2672 195 Π
2710 145 2909 194 46-51

2139 298 2178 345 L
2217 297 2355 359 (LI).⁷

1576 381 1652 421 DE
1706 376 2118 420 RESTITUTIONE
2164 379 2412 420 MILITUM
2460 380 2534 420 ET
2563 377 2772 432 {EORUM
2820 380 2916 426 QUI

1766 434 1865 475 REI
1893 432 2176 474 PUBLICAE
2208 435 2385 477 CAUSA
2414 436 2731 477 AFUERUNT.

1634 514 1658 562 1
1695 515 1842 575 Impp.
1873 513 2064 560 Severus
2106 521 2148 559 et
2178 518 2432 562 Antoninus
2474 519 2566 562 AA.
2612 516 2800 561 Chiloni.
2873 517 2919 560 Si

1575 570 1836 616 Valerianus
1877 570 2075 615 centurio
2115 572 2309 617 cohortis
2347 573 2630 617 duodecimae
2658 572 2919 626 Alpinorum

1575 631 1679 670 ante
1722 629 1813 671 vita
1863 626 2072 681 decessit,
2126 641 2256 683 quam
2309 629 2632 685 possessionem
2685 628 2920 681 acciperet,

1573 682 1703 725 heres
1734 684 1827 726 eius
1858 697 1912 726 ex
1941 695 2132 739 persona
2162 683 2361 727 defuncti
2392 681 2685 727 restitutionis
2712 682 2921 724 auxilium

1573 736 1692 779 intra
1736 751 1898 781 annum
1942 739 2091 783 utilem
2133 740 2199 782 ita
2240 744 2361 783 recte
2402 737 2680 792 implorabit,
2723 736 2762 779 si
2789 735 2921 779 Vale-

1573 791 1727 834 rianus
1757 798 1860 847 post
1888 799 2069 838 exactos
2100 795 2214 848 dies,
2256 794 2415 848 quibus
2444 794 2664 836 bonorum
2693 792 2918 846 possessio

1575 845 1782 898 defertur,
1813 848 1858 889 in
1887 849 2044 891 militia
2073 849 2308 892 defunctus
2339 853 2419 891 est.
2478 846 2573 890 ΡΡ.
2615 846 2658 890 lc.
2691 847 2804 890 Nov.
2836 846 2924 889 La-

1576 907 1734 948 terano
1765 905 1810 944 et
1836 901 2006 956 Rufino
2038 916 2182 946 conss.
2737 905 2792 953 [a.
2828 905 2922 953 197]

1635 955 1665 1002 2
1711 954 1827 1014 Imp.
1871 956 2134 1000 Alexander
2176 960 2227 1000 A.
2268 956 2487 1000 Petronio
2541 956 2804 999 centurioni.
2881 957 2925 1000 Si

1576 1012 1682 1070 quid
1712 1011 1767 1055 de
1795 1011 1923 1055 bonis
1955 1023 2120 1063 eorum,
2161 1012 2235 1066 qui
2268 1011 2334 1054 rei
2362 1012 2569 1067 publicae
2600 1024 2736 1055 causa
2766 1013 2925 1056 absen-

1573 1074 1641 1112 tes
1678 1071 1805 1118 sunt,
1850 1066 2121 1110 deminutum
2160 1071 2228 1110 est
2265 1067 2492 1111 actioneve
2531 1081 2619 1123 qua
2650 1072 2927 1124 competente

1575 1125 1638 1169 eis
1669 1122 1825 1179 aliquis
1855 1122 2071 1166 liberatus
2099 1121 2206 1175 fuit,
2244 1123 2291 1165 in
2328 1123 2546 1178 integrum
2576 1124 2795 1167 restitutio
2825 1138 2926 1179 per-

1573 1185 1709 1238 petua
1747 1178 2051 1223 iurisdictione
2091 1178 2210 1222 intra
2240 1192 2403 1222 annum
2448 1180 2600 1223 utilem
2642 1181 2925 1236 permittitur.

1575 1235 1668 1281 PP.
1702 1247 1807 1280 XIII
1832 1235 1874 1278 lc.
1908 1234 2023 1279 Nov.
2053 1236 2320 1279 Alexandro
2351 1236 2402 1279 A.
2436 1237 2580 1279 consss
2740 1241 2795 1288 [a.
2829 1240 2925 1288 222]

1635 1289 1664 1339 3
1699 1291 1822 1335 Idem
1852 1291 1904 1336 A.
1936 1290 2095 1336 Flavio
2126 1291 2409 1336 Aristodemo
2441 1292 2582 1335 militi.
2651 1292 2778 1346 Quod
2818 1297 2927 1336 tem-

1575 1361 1682 1404 pore
1711 1347 1892 1391 militiae
1931 1346 1986 1390 de
2024 1347 2153 1391 bonis
2183 1347 2372 1391 alicuius
2401 1361 2658 1404 possessum
2688 1349 2744 1392 ab
2777 1349 2925 1404 aliquo

1575 1409 1656 1457 est,
1697 1408 1987 1461 posteaquam
2024 1403 2062 1446 is
2101 1403 2166 1447 rei
2194 1404 2400 1459 publicae
2431 1417 2567 1448 causa
2597 1405 2754 1448 abesse
2784 1405 2927 1459 desiit,

1573 1460 1691 1503 intra
1721 1473 1885 1503 annum
1921 1459 2105 1503 utilem⁹
2141 1464 2290 1503 amota
2324 1461 2676 1516 praescriptione
2715 1462 2926 1517 temporis

1574 1516 1706 1559 medii
1746 1516 2073 1572 possessionem
2111 1515 2336 1559 vindicare
2375 1518 2636 1573 permissum
2680 1522 2769 1561 est:
2810 1518 2928 1561 ultra

1574 1577 1723 1616 autem
1766 1573 1835 1617 ius
1878 1571 2150 1628 possessoris
2194 1573 2367 1616 laedere
2413 1578 2569 1617 contra
2610 1586 2707 1616 eum
2752 1574 2926 1618 institu-

1573 1632 1669 1671 tum
1716 1642 1806 1672 non
1857 1633 2045 1684 oportet.
2125 1627 2216 1672 ΡΡ.
2259 1643 2363 1672 non.
2410 1629 2506 1672 Ian.
2547 1628 2754 1673 Maximo
2797 1641 2845 1673 II
2882 1635 2926 1674 et

1575 1685 1766 1728 Aeliano
1797 1697 1942 1729 conss.
2735 1691 2790 1738 [a.
2826 1689 2925 1738 223]

1634 1738 1665 1786 4
1703 1739 1855 1799 ¹⁰Imp.
1890 1739 2151 1784 Gordianus
2179 1741 2230 1784 A.
2262 1739 2527 1785 Mestriano.
2594 1741 2806 1797 Ignorare
2839 1755 2927 1786 non

1576 1795 1711 1840 debes
1742 1810 1916 1848 eorum,
1956 1796 2030 1852 qui
2059 1797 2122 1840 rei
2151 1797 2358 1852 publicae
2389 1810 2525 1840 causa
2555 1798 2649 1841 sine
2679 1799 2780 1841 dolo
2811 1799 2927 1842 malo

1575 1853 1763 1907 absunt,
1804 1853 1841 1896 si
1880 1854 2088 1897 absentes
2127 1853 2232 1897 boni
2268 1853 2350 1896 viri
2390 1854 2608 1897 arbitratu
2649 1867 2737 1897 non
2778 1853 2927 1899 defen-

1578 1908 1769 1962 duntur,
1810 1909 1930 1953 bona
1967 1913 2141 1953 tantum
2177 1909 2418 1966 possideri,
2459 1910 2753 1954 venditionem
2782 1915 2927 1954 autem

1572 1965 1619 2008 in
1647 1964 1694 2008 id
1724 1967 1899 2022 tempus
1931 1966 2110 2017 differri,
2153 1979 2239 2020 quo
2275 1965 2339 2009 rei
2370 1966 2575 2021 publicae
2606 1979 2742 2010 causa
2773 1967 2929 2010 abesse

1574 2021 1795 2066 desierint.
1867 2021 1921 2066 D.
1958 2034 2039 2066 XII
2078 2021 2120 2065 lc.
2155 2022 2254 2066 Ian.
2303 2021 2535 2066 Gordiano
2581 2026 2631 2066 A.
2684 2029 2726 2067 et
2769 2023 2928 2067 Aviola

1575 2090 1720 2122 conss.

1632 2132 1663 2179 5
1702 2131 1866 2178 ¹0Idem
1896 2135 1948 2178 A.
1990 2132 2246 2178 Secundino
2286 2134 2429 2178 militi.
2737 2083 2792 2131 [α.
2831 2082 2927 2131 239]

2499 2133 2653 2190 Neque
2691 2136 2754 2178 rei
2785 2135 2928 2190 publi-

1575 2202 1654 2234 cae
1685 2202 1822 2234 causa
1852 2190 2111 2234 absentibus
2143 2204 2224 2234 nec
2255 2191 2352 2234 aliis
2384 2190 2625 2234 maioribus
2667 2191 2723 2234 ad
2754 2191 2930 2235 titulum

1575 2246 1620 2290 in
1659 2246 1878 2302 integrum
1918 2246 2214 2291 restitutionis
2253 2247 2576 2302 pertinentibus
2616 2247 2929 2303 praescriptio-

1573 2314 1673 2345 nem
1718 2302 1996 2358 quadriennii
2038 2307 2143 2359 post
2186 2302 2352 2346 factam
2403 2316 2430 2346 a
2480 2303 2588 2347 fisco
2632 2304 2927 2347 venditionem

1575 2358 1732 2402 obesse
1770 2370 1904 2414 posse
1944 2359 2228 2402 manifestum
2261 2363 2341 2403 est.
2400 2358 2494 2402 ΡΡ.
2536 2371 2585 2401 VI
2611 2359 2668 2402 id.
2701 2359 2810 2403 Mai.
2845 2359 2928 2403 Sa—

1576 2412 1680 2457 bino
1711 2419 1756 2458 et
1796 2413 1992 2458 Venusto
2023 2427 2166 2458 conss.
2738 2419 2794 2467 [a.
2829 2419 2926 2467 240]

1634 2465 1664 2515 6
1706 2467 1852 2527 Impp.
1906 2468 2174 2514 Valerianus
2213 2476 2257 2514 et
2298 2469 2530 2514 Gallienus
2569 2472 2660 2513 AA.
2705 2469 2927 2514 Germano

1576 2525 1842 2568 centurioni.
1916 2524 1984 2578 Si,
2031 2538 2130 2569 cum
2174 2526 2435 2569 militaribus
2474 2526 2703 2570 laboribus
2749 2540 2928 2582 operam

1576 2580 1727 2634 dares,
1771 2579 2002 2624 creditoris
2041 2583 2106 2624 tui
2146 2582 2330 2626 heredes
2369 2582 2671 2637 possessiones
2706 2583 2789 2626 sibi
2818 2583 2928 2627 obli-

1574 2642 1702 2692 gatas
1734 2637 2048 2689 distraxerunt,
2089 2638 2254 2693 poteris
2292 2637 2412 2681 adito
2442 2639 2646 2694 praeside
2675 2639 2928 2694 provinciae

1574 2694 1620 2735 in
1671 2693 1888 2747 integrum
1938 2694 2262 2738 restitutionem
2311 2693 2549 2749 impetrare
2599 2698 2929 2750 retractataque

1577 2748 1828 2792 venditione
1866 2749 2054 2804 recipies
2092 2749 2419 2805 possessiones,
2458 2750 2606 2794 oblato
2646 2753 2750 2793 ante
2780 2750 2927 2795 debito

1574 2805 1643 2848 vel
1686 2804 1849 2862 pretio,
1896 2805 1934 2848 si
1977 2805 2121 2849 minus
2162 2805 2308 2849 debito
2348 2805 2517 2849 fuisset.
2578 2804 2671 2850 ΡΡ.
2706 2818 2797 2849 IIII
2822 2820 2926 2850 non.

1574 2861 1719 2918 April.
1763 2859 2006 2904 Valeriano
2038 2866 2082 2905 et
2114 2859 2317 2905 Gallieno
2347 2862 2439 2905 AA.
2471 2875 2614 2905 conss,
2734 2858 2794 2914 [a.
2825 2857 2927 2913 254]

1634 2914 1661 2962 7
1694 2915 1842 2974 Impp.
1873 2916 2189 2961 Diocletianus
2226 2922 2271 2962 et
2297 2916 2611 2961 Maximianus
2640 2919 2732 2962 AA.
2775 2923 2820 2963 et
2850 2917 2927 2963 CC.

1575 2971 1799 3016 Marinae.
1875 2972 2000 3027 Quae
2043 2986 2071 3016 a
2110 2978 2239 3028 patre
2267 2978 2507 3029 geruntur,
2552 2987 2642 3017 non
2682 2974 2811 3018 decet
2848 2988 2927 3029 pro

1576 3028 1811 3084 disciplina
1849 3029 2027 3072 militari
2057 3042 2084 3072 a
2113 3030 2217 3072 filiis
2249 3030 2306 3073 ad
2334 3029 2505 3073 irritum
2535 3029 2763 3081 devocari,
2801 3042 2927 3085 prae-

1575 3085 1726 3129 sertim
1770 3097 1869 3129 cum
1913 3097 1996 3128 nec
2037 3089 2209 3141 patrem
2261 3090 2388 3128 tuum
2440 3085 2487 3127 in
2537 3086 2670 3129 rebus
2725 3085 2928 3129 humanis

1574 3145 1778 3195 agentem
1821 3140 2026 3184 adfirmes
2071 3145 2359 3195 conquestum
2402 3140 2542 3184 fuisse
2586 3153 2720 3196 super
2774 3142 2926 3185 huius-

1573 3196 1694 3239 modi
1723 3198 1971 3240 contractu.
2030 3195 2086 3239 D.
2121 3209 2225 3239 non.
2259 3195 2386 3239 Febr.
2423 3195 2500 3240 CC.
2533 3210 2676 3240 conss.
2740 3201 2795 3249 [a.
2829 3201 2926 3248 294]

1632 3248 1662 3299 8
1709 3253 1740 3278 ¹¹
1773 3251 1887 3309 Imp.
1926 3250 2211 3295 Iustinianus
2247 3252 2298 3294 A.
2339 3250 2501 3295 Menae
2529 3266 2612 3310 pp.
2698 3252 2928 3297 Sancimus

1574 3307 1644 3350 his
1690 3306 1819 3360 solis,
1867 3307 1941 3362 qui
1983 3306 2030 3349 in
2070 3306 2422 3362 expeditionibus
2460 3307 2666 3364 occupati
2707 3314 2828 3364 sunt,
2876 3322 2928 3353 ea

1574 3362 1878 3406 tantummodo
1903 3367 2116 3418 tempora,
2143 3375 2255 3418 quae
2277 3363 2324 3406 in
2347 3363 2497 3407 eadem
2525 3365 2803 3420 expeditione
2826 3378 2926 3422 per-

1575 3423 1781 3470 currunt,
1820 3423 1911 3461 tam
1950 3418 1995 3461 in
2034 3419 2369 3474 exceptionibus
2410 3420 2681 3465 declinandis
2722 3434 2853 3477 quam
2882 3421 2928 3464 in

1576 3474 1777 3529 petendis
1819 3474 1866 3517 in
1909 3474 2126 3530 integrum
2178 3475 2532 3520 restitutionibus
2581 3477 2643 3521 eis
2696 3478 2927 3533 opitulari:

1575 3530 1662 3574 illis
1692 3530 1978 3586 temporibus,
2019 3543 2099 3586 per
2127 3543 2239 3587 quae
2271 3532 2381 3575 citra
2409 3532 2700 3588 expeditionis
2731 3533 2923 3578 necessi-

1576 3590 1713 3628 tatem
1757 3585 1802 3629 in
1844 3586 1943 3630 aliis
1986 3586 2096 3631 locis
2135 3587 2204 3631 vel
2245 3588 2292 3631 in
2332 3588 2424 3632 suis
2466 3588 2648 3632 aedibus
2667 3591 2702 3615 ¹2
2750 3590 2926 3645 degunt,

1576 3642 1752 3685 minime
1783 3654 1856 3686 eos
1887 3642 1944 3685 ad
1973 3643 2235 3687 vindicanda
2266 3649 2513 3688 memorata
2541 3645 2768 3700 privilegia
2799 3645 2925 3688 adiu-

1576 3697 1798 3742 vantibus.
1857 3697 1912 3742 D.
1952 3700 2048 3743 rI¹³
2086 3698 2146 3744 id.
2177 3700 2322 3758 April.
2362 3699 2757 3761 Constantinopoli
2785 3700 2925 3745 Decio

1576 3767 1639 3798 vc.
1673 3767 1792 3797 cons.
2735 3760 2792 3810 [a.
2826 3759 2922 3807 529]

2112 3871 2180 3919 LI
2215 3871 2324 3934 (LII
2347 3870 2398 3919 ,¹⁴

1577 3950 1654 3990 DE
1692 3949 1974 3992 UXORIBUS
2013 3951 2265 3993 MILITUM
2294 3950 2411 3994 VEL
2449 3952 2647 3993 EORUM
2689 3953 2788 4000 QUI
2825 3954 2922 3994 REI

1868 4007 2152 4049 PUBLICAE
2183 4008 2361 4048 CAUSA
2391 4008 2621 4049 ABSUNT.

1634 4086 1658 4133 1
1696 4086 1809 4146 Imp.
1841 4088 2104 4134 Alexander
2138 4091 2189 4134 A.
2222 4089 2515 4134 Secundinae.
2585 4089 2922 4146 Temporalibus

152 4141 323 4194 debere,
354 4139 494 4184 donec
522 4153 593 4184 res
621 4141 815 4194 finiatur,
851 4141 1073 4198 perspicui
1100 4142 1210 4187 iuris
1240 4149 1320 4198 est,
1359 4144 1491 4199 idque
1577 4143 1825 4189 actionibus
1870 4146 2059 4190 exclusis
2103 4145 2382 4197 mulieribus,
2436 4157 2548 4199 quae
2600 4159 2699 4189 cum
2752 4147 2920 4191 maritis

151 4197 325 4240 curabit
351 4197 403 4249 is,
434 4197 488 4239 ad
522 4197 647 4240 cuius
676 4201 825 4253 partes
855 4209 909 4240 ea
937 4210 1008 4242 res
1036 4198 1241 4253 pertinet.
1295 4198 1389 4243 ΡΡ.
1413 4212 1493 4244 XII
1577 4201 1640 4244 rei
1668 4199 1875 4255 publicae
1905 4214 2041 4246 causa
2070 4201 2328 4248 absentibus
2357 4201 2663 4256 peregrinatae
2702 4207 2828 4255 sunt,
2865 4202 2922 4245 ad

150 4251 192 4296 k.
225 4251 310 4296 Iul.
346 4251 575 4296 Gordiano
605 4254 657 4296 A.
687 4259 732 4297 et
758 4253 919 4298 Aviola
947 4266 1090 4298 conss.
1304 4259 1361 4308 [a.
1394 4259 1489 4308 239]

151 4395 200 4445 (ι)
228 4395 288 4436 sic
303 4393 435 4443 WB,
465 4393 599 4434 aderit
618 4390 763 4435 GRM⁷²
858 4394 913 4446 (2)
945 4393 988 4434 Β
1007 4396 1070 4445 10,
1087 4403 1130 4437 3ο
1233 4395 1484 4448 (3)Β10,3ι

152 4450 205 4499 (4)
234 4449 272 4490 d.
302 4462 387 4489 xm
417 4450 533 4502 Hal,
561 4462 630 4502 pp.
659 4450 738 4489 xvi
769 4449 809 4488 P
927 4451 980 4501 (5)
1011 4450 1056 4490 B
1091 4453 1153 4502 10,
1183 4459 1228 4493 32
1352 4456 1405 4500 (6)
1437 4455 1489 4506 cf

154 4505 211 4545 ad
238 4506 278 4556 2,
307 4515 366 4557 50,
395 4515 428 4547 4.
462 4516 479 4545 5
610 4509 662 4556 ⁴7)
695 4507 736 4546 B
771 4507 832 4555 10,
864 4513 907 4547 33
1035 4507 1090 4558 (8)
1118 4519 1156 4547 a.
1187 4519 1296 4548 cons.
1327 4509 1490 4561 scripsi,

153 4573 189 4601 a.
220 4573 253 4599 11
283 4563 324 4601 et
350 4560 544 4601 marcello
580 4574 678 4601 coss.
710 4563 782 4611 (=
812 4577 848 4601 α.
880 4561 964 4613 226)
998 4562 1094 4602 Hal.
1239 4565 1292 4615 (9)
1324 4562 1389 4604 vel
1427 4577 1490 4604 re-

153 4616 274 4656 scissa
304 4618 571 4669 usucapione,
612 4618 646 4658 si
685 4631 768 4659 rem
798 4616 943 4658 militis
971 4629 1173 4669 possessor
1209 4619 1399 4671 usucepit
1427 4619 1491 4660 vel

1579 4255 1827 4311 exemplum
1854 4257 2040 4301 militum
2071 4257 2292 4301 subveniri
2329 4257 2469 4300 solere
2498 4269 2588 4300 non
2614 4262 2681 4302 est
2709 4257 2920 4312 ignotum.

1573 4397 1787 4437 secundum
1826 4396 1871 4437 B
1915 4399 2146 4440 exciderunt
2307 4399 2381 4449 (10)
2415 4398 2600 4451 sortasse
2644 4399 2922 4452 inscripu'ones

1575 4467 1608 4492 c.
1635 4460 1656 4493 4
1687 4460 1724 4492 et
1744 4461 1764 4493 5
1790 4455 2082 4505 permutandae
2106 4463 2199 4495 sunt
2222 4463 2259 4494 et
2287 4454 2488 4507 iunyenda
2520 4468 2550 4492 c.
2580 4462 2598 4493 4
2632 4469 2714 4494 cum
2746 4455 2784 4505 2,
2814 4463 2873 4506 49,
2902 4465 2916 4497 1

1575 4508 1644 4558 (11)
1674 4527 1730 4542 =
1757 4510 1872 4558 7,35‚
1890 4517 1930 4551 8:
1963 4511 2081 4564 {unqe
2097 4512 2135 4561 6,
2152 4518 2204 4555 21,
2225 4518 2260 4561 11
2343 4511 2416 4560 (12)
2445 4511 2503 4548 sie
2532 4508 2663 4558 CRB,
2693 4509 2926 4551 sedibusM

1577 4564 1650 4615 (13)
1678 4575 1762 4659 En
1787 4578 1878 4616 scr„
1912 4568 1963 4618 cf
1982 4566 2219 4618 Zeitsclzrist
2237 4566 2315 4618 fiir
2337 4564 2706 4618 Reclctsyeschichte
2737 4575 2768 4608 1¹
2798 4582 2839 4619 p.
2858 4576 2919 4608 174

1577 4621 1648 4671 (14)
1764 4621 1824 4671 10,
1856 4628 1898 4661 35

2502 4690 2585 4730 15*
