3080 4770
75 171 78 172 ⁷
161 154 250 196 DE*
267 153 582 195 mUTILmUs
618 154 1104 196 STIPULATIONIBUS

156 291 371 346 adscribi,
414 292 532 337 forte
569 297 751 351 propter
788 306 1003 350 personas
1044 294 1255 350 dignitate
1299 296 1495 341 excelsas

155 348 224 393 vel
251 350 472 404 mulieres,
503 363 613 406 quas
643 349 860 394 naturalis
884 350 1029 406 pudor
1051 364 1141 395 non
1166 352 1369 396 omnibus
1394 365 1494 409 per·

154 417 306 462 peram
358 417 455 449 sese
506 406 791 450 manifestare
835 405 1059 459 concedit,
1116 409 1336 452 sancimus
1382 410 1495 453 tales

155 460 402 517 scripturas
447 462 722 506 omnifariam
764 473 860 506 esse
900 462 1143 506 credendas
1185 468 1248 519 et,
1289 465 1380 508 sive
1416 465 1493 508 ad-

154 515 348 573 scriptus
387 517 520 562 fuerit
559 530 710 562 servus
749 521 793 561 et
829 517 884 560 ad
915 518 1135 572 quandam
1165 533 1399 575 personam
1430 521 1493 563 di—

154 573 270 616 citur
307 573 553 629 pertinere,
595 573 714 617 credi
752 573 1001 617 omnimodo
1042 577 1086 617 et
1125 588 1297 619 servum
1339 577 1494 619 adesse

154 633 198 672 et
235 627 393 673 fecisse
433 630 762 686 stipulationem
797 631 842 672 et
871 641 967 672 eam
999 642 1094 673 esse
1124 632 1288 687 scripto
1321 632 1493 675 domino

151 684 418 740 adquisitam
458 690 503 729 et
541 699 630 729 non
669 685 880 738 dubitari,
919 686 957 728 si
994 699 1144 730 servus
1182 688 1279 743 ipse
1314 692 1493 743 praesto

151 740 288 784 fuerit
314 742 382 786 vel
412 742 504 785 eius
536 741 698 784 domini
726 740 812 783 fuit
843 741 881 784 is
897 743 923 794 ¹,
963 755 1042 796 pro
1083 756 1168 797 quo
1201 744 1396 799 scriptus
1425 745 1495 787 est

153 799 179 839 2
237 796 397 841 fecisse
427 796 779 852 stipulationem:
811 796 872 839 Et
903 797 939 839 si
963 798 1078 840 inter
1102 805 1358 854 praesentes
1388 811 1491 854 par-

152 857 220 895 tes
258 865 330 897 res
371 856 473 896 acta
511 865 609 896 esse
647 852 830 905 dicitur,
874 857 918 896 et
957 854 1041 897 hoc
1081 867 1183 898 esse
1212 855 1491 907 credendum,

153 908 190 951 si
226 913 374 956 tamen
411 909 459 952 in
495 908 649 952 eadem
686 908 863 952 civitate
900 913 1088 964 utraque
1125 923 1317 966 persona
1354 910 1399 954 in
1438 923 1490 953 eo

151 963 222 1007 die
244 969 502 1017 commanet,
528 965 573 1007 in
600 977 686 1019 quo
710 964 961 1007 huiusmodi
986 966 1325 1010 instrumentum
1350 965 1491 1021 scrip-

149 1023 246 1062 tum
276 1024 344 1063 est
355 1021 386 1073 ²,
425 1020 510 1064 nisi
538 1021 591 1072 is,
622 1020 696 1075 qui
727 1019 831 1063 dicit
861 1034 958 1064 sese
989 1023 1056 1065 vel
1085 1022 1384 1066 adversarium
1414 1022 1490 1064 ab·

151 1087 270 1128 esse,
323 1076 500 1132 liquidis
545 1087 600 1119 ac
650 1076 1021 1121 manifestissimis
1064 1078 1402 1132 probationibus
1447 1080 1493 1119 et

150 1131 306 1175 melius
337 1131 530 1187 quidem,
573 1131 612 1174 si
641 1144 722 1187 per
752 1133 1041 1188 scripturam,
1083 1134 1161 1177 sed
1198 1134 1384 1177 saltem³
1412 1145 1492 1189 per

148 1190 285 1230 testes
322 1187 516 1242 undique
555 1187 737 1231 idoneos
779 1192 822 1232 et
861 1190 980 1232 omni
1014 1189 1273 1244 exceptione
1302 1189 1490 1232 maiores

151 1242 394 1287 ostenderit
428 1255 525 1287 sese
563 1243 632 1286 vel
670 1244 969 1289 adversarium
1007 1259 1136 1289 suum
1175 1258 1228 1289 eo
1274 1245 1344 1288 die
1387 1244 1491 1288 civi-

148 1302 243 1342 tate
271 1298 456 1343 afuisse:
497 1299 604 1343 sed⁴
634 1299 887 1344 huiusmodi
917 1302 1161 1357 scripturas
1191 1304 1375 1357 propter
1403 1300 1489 1343 uti-

148 1353 319 1402 litatem
356 1356 711 1399 contrahentium
749 1369 847 1400 esse
887 1357 1145 1401 credendas.
1213 1356 1268 1401 D.
1300 1356 1342 1400 lc.
1376 1357 1488 1400 Nov.

143 1414 254 1467 post
281 1410 562 1455 consulatum
578 1411 819 1470 Lampadii
849 1417 893 1456 et
919 1412 1090 1457 Orestis
1116 1427 1180 1457 vv.
1208 1426 1268 1457 ec.
1317 1417 1373 1465 [a.
1392 1416 1488 1462 531]

206 1464 269 1511 15
316 1464 442 1511 Idem
479 1467 530 1510 A.
571 1466 770 1511 Iohanni
797 1482 880 1527 pp.
956 1469 1002 1512 Si
1046 1468 1143 1524 quis
1190 1468 1492 1524 spoponderat

146 1520 358 1575 insulam,
392 1535 491 1566 cum
522 1523 815 1576 moriebatur,
847 1524 1082 1567 aedificare
1113 1524 1380 1622 stipulatori,
1409 1523 1490 1566 im-

147 1577 372 1631 possibilis
410 1579 631 1623 veteribus
675 1580 907 1623 videbatur
949 1580 1153 1623 huiusmo
1186 1580 1201 1622 i
1245 1580 1487 1635 stipulatio.

145 1632 223 1676 sed
260 1634 390 1677 nobis
430 1647 608 1678 sensum
645 1635 1002 1679 contrahentium
1032 1635 1370 1679 discutientibus
1400 1636 1491 1678 veri

145 1688 286 1732 simile
323 1701 422 1734 esse
449 1690 622 1734 videtur
659 1691 747 1734 hoc
774 1690 891 1733 inter
920 1703 995 1734 eos
1026 1695 1187 1743 actum,
1229 1694 1279 1733 ut
1308 1691 1492 1746 incipiat

145 1744 322 1798 quidem
352 1748 510 1789 contra
538 1746 797 1792 morientem
827 1746 1057 1800 obligatio,
1088 1746 1316 1789 immineat
1344 1751 1490 1789 autem

143 1799 380 1844 heredibus
410 1801 517 1854 eius,
549 1801 689 1844 donec
720 1801 777 1844 ad
805 1800 1009 1844 effectum
1033 1801 1316 1857 perducatur.
1362 1813 1490 1846 nemo
1530 1844 1536 1856 ⁴

145 1855 260 1898 enim
288 1855 353 1899 ita
382 1856 546 1900 stultus
574 1856 815 1908 invenitur,
847 1859 899 1900 ut
925 1857 1006 1900 tali
1035 1857 1180 1901 animo
1209 1856 1381 1900 faceret
1410 1857 1488 1900 sti-

141 1911 433 1967 pulationem,
474 1915 524 1955 ut
560 1915 741 1967 putaret
811 1924 912 1956 osse
949 1914 1123 1956 tantum
1163 1911 1414 1956 aedificium
1443 1912 1490 1956 in

143 1979 231 2010 uno
261 1971 482 2011 momento
511 1967 649 2011 horae
679 1972 781 2011 exto
801 1968 910 2020 lere,
951 1969 1020 2011 vel
1059 1980 1160 2011 eum
1199 1968 1274 2023 qui
1302 1968 1491 2012 moritur

140 2023 275 2066 talem
303 2023 470 2067 habere
498 2035 698 2075 sensum,
739 2023 856 2078 quod
893 2024 990 2079 ipse
1024 2023 1220 2068 sufficiet
1248 2023 1306 2068 ad
1336 2024 1488 2068 huius-

146 2083 164 2122 1
225 2078 344 2123 modi
375 2079 522 2135 operis
553 2080 905 2135 completionem.
966 2080 1196 2124 Sancimus
1234 2079 1408 2136 itaque,
1450 2080 1489 2123 si

142 2134 246 2190 quid
275 2135 366 2179 tale
395 2135 609 2188 evenerit,
640 2135 827 2179 heredes
855 2136 1021 2189 teneri,
1061 2138 1114 2179 ut
1140 2135 1332 2190 factum,
1371 2136 1490 2192 quod

141 2191 295 2234 mortis
339 2193 540 2247 tempore
582 2191 731 2236 facere
774 2191 1000 2247 promisit,
1044 2192 1132 2236 hoc
1168 2191 1353 2236 heredes
1395 2193 1488 2236 eius

141 2245 414 2302 adimpleant
442 2247 569 2302 quasi
599 2260 619 2290 s
655 2248 811 2291 eciali⁵
849 2248 1024 2292 heredis
1064 2248 1290 2293 mentione
1318 2248 1488 2302 habita,

142 2302 248 2346 licet
285 2302 371 2346 hoc
405 2303 581 2347 minime
642 2304 755 2347 uerit
793 2315 1063 2359 expressum.
1124 2304 1489 2360 quemadmodum

142 2358 270 2412 enim,
302 2358 342 2402 si
366 2359 412 2402 in
437 2358 582 2402 dando
608 2359 744 2403 fuerit
769 2359 1012 2415 stipulatio,
1043 2362 1090 2404 et
1120 2365 1276 2404 contra
1304 2360 1488 2404 heredes

140 2415 546 2468 transmittebatur,
585 2415 650 2458 ita
686 2418 732 2459 et
769 2415 807 2459 si
845 2415 892 2458 in
931 2415 1134 2459 faciendo
1175 2420 1262 2468 est,
1306 2416 1412 2460 licet
1441 2416 1490 2459 in

141 2470 298 2516 mortis
334 2475 508 2527 tempus
549 2471 802 2527 colligatur,
843 2474 1040 2515 attamen
1073 2472 1131 2515 ad
1160 2471 1489 2515 similitudinem

140 2526 187 2570 in
227 2526 373 2570 dando
416 2531 660 2582 conceptae
699 2526 1029 2582 stipulationis⁶
1066 2532 1112 2571 et
1150 2527 1334 2572 heredes
1377 2528 1486 2572 obli-

141 2582 251 2636 gari,
282 2586 334 2626 ut
362 2595 452 2626 non
482 2582 706 2638 discrepet
734 2583 903 2627 factum
932 2596 960 2626 a
990 2583 1180 2637 datione,
1223 2583 1301 2627 sed
1331 2583 1389 2627 sit
1416 2584 1489 2627 lex

142 2642 168 2680 2
225 2641 380 2682 nostra
417 2651 498 2694 per
532 2640 678 2683 omnia
717 2639 803 2683 sibi
840 2643 1152 2683 consentanea.
1213 2639 1341 2694 Quod
1371 2643 1416 2683 et
1443 2640 1489 2683 in

141 2694 295 2749 legatis
321 2693 453 2738 simili
477 2695 607 2739 modo
633 2695 803 2739 relictis
827 2695 1053 2739 observari
1070 2707 1315 2739 censemus.
1348 2694 1403 2739 D.
1422 2707 1495 2739 XV

141 2748 184 2793 lc.
216 2749 330 2795 Nov.
365 2749 760 2809 Constantinopoli
789 2756 905 2809 post
933 2750 1216 2796 consulatum
1246 2751 1490 2809 Lampadii

142 2809 188 2850 et
218 2804 388 2851 Orestis
416 2819 481 2852 vv.
512 2819 573 2851 ce.
604 2821 727 2851 anno
756 2805 968 2851 secundo.
1299 2811 1355 2859 [a.
1388 2811 1486 2860 532]

483 3033 742 3082 XXXVIII
780 3033 1140 3095 (XXXVIIII).⁷

318 3115 394 3154 DE
423 3115 751 3156 INUTILIBUS
781 3115 1302 3157 ST1PULAT10N1BUS.

201 3193 224 3240 1
272 3193 387 3259 Imp.
418 3196 675 3239 Antoninus
710 3197 761 3240 A.
794 3195 1005 3240 Paulino.
1071 3196 1144 3239 Ex
1184 3197 1486 3252 stipulatione,

139 3250 187 3293 in
215 3262 317 3315 qua·
330 3251 532 3305 impubes
563 3251 658 3295 sine
686 3256 834 3296 tutore
864 3255 1049 3295 auctore
1074 3253 1366 3307 spopondisti,
1396 3266 1485 3297 non

141 3318 188 3350 es
223 3306 464 3404 lobhgatus.
532 3305 626 3350 ΡΡ.
668 3306 710 3351 k.
745 3306 830 3350 Iul.
871 3306 1045 3351 Romae
1074 3307 1216 3352 Laeto
1247 3319 1312 3416 II[
1329 3312 1375 3352 et
1386 3308 1485 3416 ἐξ

140 3375 220 3406 rea
239 3375 263 3405 e
293 3374 436 3406 conss.
1314 3377 1353 3407 a.

198 3414 230 3462 2
261 3414 375 3475 Imp.
406 3417 671 3462 Alexander
699 3419 750 3461 A.
783 3417 1059 3476 Menophilo.
1130 3419 1295 3463 Libera
1331 3420 1486 3463 matri-

140 3473 290 3516 monia
326 3485 424 3517 esse
460 3474 703 3529 antiquitus
739 3473 922 3530 placuit.
1000 3474 1190 3530 ideoque
1227 3479 1384 3531 pacta,
1430 3488 1486 3519 ne

139 3528 294 3573 liceret
324 3529 560 3594 divertere,
601 3531 866 3596 non-valere
896 3534 940 3596 et
970 3531 1293 3595 stipulationes,
1325 3531 1486 3586 quibus

140 3596 310 3640 poenae
339 3589 647 3641 mrogarentur
676 3598 716 3629 01
730 3587 746 3612 ⁸
775 3599 851 3642 qui
881 3586 1114 3630 divortium
1139 3586 1331 3640 fecisset,
1363 3591 1486 3631 ratas

141 3726 192 3777 (1)
214 3725 297 3765 fuit
317 3725 353 3765 is
381 3726 422 3774 Ο,
449 3725 626 3766 fueritis
653 3726 732 3778 Ra,
756 3726 840 3766 fuit
856 3727 1015 3779 (omisso
1031 3726 1084 3779 is)
1108 3725 1171 3768 R⁶
1187 3737 1290 3769 recte
1364 3728 1419 3779 (2)
1446 3729 1487 3767 et
1526 3733 1533 3744 '

141 3783 219 3821 hoc
250 3811 287 3823 ..
305 3812 315 3822 .
1112 3784 1168 3835 (3)
1198 3783 1341 3824 saltem
1378 3780 1482 3832 012⁶,

142 3853 213 3877 om.
245 3836 310 3878 R⁰

140 3892 193 3933 lis
221 3893 264 3933 R

140 3949 202 3988 tio
217 3948 292 4000 Εὖ)
320 3947 535 3999 stipulatio
560 3978 569 3986 .
588 3977 597 3986 .
617 3977 625 3987 .
650 3950 870 4000 conceptae
895 3948 1178 4001 stipulationis
1200 3952 1344 4000 (—nes
1366 3950 1482 3999 ΜΠ)

140 4001 268 4054 R⁶M‚
307 4003 435 4043 fuerit
472 4002 753 4055 stipulationis
789 4003 867 4054 Ra,
905 4008 1103 4057 concepta
1131 4005 1260 4046 fuerit
1289 4035 1300 4046 .
1319 4036 1328 4045 .
1347 4036 1356 4044 .
1389 4017 1484 4045 con-

141 4062 258 4112 cepta
280 4062 340 4100 est
362 4058 577 4111 stipulatio
600 4059 835 4111 (conceptae
861 4059 1143 4111 stipulationis
1175 4058 1243 4112 Οὐ)
1272 4062 1307 4102 0
1360 4062 1414 4113 (7)
1440 4061 1484 4100 B

140 4117 208 4163 43,
240 4123 261 4157 6
290 4137 346 4146 ·-
383 4115 442 4168 Cf
470 4114 569 4154 Inst.
602 4115 641 4163 3,
671 4122 712 4155 19
799 4114 855 4166 (8)
888 4115 926 4154 01
961 4113 1068 4166 012⁶,
1100 4120 1140 4155 et
1168 4116 1243 4168 Pa,
1274 4119 1314 4156 et
1343 4117 1382 4157 ei
1414 4113 1483 4166 Pb,

140 4190 186 4211 a»
214 4171 279 4212 R‘⁸
364 4171 420 4221 (9)
452 4169 558 4209 dotis
589 4184 662 4209 om.
701 4169 795 4210 03⁶
900 4171 974 4221 (10)
1001 4171 1046 4211 Β
1072 4172 1138 4221 26,
1165 4180 1184 4213 3
1209 4195 1261 4201 -
1292 4172 1353 4225 Cf.
1380 4172 1481 4223 Diq.

141 4228 210 4277 45,
241 4235 262 4268 2
291 4226 392 4267 Inst.
426 4227 462 4277 3,
494 4234 534 4266 16
642 4225 712 4275 (11)
742 4225 836 4264 inde
866 4227 916 4265 ab
946 4225 1193 4266 Haloandro
1224 4229 1337 4268 initio
1369 4228 1483 4267 liuius

142 4282 251 4323 tituli
277 4283 462 4323 restituta
492 4289 550 4322 est
579 4281 804 4320 constitutio
833 4279 1095 4329 Diocletiani,
1126 4296 1244 4334 quam
1275 4292 1317 4323 ut
1330 4282 1482 4323 Accur-

141 4338 226 4377 εἰπε
256 4337 406 4390 aliique
433 4336 678 4391 qlossatores
709 4337 924 4386 eiecerunt,
965 4338 1024 4376 ita
1063 4352 1106 4377 re
1137 4352 1234 4378 vera
1263 4338 1486 4378 Iustiniani

149 4392 307 4433 Codicis
337 4408 414 4433 non
445 4408 529 4433 esse
559 4405 769 4432 consensus
801 4391 990 4431 librorum
1016 4393 1248 4444 optimorum
1275 4408 1359 4434 cum
1387 4393 1422 4433 S
1447 4400 1484 4431 et

147 4447 317 4489 Graecis
345 4449 406 4499 (Β
436 4457 473 4490 et
508 4448 715 4489 Theodoro
747 4448 803 4486 ad
831 4445 937 4487 Nov.
974 4448 1063 4495 136,
1096 4448 1133 4498 7)
1159 4450 1319 4500 probat.
1375 4456 1483 4488 extat

145 4511 273 4543 autem
310 4504 368 4543 in,
389 4504 484 4545 aliis
524 4505 581 4544 ad
616 4504 833 4556 maryinem
873 4501 989 4541 huius
1030 4503 1137 4543 tituli
1172 4505 1398 4556 adscripta,
1441 4505 1481 4543 in

145 4558 239 4598 aliis
278 4558 452 4600 ultimam
489 4560 606 4600 huius
647 4558 754 4598 tituli
790 4559 1100 4598 constitutionem
1131 4560 1268 4610 efficit,
1307 4560 1347 4599 in
1389 4559 1483 4599 aliis

145 4614 313 4665 tertiam,
337 4615 377 4654 in
402 4614 495 4655 aliis
517 4615 688 4666 denique
713 4613 889 4654 ultimam
912 4613 1178 4654 antecedentis
1202 4614 1318 4654 tituli.
1359 4616 1482 4654 verba

346 3781 546 3833 scriptum
577 3784 636 3822 est
666 3782 768 3823 delet
796 3782 1016 3823 Mommsen

422 3838 476 3888 (4)
508 3837 577 3877 sed
608 3838 710 3878 delet
739 3838 959 3879 Mommsen
1076 3838 1132 3890 (5)
1163 3840 1222 3880 sic
1258 3840 1301 3891 C,
1330 3838 1484 3891 specia-

390 3893 446 3943 (6)
476 3892 604 3932 fuerit
632 3893 845 3945 (concepta
876 3895 950 3934 ins.
982 3894 1044 3944 Μ,
1076 3895 1164 3934 item
1194 3904 1284 3946 post
1311 3893 1484 3946 stipula-

1488 141 1589 200 351

2549 151 2674 204 VIII
2712 153 2917 204 37—39

1580 310 1670 341 non
1699 297 1854 342 haberi
1884 299 2071 342 constat.
2132 298 2223 343 ΡΡ.
2258 312 2325 344 III
2352 315 2456 346 non.
2484 301 2612 346 Febr.
2644 301 2850 348 Maximo
2878 314 2922 347 11

1580 359 1625 398 et
1652 354 1842 398 Aeliano
1873 367 2017 398 conss,
2733 362 2789 412 [a.
2822 363 2919 411 223]

1637 407 1667 456 3
1709 408 1778 453 Im
1847 445 1855 454 .
1901 409 2213 454 Diocletianus
2257 417 2303 456 et
2343 412 2655 458 Maximianus
2696 416 2788 458 AA.
2835 414 2918 458 Isi-

1579 464 1707 508 doro.
1817 471 1836 509 t
1878 466 1994 510 inter
2033 467 2239 511 absentes
2285 470 2517 512 verborum
2559 470 2768 524 obligatio
2813 482 2919 513 con-

1578 521 1696 564 trahi
1738 534 1828 565 non
1872 525 2043 577 potest,
2087 524 2150 566 ita
2189 524 2338 576 alteri,
2390 525 2515 568 cuius
2562 525 2649 567 iuri
2694 525 2920 568 subiectus

1579 589 1669 619 non
1704 582 1794 631 est,
1836 578 2001 633 aliquid
2039 578 2135 622 dari
2165 580 2232 622 vel
2262 581 2453 629 restitui,
2494 580 2578 622 nisi
2619 592 2700 622 sua
2732 580 2920 630 intersit,

1583 636 1596 672 1
1662 645 1789 676 nemo
1820 633 2027 688 stipulari
2061 640 2221 689 potest.
2284 636 2393 678 Cum
2431 636 2582 688 igitur,
2624 634 2835 677 defuncta
2873 634 2920 677 in

1577 687 1854 731 matrimonio
1884 689 1976 731 filia
2006 695 2105 743 tua,
2146 691 2398 746 superstitis
2435 689 2516 732 filii
2544 689 2720 732 nomine
2749 693 2922 742 partem

1578 741 1799 785 dimidiam
1830 743 1974 787 dotis⁹
2005 759 2031 787 a
2060 747 2217 789 marito
2249 745 2449 795 detineri,
2481 744 2664 786 alteram
2690 756 2791 786 vero
2817 756 2920 798 par-

1576 801 1664 839 tem
1696 799 1850 852 nepoti
1869 801 1951 841 ¹tuo
1982 801 2063 851 vel,
2095 802 2132 842 si
2159 801 2196 842 is
2222 801 2268 842 in
2295 801 2427 842 rebus
2447 799 2652 841 humanis
2677 811 2765 840 non
2790 801 2921 850 esset,

1576 852 1748 895 Iuliano
1792 854 1965 895 restitui
2010 867 2090 907 per
2135 858 2317 908 pactum
2372 853 2628 897 convenisse
2680 866 2920 918 proponas,

1577 912 1904 963 praeventoque
1943 913 2082 951 morte
2120 913 2283 963 nepote
2324 909 2456 951 etiam
2495 908 2826 963 stipulatlonem
2865 908 2923 951 ad

1576 963 1799 1006 Iulianum
1850 963 2014 1006 factam
2066 964 2122 1006 ob
2169 964 2415 1007 absentiam
2459 963 2553 1007 eius
2599 977 2688 1007 non
2731 964 2924 1006 valuisse

1578 1019 1819 1074 significes,
1860 1032 1914 1063 ac
1953 1025 2192 1075 propterea
2231 1032 2285 1062 ex
2326 1031 2518 1074 persona
2555 1032 2607 1062 ac
2638 1019 2924 1074 stipulatione

1575 1079 1674 1128 tua,
1721 1088 1809 1130 qua
1851 1074 2027 1119 restitui
2072 1080 2236 1118 cuncta
2279 1075 2403 1118 iuxta
2447 1078 2679 1130 pactorum
2726 1079 2923 1117 tenorem

1576 1131 1855 1187 provideras,
1887 1131 2012 1175 reddi
2041 1131 2122 1174 tibi
2153 1131 2396 1174 desideres:
2438 1143 2571 1186 super
2600 1131 2815 1186 stipulatu
2846 1137 2921 1174 tuo

1577 1187 1650 1230 adi
1679 1187 1926 1242 praesidem
1955 1187 2220 1243 provinciae,
2252 1191 2302 1229 ut
2331 1187 2593 1230 examinatis
2623 1187 2815 1242 partium
2845 1187 2923 1229 ad-

1576 1243 1898 1298 legationibus,
1987 1247 2171 1286 uantum
2227 1242 2510 1286 constituerit
2561 1243 2777 1286 interesse
2829 1247 2922 1296 tua,

1576 1300 1700 1342 iuxta
1735 1300 1890 1354 placiti
1928 1299 1959 1342 fi
1993 1311 2060 1342 em
2101 1299 2216 1342 dotis
2256 1299 2504 1355 portionem
2534 1298 2704 1342 Iuliano
2742 1299 2921 1342 restitu-

1575 1359 1666 1398 tam
1704 1356 1864 1407 fuisse,
1905 1356 1960 1399 ob
1998 1356 2194 1399 incertae
2232 1355 2420 1398 actionis
2452 1355 2655 1398 effectum
2687 1354 2923 1399 concludat

1577 1411 1987 1455 condemnationem
2023 1414 2206 1455 taxatae
2247 1411 2522 1466 quantitatis.
2593 1409 2685 1454 PP.
2723 1410 2782 1454 id.
2815 1409 2919 1454 Dee.

1575 1468 1688 1524 ipsis
1718 1479 1809 1511 IIII
1836 1474 1882 1511 et
1912 1479 1979 1511 III
2004 1468 2096 1512 AA.
2135 1480 2279 1511 conss.
2734 1470 2790 1519 [a.
2824 1470 2920 1518 290]

1632 1521 1664 1568 4
1695 1521 1821 1566 Idem
1850 1524 1942 1567 AA.
1975 1529 2020 1567 et
2050 1522 2127 1567 CC.
2160 1522 2377 1567 Domnae.
2443 1522 2515 1565 Ex
2547 1535 2597 1566 00
2627 1522 2921 1566 instrumento

1575 1578 1742 1622 nullam
1771 1592 1846 1622 vos
1877 1580 2042 1623 habere
2072 1579 2304 1633 actionem,
2336 1579 2438 1634 quia
2469 1583 2626 1622 contra
2657 1579 2798 1622 bonos
2828 1591 2921 1622 mo-

1575 1647 1646 1678 res
1687 1635 1741 1677 de
1781 1636 2064 1690 successione
2093 1635 2246 1678 futura
2274 1635 2534 1691 interposita
2563 1634 2649 1677 fuit
2680 1634 2922 1689 stipulatiO,

1574 1689 1855 1734 manifestum
1885 1695 1965 1743 est,
1998 1704 2098 1734 cum
2128 1691 2287 1745 omnia,
2329 1703 2443 1747 quae
2474 1695 2628 1734 contra
2658 1691 2798 1734 bonos
2829 1703 2922 1734 mo·

1575 1758 1646 1789 res
1662 1746 1732 1789 vel
1753 1746 1800 1789 in
1821 1749 1955 1802 pacto
1971 1747 2039 1790 vel
2064 1746 2111 1789 in
2136 1747 2423 1802 stipulatione
2444 1745 2737 1799 deducuntur,
2758 1746 2921 1789 nullius

1574 1801 1784 1844 momenti
1815 1801 1916 1844 sint.
1977 1801 2071 1844 ΡΡ.
2106 1812 2175 1844 III
2201 1801 2243 1845 lc.
2267 1801 2380 1845 Mai.
2404 1802 2497 1844 AA.
2530 1815 2672 1844 conss.
2735 1806 2790 1852 [a.
2824 1804 2920 1853 293]

1631 1855 1661 1901 5
1706 1856 1830 1899 Idem
1867 1858 1959 1900 AA.
2006 1862 2052 1900 et
2091 1856 2168 1900 CC.
2208 1856 2460 1914 Aquilinae.
2530 1855 2647 1900 Dolo
2691 1857 2760 1900 vel
2803 1860 2923 1900 metu

1576 1911 1773 1956 adhibito
1805 1913 1923 1956 actio
1955 1912 2132 1968 quidem
2165 1912 2377 1966 nascitur,
2419 1913 2456 1955 si
2487 1912 2665 1956 subdita
2696 1912 2922 1968 stipulatio

1575 1968 1655 2020 sit,
1695 1980 1775 2024 per
1815 1967 1905 2012 doli
1941 1972 2090 2012 tamen
2128 1969 2197 2012 vel
2234 1972 2378 2012 metus
2410 1968 2714 2024 exceptionem
2745 1969 2923 2012 submo-

1575 2024 1666 2067 veri
1689 2024 1846 2080 petitio
1873 2024 2016 2069 debet.
2064 2022 2109 2067 S.
2135 2036 2241 2068 XIII
2267 2023 2308 2067 lc.
2331 2023 2424 2069 Oet.
2444 2024 2539 2068 AA.
2564 2037 2707 2068 conss.
2748 2029 2803 2076 [a.
2825 2028 2922 2076 293]

1633 2077 1663 2126 ὃ
1696 2079 1821 2123 Idem
1845 2081 1939 2124 AA.
1972 2086 2017 2124 et
2048 2078 2125 2124 CC.
2159 2079 2376 2138 Septimio
2406 2085 2451 2124 et
2478 2078 2701 2124 Eustolio.
2749 2080 2797 2124 Si
2825 2081 2924 2124 avia

1574 2138 1722 2180 vestra
1761 2136 1846 2180 sibi
1885 2139 1932 2180 et
1959 2136 2189 2190 Eustolio,
2233 2149 2365 2192 quam
2405 2140 2604 2179 mutuam
2637 2135 2818 2180 dederat
2846 2149 2922 2192 pe·

1576 2192 1774 2247 cuniam,
1819 2191 1915 2235 dari
1944 2192 2030 2236 fuit
2059 2192 2296 2248 stipulata,
2336 2192 2446 2236 nihil
2475 2192 2535 2238 ei.
2569 2192 2694 2235 cuius
2725 2193 2924 2236 subiecta

1573 2248 1660 2291 iuri
1698 2261 1789 2292 non
1817 2248 1965 2302 fuerit,
2007 2261 2222 2304 quaerere
2254 2250 2413 2303 potuit.
2474 2261 2580 2291 sane
2611 2247 2649 2291 si
2678 2249 2774 2304 ipse
2805 2248 2923 2303 quod

1575 2305 1614 2347 ei
1654 2304 1764 2348 solvi
1799 2305 2031 2359 placuerat
2066 2305 2112 2347 in
2161 2305 2448 2359 stipulatione
2498 2317 2578 2347 suo
2629 2305 2805 2347 nomine
2846 2304 2920 2346 de-

1575 2359 1721 2413 duxit,
1763 2360 2077 2415 obligationem
2116 2360 2162 2403 in
2203 2361 2296 2403 eius
2328 2361 2460 2403 etiam
2491 2371 2725 2414 personam
2757 2360 2920 2403 consti-

1572 2415 1680 2460 tisse
1710 2428 1801 2459 non
1830 2415 2081 2471 ambigitur.
2142 2414 2186 2459 S.
2211 2427 2241 2459 V
2264 2415 2306 2459 lc.
2328 2414 2419 2460 Oet.
2451 2413 2529 2458 CC.
2557 2428 2701 2458 conss.
2746 2419 2802 2467 [a.
2822 2418 2919 2467 294]

1945 2642 2226 2690 xxxvnn
2265 2643 2542 2704 (11111111).ιο

1572 2723 1650 2763 DE
1675 2723 1895 2764 DUOBUS
1923 2723 2051 2764 REIS
2077 2723 2420 2764 STIPULANDI
2446 2724 2520 2764 ΕΤ
2546 2723 2765 2764 DUOBUS
2791 2724 2919 2763 REIS

2038 2779 2371 2820 PROMITTEN
2374 2779 2435 2819 DI
2449 2809 2458 2819 .

1633 2863 1665 2888 ¹¹
1685 2859 1708 2907 1
1732 2859 1800 2914 (2)
1828 2860 1974 2919 Impp.
1993 2859 2306 2905 Diocletianus
2320 2867 2364 2905 et
2377 2860 2792 2906 MaximianusAA.
2812 2861 2919 2906 Dio-

1570 2917 1688 2975 9eni.
1760 2917 1959 2962 Creditor
2031 2917 2229 2961 rohiberi
2267 2930 2356 2960 non
2395 2922 2542 2972 potest
2583 2918 2756 2972 exigere
2797 2918 2919 2961 debi-

1571 2979 1687 3027 tum,
1728 2986 1828 3016 cum
1866 2974 1958 3017 sint
2027 2986 2083 3016 uo
2120 2973 2187 3017 rei
2222 2973 2507 3028 promittendi
2547 2973 2742 3016 eiusdem
2781 2986 2917 3028 pecu-

1579 3034 1593 3072 l
1655 3029 1770 3082 niae,
1801 3042 1829 3072 a
1859 3042 1945 3085 quo
1974 3029 2095 3073 velit.
2147 3029 2211 3071 Et
2238 3029 2352 3082 ideo,
2384 3029 2421 3072 si
2450 3029 2709 3083 probaveris
2739 3032 2784 3071 te
2815 3042 2918 3071 con-

1570 3089 1750 3129 ventum
1801 3085 1847 3128 in
1900 3085 2088 3128 solidum
2141 3085 2403 3137 exsolvisse,
2463 3087 2610 3127 rector
2662 3084 2918 3139 provinciae

1570 3141 1722 3185 iuvare
1750 3144 1794 3184 te
1824 3141 2035 3184 adversus
2076 3152 2196 3193 eum,
2239 3154 2338 3183 cum
2378 3153 2464 3195 quo
2503 3139 2793 3183 communiter
2821 3152 2916 3182 mu-

1571 3201 1692 3239 tuam
1745 3197 1981 3250 pecuniam
2024 3196 2259 3250 accepisti,
2315 3207 2407 3239 non
2451 3195 2746 3238 cunctabitur.
2821 3193 2915 3238 ΡΡ.

1581 3264 1610 3295 V
1653 3251 1695 3295 lc.
1741 3251 1879 3295 Mart.
1937 3250 2223 3295 Diocletiano
2270 3263 2339 3294 III
2388 3255 2434 3295 et
2484 3250 2772 3295 Maximiano
2822 3250 2914 3294 AA.

1571 3321 1714 3352 conss
2726 3310 2782 3358 [a.
2818 3309 2915 3357 287]

1629 3362 1659 3408 2
1690 3360 1756 3416 (3)
1787 3361 1912 3406 Idem
1941 3361 2034 3405 AA.
2066 3365 2111 3405 et
2142 3360 2219 3405 CC.
2253 3361 2478 3406 Fabricio.
2547 3361 2810 3417 Exprimere
2839 3361 2915 3404 de-

1570 3420 1729 3463 bueras
1759 3417 1848 3461 tuis
1878 3417 2101 3473 precibuS,
2132 3419 2338 3460 utrumne
2371 3418 2418 3460 in
2447 3422 2619 3473 partem
2650 3431 2707 3461 an
2737 3418 2783 3460 in
2812 3418 2915 3460 soli-

1570 3475 1674 3518 dum
1704 3473 1864 3528 singuli
1891 3486 1968 3516 vos
2009 3472 2308 3527 obligaveritis
2340 3485 2392 3516 ac
2422 3474 2508 3517 duo
2539 3473 2604 3517 rei
2633 3473 2916 3529 promittendi

1570 3530 1815 3581 extiteritis,
1848 3542 1961 3579 cum,
1992 3529 2030 3572 si
2060 3528 2234 3584 quidem
2263 3529 2321 3572 ab
2349 3529 2475 3573 initio
2501 3529 2806 3585 unusquisque
2834 3542 2914 3584 pro

1569 3590 1698 3641 parte
1743 3585 1802 3628 sit
1839 3585 2083 3639 obligatus,
2128 3583 2276 3640 egredi
2292 3586 2327 3611 ¹²
2371 3588 2627 3629 contractus
2658 3585 2787 3627 fidem
2825 3597 2914 3627 non

1571 3726 1865 3767 constitutionis
1892 3726 1991 3766 haec
2014 3733 2130 3766 sunt:
2161 3725 2293 3777 Impp.
2320 3724 2606 3766 Diocletianus
2641 3726 2682 3764 et
2696 3724 2911 3763 Maximia-

1570 3795 1648 3822 nus
1678 3781 1803 3833 (idem
1829 3780 1920 3832 alii)
1950 3781 2036 3820 AA.
2068 3780 2126 3831 (et
2155 3793 2212 3820 00.
2245 3783 2318 3821 ins.
2347 3781 2438 3832 alii)
2468 3779 2669 3819 Paulinae
2698 3780 2772 3828 (sic
2796 3779 2910 3828 Hal„

1567 3837 1675 3878 iulio
1691 3837 1778 3887 alii,
1802 3851 1874 3877 om.
1892 3832 1994 3887 alii).
2041 3835 2086 3875 Si
2103 3834 2184 3876 duo
2199 3835 2389 3888 pluresve
2408 3836 2470 3875 rei
2489 3835 2700 3875 cuiusdam
2722 3833 2910 3873 traditio-

1569 3906 1663 3933 nem
1688 3891 1962 3933 communiter
1986 3891 2032 3930 in
2054 3890 2231 3932 solidum
2251 3891 2485 3944 acceperint
2500 3889 2780 3940 (traditionem
2802 3901 2908 3928 com—

1568 3961 1734 3988 munem
1773 3948 1817 3987 in
1857 3945 1929 3986 sol.
1961 3947 2195 3998 acceperint
2225 3948 2311 3997 alii,
2344 3946 2568 3986 traditione
2598 3945 2911 3986 conventionem

1569 4009 1615 4048 in
1635 4006 1709 4048 sol.
1730 4006 1904 4046 inierint
1920 4006 2036 4057 Hal„
2043 4008 2182 4060 fuitne
2198 4008 2506 4060 promissionem
2516 4022 2595 4059 pro
2614 4006 2908 4060 traditionem),

1571 4063 1814 4113 cuicumque
1845 4074 2000 4111 eorum,
2030 4063 2226 4112 quamdiu
2248 4075 2310 4102 res
2339 4064 2385 4102 in
2415 4063 2554 4102 eadem
2574 4074 2697 4103 causa
2716 4075 2906 4115 perman-

1571 4119 1684 4167 serit,
1714 4118 1750 4158 si
1781 4129 1897 4157 casus
1916 4115 2117 4171 obtulerit
2144 4118 2378 4167 (abstulerit
2398 4131 2486 4157 eam
2516 4119 2620 4169 alii),
2650 4120 2758 4157 actio
2778 4118 2823 4157 in
2843 4131 2907 4159 so-

1569 4174 1704 4214 lidum
1731 4171 1973 4223 (unicuique
2003 4174 2077 4213 ins.
2108 4174 2200 4223 alii)
2231 4172 2437 4224 competit.
2485 4173 2567 4212 ΡΡ.
2600 4186 2652 4212 111
2682 4186 2779 4213 11011.
2809 4175 2905 4213 Dec.

1571 4229 1750 4269 Maximo
1790 4240 1824 4267 11
1864 4229 1904 4267 et
1936 4226 2137 4279 Aquilino
2176 4241 2307 4268 conss.
2347 4230 2417 4277 (=
2459 4243 2497 4268 a.
2529 4229 2627 4280 286).
2684 4230 2906 4271 constitutio

1572 4285 1713 4325 addita
1732 4283 1888 4323 videtur
1917 4297 1965 4324 ex
1990 4283 2241 4336 Greqoriano
2267 4284 2424 4324 Codice.
2483 4285 2592 4335 quod
2610 4283 2700 4324 olim
2726 4299 2775 4324 ex
2795 4284 2904 4325 Pau-

1572 4340 1677 4380 linae
1713 4339 1866 4378 nomine
1905 4346 1942 4378 et
1978 4353 2025 4379 ex
2064 4340 2128 4379 die
2168 4339 2455 4379 constitutionis
2484 4340 2636 4380 conieci
2665 4340 2904 4392 iunyendam

1570 4409 1651 4434 esse
1681 4394 1720 4441 4,
1752 4401 1808 4443 64,
1839 4401 1859 4434 8
1892 4402 1930 4434 et
1958 4394 2202 4435 consulatum
2245 4396 2345 4435 anni
2381 4403 2448 4437 294
2487 4398 2786 4446 restituendum,
2825 4413 2902 4438 non

1567 4450 1666 4489 ,satis
1687 4448 1833 4487 validis
1855 4452 2096 4501 argumentis
2112 4452 2273 4491 nititur:
2292 4451 2397 4500 fieri
2415 4452 2514 4491 enim
2529 4461 2674 4504 potest,
2703 4461 2746 4492 ut
2765 4469 2901 4493 nomen

1569 4505 1768 4543 Paulinae
1800 4518 1824 4542 a
1855 4503 2033 4546 librariis
2064 4506 2242 4546 additum
2262 4507 2315 4546 sit
2399 4507 2470 4559 (12)
2493 4507 2603 4547 credi
2625 4508 2693 4560 Va,
2724 4509 2901 4550 creditor

1568 4559 1706 4610 egredi
1738 4558 1954 4601 Mommsen
