3152 4784
254 198 327 238 DE
362 197 671 236 DIVIDENDA
709 198 920 237 TU'I'ELA

308 333 373 382 12
418 334 542 381 Idem
579 337 671 381 AA.
711 341 758 382 et
793 334 870 382 00.
912 333 1166 390 Quintillae.
1236 337 1419 383 Tutelae
1462 339 1580 384 actio

251 397 342 436 tam
390 392 625 438 heredibus
707 406 809 437 uam
868 392 1001 437 etiam
1015 394 1028 418 ²
1089 394 1245 436 contra
1298 408 1579 439 successores

249 461 346 492 com
379 448 471 492 etit.
526 447 571 493 S.
598 451 661 493 ΚΞ
729 484 738 493 .
764 448 868 493 Dec.
896 447 1034 492 Sirmi
1043 449 1060 474 ³
1087 446 1165 492 00.
1201 463 1344 495 conss.
1400 455 1456 504 [a.
1480 454 1578 504 294]

308 502 329 549 1
403 503 516 562 Imp.
547 504 827 549 lastinianus
852 503 904 548 A.
936 502 1119 547 Iuliano
1141 518 1223 563 pp.
1268 506 1442 552 Veteris
1470 507 1578 551 iuris

248 559 565 605 dubitationem
604 561 850 605 decidentes
887 560 1131 614 sancimus,
1172 560 1210 604 si
1247 563 1422 617 quidem
1456 568 1579 606 tutor

246 615 315 660 vel
351 619 533 661 curator
599 630 649 661 ro
687 615 935 660 substantia
964 616 1120 671 pupilli
1149 618 1216 660 vel
1246 619 1384 662 adulti
1414 617 1578 674 aliquid

247 671 513 727 ubicumque
562 631 722 716 dixerit
772 671 830 714 ad
879 672 1090 715 maiorem
1142 675 1428 727 quantitatem
1482 686 1577 716 eam

246 727 486 782 reducens,
530 727 620 772 sive
654 741 736 783 pro
776 727 965 770 utilitate
1002 728 1161 784 pupilli
1198 730 1266 773 vel
1306 730 1447 774 adulti
1487 729 1576 773 sive

247 796 327 840 per
366 785 505 827 solam
533 783 879 850 simplicitatem⁴
915 783 1005 827 sive
1042 797 1123 839 per
1162 785 1293 828 aliam
1352 798 1574 829 uamcum-

245 852 333 940 {lige
362 852 554 894 causam,
584 839 694 882 mhil
722 839 895 882 veritati
922 840 1239 896 praeiudicare,
1278 855 1324 885 se

313 907 386 940 ere

252 957 268 995 1
342 929 447 1008 1)ιῖΡί
484 951 571 995 aris
614 950 683 994 vel
725 950 864 994 adulti
907 952 1099 995 ostendit
1141 953 1430 997 substantiae.
1500 951 1576 995 Sin

245 1011 393 1052 autem
438 1006 682 1051 inventario
728 1007 906 1063 publice
948 1007 1068 1058 facto
1112 1022 1183 1052 res
1227 1009 1466 1065 pupillares
1508 1008 1576 1051 vel

244 1063 385 1107 adulti
422 1062 732 1118 conscripserit
771 1066 816 1106 et
852 1063 948 1119 ipse
990 1077 1071 1119 per
1106 1065 1357 1109 huiusmodi
1386 1064 1574 1120 scriptu-

243 1132 339 1163 ram
381 1118 610 1162 confessus
654 1118 788 1162 fuerit
831 1119 1088 1175 ampliorem
1132 1121 1419 1176 quantitatem
1471 1120 1573 1164 sub-

243 1173 445 1228 stantiae,
484 1187 573 1217 non
604 1186 701 1218 esse
729 1175 851 1218 aliud
879 1175 1200 1231 inspiciendum
1230 1177 1316 1221 nisi
1344 1177 1428 1220 hoc
1460 1174 1575 1230 quod

243 1229 433 1286 scripsit,
463 1234 507 1273 et
536 1230 777 1274 secundum
803 1231 914 1275 vires
943 1232 1136 1276 eiusdem
1161 1233 1408 1288 scripturae
1436 1231 1572 1287 patri-

242 1286 434 1330 monium
475 1285 634 1341 pupilli
675 1286 743 1330 vel
794 1287 933 1330 adulti
977 1289 1110 1343 exigi:
1167 1301 1310 1343 neque
1353 1288 1469 1332 enim
1512 1286 1575 1330 sic

242 1342 372 1385 homo
403 1341 608 1398 simplex,
637 1342 769 1386 immo
798 1344 938 1398 magis
968 1345 1131 1388 stultus
1160 1344 1406 1395 invenitur,
1445 1348 1495 1386 ut
1533 1349 1577 1385 et

241 1397 289 1440 in
315 1397 494 1453 publico
522 1397 768 1442 inventario
810 1405 968 1443 contra
999 1413 1047 1444 se
1077 1400 1210 1444 scribi
1239 1399 1405 1456 aliquid
1434 1399 1574 1455 patia-

243 1456 268 1496 2
297 1456 357 1506 (1)
385 1459 472 1496 tur.
543 1453 624 1497 Illo
672 1455 828 1510 procul
871 1455 1006 1499 dubio
1051 1455 1350 1505 observando,
1394 1461 1444 1498 ut
1485 1468 1574 1498 non

240 1509 402 1552 audeat
442 1514 567 1553 tutor
603 1510 670 1553 vel
715 1513 894 1555 curator
936 1524 1006 1555 res
1045 1511 1283 1567 pupillares
1325 1511 1394 1554 vel
1438 1510 1576 1554 adulti

239 1564 368 1609 aliter
403 1565 616 1621 attingere
646 1567 712 1610 vel
753 1567 887 1610 ullam
916 1567 1002 1611 sibi
1031 1566 1382 1610 communionem
1411 1566 1469 1610 ad
1498 1578 1574 1610 eas

238 1620 482 1676 vindicare,
518 1622 604 1665 nisi
631 1622 755 1677 prius
783 1622 1030 1666 inventario
1058 1622 1236 1677 publice
1265 1622 1385 1665 facto
1417 1634 1574 1666 secun-

239 1675 343 1720 dum
379 1690 545 1720 morem
583 1677 762 1721 solitum
799 1691 871 1722 res
910 1677 972 1721 eis
1011 1677 1268 1720 tradantur:
1311 1677 1398 1720 nisi
1435 1681 1573 1722 testa-

237 1735 356 1776 tores
401 1732 475 1787 qui
522 1733 815 1776 substantiam
862 1733 1170 1776 transmittunt
1212 1733 1464 1788 specialiter
1506 1733 1572 1776 in-

237 1791 263 1843 3
319 1787 563 1831 ventarium
593 1788 812 1832 conscribi
839 1788 1094 1832 vetaverint.
1142 1788 1328 1831 Scituris
1348 1788 1573 1832 tutoribus

236 1845 282 1886 et
310 1843 602 1894 curatoribus,
635 1843 764 1898 quod,
805 1844 844 1886 si
870 1843 1164 1887 inventarium
1193 1844 1342 1887 facere
1369 1844 1571 1898 neglexe-

233 1897 335 1949 rim,
381 1901 427 1941 et
469 1898 597 1964 quasi
639 1898 836 1953 suspecti
879 1899 935 1942 ab
983 1899 1131 1943 officio
1175 1904 1485 1942 removeantur
1528 1902 1574 1943 et

230 1953 386 2009 poenis
415 1953 642 2008 legitimis,
682 1966 795 2010 quae
825 1958 981 1998 contra
1012 1968 1087 1998 eos
1116 1955 1422 1999 interminatae
1453 1960 1571 2007 sunt,

231 2009 525 2052 subiacebunt
579 2013 623 2053 et
671 2014 830 2066 postea
880 2014 1099 2067 perpetua
1142 2011 1319 2054 macula
1362 2011 1572 2055 infamiae

230 2065 516 2121 notabuntur,
546 2078 688 2122 neque
717 2068 774 2111 ab
802 2067 1020 2123 imperiali
1049 2067 1261 2112 beneficio
1290 2067 1573 2111 absolutione

229 2120 483 2165 huiusmodi
519 2124 653 2166 notae
687 2121 881 2166 fruituri.
940 2122 996 2167 D.
1033 2122 1076 2167 lc.
1106 2124 1224 2182 Auq.
1257 2122 1571 2168 Constantino-

228 2177 328 2235 poli
355 2176 606 2235 Lampadio
636 2183 682 2222 et
713 2177 868 2224 Oreste
896 2193 959 2224 vv.
992 2193 1054 2224 cc.
1085 2193 1230 2224 conss.
1381 2183 1438 2233 [a.
1472 2184 1569 2232 530]

1383 842 1468 885 hoc
1497 841 1576 884 ob-

477 895 567 939 uod
602 894 742 950 ipsius
778 895 843 937 rei
879 895 1051 939 inducit
1087 902 1248 940 natura
1287 902 1331 941 et
1372 908 1577 940 mensura

844 2351 950 2399 LII.

231 2432 308 2472 DE
350 2431 672 2473 DIVIDENDA
709 2432 934 2473 TUTELA
977 2433 1050 2473 ET
1086 2433 1193 2475 PRO
1231 2433 1345 2480 QUA
1382 2433 1569 2473 PARTE

408 2488 652 2535 QUISQUE
680 2488 947 2529 TUTORUM
977 2488 1394 2530 GONVENIATUR.

289 2568 312 2615 1
350 2568 463 2628 Imp.
498 2568 756 2614 Gordianus
784 2571 835 2614 A.
872 2570 1051 2628 Optato.
1097 2570 1142 2615 Si
1165 2574 1268 2627 post
1291 2571 1464 2615 finitum
1489 2571 1567 2615 ad-

229 2626 563 2670 ministrationis
595 2625 790 2670 officium
822 2626 1014 2682 collegae
1043 2628 1110 2671 tui
1137 2627 1414 2672 indemnitati
1438 2640 1567 2683 prae-

228 2681 413 2726 standae
440 2682 587 2727 idonei
617 2682 798 2726 fuerunt
833 2688 1097 2739 posteaque,
1139 2684 1242 2727 dum
1278 2697 1369 2728 non
1408 2696 1568 2727 conve-

228 2737 429 2792 niuntur,
473 2738 617 2782 minus
660 2738 807 2783 idonei
845 2739 989 2783 effecti
1031 2744 1155 2794 sunt,
1200 2740 1354 2783 vitium
1397 2740 1568 2784 alienae

229 2794 486 2838 cessationis
514 2793 571 2838 ad
600 2794 666 2838 dis
700 2794 875 2838 endium
909 2800 1034 2838 tuum
1063 2796 1286 2851 pertinere
1312 2795 1423 2840 iuris
1451 2796 1566 2840 ratio

225 2862 318 2894 non
358 2851 540 2906 patitur.
615 2849 660 2894 P
670 2851 708 2894 ’.
749 2862 798 2894 VJ
830 2851 889 2895 id.
923 2850 1033 2895 Mai.
1079 2850 1311 2896 Gordiano
1348 2853 1400 2896 A.
1442 2864 1490 2895 ΙΙ
1524 2858 1569 2896 et

224 2903 504 2965 Pompeiano
535 2919 678 2950 conss.
1378 2911 1435 2961 [a.
1467 2912 1565 2960 241]

281 2958 314 3007 2
351 2960 531 3021 Imppp.
575 2961 718 3006 Carus
760 2961 951 3007 Carinus
988 2969 1034 3008 et
1069 2964 1378 3009 Numerianus
1409 2965 1567 3009 AAA.⁵

223 3016 517 3076 Primiqenio.
577 3018 625 3062 Si
662 3018 818 3063 divisio
858 3019 1253 3065 administrationis
1292 3021 1407 3064 inter
1444 3023 1563 3065 tuto-

223 3086 296 3118 res
325 3075 415 3118 sive
445 3079 673 3118 curatores
702 3075 749 3118 in
780 3075 932 3119 eodem
960 3077 1061 3121 loco
1092 3089 1171 3120 seu
1199 3077 1429 3133 provincia
1459 3089 1564 3122 con-

225 3130 402 3174 stitutos
431 3130 621 3174 necdum
649 3131 758 3184 fuit,
798 3132 1022 3176 licentiam
1060 3133 1196 3177 habet
1229 3133 1490 3177 adulescens
1520 3138 1566 3177 et

224 3199 363 3229 unum
396 3198 549 3229 eorum
577 3186 737 3242 eligere
775 3191 821 3230 et
848 3192 992 3231 totum
1021 3188 1219 3233 debitum
1249 3189 1435 3244 exigere,
1468 3202 1563 3234 ces·
1604 3204 1606 3209 ’

225 3241 352 3285 sione
384 3241 588 3285 videlicet
624 3243 680 3285 ab
718 3254 771 3285 eo
808 3243 1019 3287 adversus
1066 3247 1238 3288 ceteros
1275 3249 1445 3290 tutores
1484 3258 1566 3290 seu

229 3301 245 3339 1
297 3301 524 3341 curatores
554 3297 779 3341 actionum
809 3299 851 3341 ei
880 3299 1220 3355 competentium
1246 3299 1466 3344 facienda.
1510 3301 1565 3345 In

225 3352 480 3396 divisionem
529 3358 677 3397 autem
726 3354 1105 3398 administratione
1155 3355 1347 3399 deducta
1400 3356 1491 3400 sive
1536 3369 1565 3400 a

223 3408 426 3464 praeside
470 3408 560 3452 sive
601 3422 628 3452 a
673 3410 899 3454 testatoris
940 3411 1168 3455 voluntate
1211 3424 1564 3467 unumquemque

222 3478 308 3530 pro
336 3477 418 3508 sua
446 3465 825 3510 administratione
856 3468 1087 3511 convenire
1115 3469 1284 3523 potest,
1315 3468 1563 3532 periculum

221 3533 408 3565 mvlcem
435 3522 658 3566 tutoribus
687 3534 767 3566 seu
798 3523 1077 3567 curatoribus
1108 3535 1198 3567 non
1228 3523 1562 3578 sustinentibus,

224 3577 310 3621 nisi
346 3589 428 3633 per
470 3577 619 3622 dolum
661 3581 742 3622 aut
787 3579 960 3635 culpam
1000 3584 1256 3635 suspectum
1294 3593 1383 3623 non
1419 3592 1560 3623 remo-

223 3638 382 3677 verunt
409 3634 478 3677 vel
505 3634 631 3677 tarde
660 3635 927 3690 suspicionis
949 3635 1167 3679 rationem
1188 3640 1430 3691 moverunt,
1462 3649 1562 3679 cum

225 3689 337 3732 alter
376 3702 528 3733 eorum
565 3703 655 3733 non
694 3691 899 3735 solvendo
931 3691 1115 3736 effectus
1145 3693 1216 3747 sit,
1247 3693 1315 3735 vel
1345 3691 1562 3748 suspicio-

224 3744 293 3789 nis
333 3757 513 3789 causam
551 3746 720 3801 agendo
760 3760 844 3791 sua
880 3751 1039 3803 sponte
1075 3748 1174 3791 iura
1212 3748 1371 3804 pupilli
1413 3747 1561 3804 prodi-

224 3805 249 3844 2
307 3800 479 3845 derunt.
546 3801 644 3846 Nec
682 3803 864 3858 prodest
899 3804 962 3847 eis
1000 3804 1249 3848 dicentibus
1284 3807 1562 3848 contutorem

224 3861 248 3901 3
307 3869 437 3901 suum
465 3870 556 3901 non
584 3858 913 3903 administrasse
942 3861 1182 3916 pupillares
1212 3873 1297 3904 res.
1351 3860 1429 3904 Sin
1458 3872 1561 3904 vero

221 3912 337 3968 ipsi⁸
379 3913 493 3957 inter
529 3926 578 3957 se
615 3926 686 3957 res
731 3914 1122 3960 administrationis
1166 3916 1429 3971 diviserunt,
1472 3929 1562 3959 non

221 3969 483 4025 prohibetur
525 3969 784 4014 adulescens
829 3976 873 4014 et
909 3985 1046 4015 unum
1091 3985 1146 4016 ex
1182 3972 1250 4016 his
1289 3973 1336 4016 in
1376 3972 1561 4016 solidum

223 4026 470 4078 convenire,
500 4025 565 4068 ita
588 4030 639 4069 ut
663 4026 860 4070 actiones
906 4040 1015 4084 quas
1040 4028 1250 4072 adversus
1277 4029 1388 4072 alios
1412 4029 1560 4082 habet,

221 4082 281 4125 ad
309 4082 497 4126 electum
526 4081 780 4146 transferat.
839 4060 933 4126 151³.
965 4083 1182 4128 Hemesae
1211 4085 1307 4128 ηπ
1340 4084 1383 4127 lc.
1415 4084 1559 4143 April.

225 4136 390 4182 Carino
423 4150 468 4181 11
494 4143 540 4182 et
568 4137 844 4182 Numeriano
873 4139 967 4183 AA.
998 4152 1143 4183 conss.
1373 4145 1429 4193 [a.
1462 4144 1558 4193 284]

279 4190 310 4241 3
340 4193 487 4253 Impp.
519 4193 831 4237 Diocletianus
858 4199 904 4239 et
928 4193 1243 4240 Maximianus
1271 4197 1364 4240 AA.
1405 4202 1450 4241 et
1481 4195 1558 4240 00.

223 4249 396 4295 Zotico.
460 4250 591 4294 Licet
637 4254 833 4294 tutorum
871 4251 1158 4295 conventione
1201 4255 1402 4296 mutuum
1442 4252 1559 4309 peri-

221 4392 273 4443 (1)
303 4392 425 4432 etiam
450 4391 538 4443 VC,
569 4408 641 4433 om.
661 4392 701 4432 P
782 4393 836 4443 (2)
861 4405 892 4431 x
916 4393 1031 4444 Hal,
1048 4409 1120 4434 om.
1145 4394 1187 4434 V
1266 4395 1319 4446 (3)
1336 4394 1462 4435 Sirmi
1479 4394 1554 4435 del.

221 4448 277 4498 (4)
304 4449 364 4489 sic
403 4449 544 4501 Von,
573 4461 650 4501 pro
679 4461 753 4488 sua
781 4447 1045 4501 simplicitate
1073 4449 1125 4489 Pt
1237 4453 1292 4503 (5)
1321 4452 1447 4503 impp.
1480 4450 1557 4490 Ca-

221 4502 341 4544 rinus
361 4505 402 4545 et
422 4504 702 4545 Numerianus
717 4507 805 4545 AA.
830 4520 907 4545 scr.
993 4506 1049 4556 (6)
1067 4504 1169 4557 ipsis
1201 4506 1258 4546 Va
1343 4509 1397 4559 (7)
1423 4520 1485 4546 xv
1511 4506 1558 4555 V,

215 4571 285 4600 κη
318 4559 420 4601 Hal.
514 4563 571 4613 (s)
604 4562 647 4602 Β
677 4563 745 4614 38,
774 4571 814 4603 15
844 4584 901 4591 -
933 4561 994 4614 Cf
1025 4561 1126 4614 Οἱς.
1161 4563 1226 4614 12,
1255 4572 1274 4602 3
1377 4564 1434 4614 (9)
1465 4561 1559 4603 dolo

220 4615 298 4655 del.
333 4615 550 4658 Mommsen
663 4619 739 4669 (ιο)
776 4617 1038 4657 convincitur
1075 4618 1166 4658 dett.
1199 4633 1284 4658 cum
1313 4620 1402 4658 ΒΣ
1422 4621 1476 4671 (κ.
1494 4619 1558 4667 π.)

221 4672 292 4723 (11)
319 4689 376 4709 =
409 4671 655 4714 Consultatio
685 4676 724 4722 9,
756 4684 775 4715 8

1581 182 1686 276 229

1642 4394 1716 4445 (13)
1746 4394 1830 4433 tuis
1858 4393 1901 4435 R
1934 4394 2122 4444 Consult„
2163 4394 2255 4445 quis
2294 4393 2371 4433 VC

891 4674 963 4724 (12)
993 4672 1119 4712 militi
1154 4674 1341 4726 Consuh„
1374 4689 1446 4714 om.
1467 4675 1562 4714 libri

2711 189 2755 240 V
2793 190 2998 241 51-54

1664 339 1810 382 culum
1849 338 2024 382 minime
2061 336 2261 392 finiatur,
2302 342 2448 384 tamen
2484 353 2584 384 eum
2614 341 2691 406 qui
2718 339 2998 384 administra-

1663 395 1744 447 vit,
1782 395 1821 440 si
1860 393 2068 439 solvendo
2107 394 2186 447 sit,
2225 394 2271 437 in
2310 395 2448 450 primo
2478 396 2578 440 loco
2610 408 2792 452 elusque
2823 409 2999 440 succes-

1663 464 1785 495 sores
1808 449 2128 495 conveniendos
2146 463 2243 494 esse
2258 463 2347 494 non
2363 452 2614 508 ambigitur.
2661 451 2708 497 S.
2726 464 2816 496 1111
2840 451 2884 496 lc.
2905 451 2998 497 Oct.

1666 506 1742 550 00.
1776 520 1921 551 conss.
2811 511 2867 560 [a.
2900 512 2998 560 294]

2255 678 2407 727 L111.⁸

1999 760 2076 799 DE
2105 760 2169 799 IN
2198 761 2380 800 LITEM
2409 760 2674 800 IURANDO.

1718 836 1740 882 1
1781 836 1926 895 Impp.
1960 838 2151 883 Severus
2187 846 2233 883 et
2259 841 2517 883 Antoninus
2544 840 2636 882 AA.
2668 838 3001 896 Asclepiodoto.

1660 893 1885 936 Adversus
1921 894 2129 937 heredem
2158 896 2321 938 tutoris
2351 895 2408 937 ad
2437 894 2788 937 transferendam
2817 895 3002 938 tutelam

1658 948 1848 992 iudicem
1887 949 2110 1004 accipiens
2149 954 2348 1003 tempore
2383 950 2474 992 litis
2510 949 2567 992 ad
2594 950 2809 1005 puberem
2837 951 3002 993 instru-

1659 1009 1808 1048 menta
1868 1003 2104 1047 ertinentia
2133 1004 2309 1047 restitui
2337 1004 2622 1048 desiderabis.
2682 1005 2801 1061 quod
2834 1006 2873 1049 si
2902 1006 3002 1050 dolo

1659 1073 1749 1104 non
1777 1073 1802 1104 e
1864 1060 2095 1112 ibeantur,
2134 1060 2181 1102 in
2215 1060 2338 1103 litem
2365 1060 2542 1103 iurandi
2571 1060 2652 1104 tibi
2681 1061 2874 1105 facultas
2906 1062 3001 1115 erit,

1658 1116 1787 1160 modo
1833 1116 1872 1160 si
1910 1115 2131 1172 quondam
2170 1116 2341 1172 pupillo
2379 1116 2575 1160 debitam
2614 1117 2907 1161 adfectionem
2946 1119 3003 1161 ad

1659 1173 1835 1216 vincula
1864 1178 1870 1210 ἵ
1904 1184 2049 1228 uoque
2091 1172 2314 1228 religionis
2359 1173 2596 1216 extendere
2635 1173 2839 1217 volueris.
2906 1173 3000 1217 ΡΡ.

1658 1228 1702 1272 lc.
1733 1229 1804 1272 Au
1839 1263 1848 1272 .
1922 1234 1996 1274 eta
2027 1240 2073 1272 11
2099 1241 2220 1272 cons.
2815 1233 2871 1283 [a.
2905 1233 3000 1282 205]

1716 1282 1747 1329 2
1789 1242 1904 1343 Iqmp.
1944 1285 2202 1328 Antoninus
2238 1286 2290 1328 A.
2334 1282 2511 1329 Severo.
2585 1286 2649 1340 Is,
2695 1286 2770 1340 qui
2805 1286 3002 1330 rationes

1658 1341 1826 1384 tutelae
1865 1354 1945 1385 seu
1986 1353 2119 1384 curae
2156 1341 2374 1396 reposcit,
2417 1341 2581 1385 invitus
2619 1342 2666 1385 in
2704 1342 2825 1386 litem
2854 1343 3002 1386 iurare

1659 1396 1864 1453 compelli
1893 1410 1983 1441 non
2012 1400 2174 1454 potest.
2235 1396 2313 1440 sed
2342 1398 2492 1441 volens
2521 1398 2586 1441 ita
2616 1398 2790 1442 demum
2818 1399 2999 1442 audien-

1659 1453 1742 1496 dus
1781 1458 1868 1507 est,
1912 1453 1952 1497 si
1988 1453 2118 1497 heres
2157 1466 2237 1508 per
2274 1454 2450 1508 longam
2487 1454 2814 1498 successionem
2842 1456 3001 1498 tutoris

1657 1509 1951 1552 instrumenta
1989 1509 2227 1564 pupillaria
2266 1509 2366 1552 dolo
2381 1510 2399 1534 ⁹
2437 1510 2807 1554 circumveniendi
2845 1512 2999 1566 pupilli

1663 1569 1681 1608 1
1741 1565 1884 1620 gratia
1923 1565 2132 1615 exhibere
2169 1578 2259 1608 non
2289 1566 2394 1609 vult.
2465 1565 2543 1609 Sin
2572 1580 2674 1610 vero
2705 1579 2846 1623 neque
2875 1567 3000 1611 dolus

1658 1633 1800 1685 neque
1828 1621 1921 1664 lata
1952 1622 2084 1676 culpa
2113 1633 2254 1676 neque
2283 1620 2408 1664 fraus
2445 1622 2620 1666 heredis
2652 1623 2938 1667 convincetur
2953 1626 2999 1677 ¹⁰,

1658 1689 1821 1720 omissa
1845 1676 2133 1720 iurisiurandi
2155 1677 2373 1720 facultate
2394 1678 2527 1721 iudex
2544 1678 2598 1721 de
2613 1679 2797 1723 veritate
2814 1693 2999 1735 cognos-

1659 1738 1742 1781 cet,
1773 1745 1886 1788 quae
1909 1732 2044 1775 'etiam
2069 1733 2338 1787 argumentis
2360 1733 2537 1788 liquidis
2560 1734 2812 1790 investigari
2836 1740 2999 1791 potest.

1656 1787 1751 1831 ΡΡ.
1783 1799 1844 1831 Χ]
1868 1787 1912 1831 lc.
1948 1786 2041 1832 Oct.
2075 1787 2251 1832 duobus
2278 1789 2443 1846 Aspris
2472 1803 2616 1833 conss.
2811 1795 2868 1844 [a.
2902 1795 2998 1843 212]

1715 1839 1744 1888 3
1781 1841 1944 1887 ¹¹Idem
1973 1844 2025 1887 A.
2057 1842 2298 1888 Prisciano
2328 1844 2461 1888 militi
2475 1846 2522 1889 ¹².
2573 1846 2752 1889 Summa
2782 1847 3001 1890 sententia

1657 1899 1989 1953 comprehensa,
2016 1911 2149 1954 quam
2171 1900 2449 1944 cessantibus
2476 1903 2754 1946 curatoribus
2782 1903 3002 1957 quondam

1656 1954 1744 1998 tuis
1763 1954 1799 1980 ¹³
1835 1954 1970 1999 iudex
1999 1959 2180 1999 secutus
2212 1956 2500 2000 iurisiurandi
2529 1970 2557 2000 a
2584 1963 2629 2001 te
2659 1959 2824 2014 prolati
2839 1960 2873 1985 ¹⁴
2902 1959 3002 2002 reli-

1653 2010 1826 2066 gionem
1855 2011 1903 2053 in
1927 2011 2340 2056 condemnationem
2362 2012 2556 2066 deduxit,
2587 2014 2724 2057 minui
2747 2018 2881 2070 pacto
2911 2029 3001 2059 non

1655 2067 1816 2123 potuit.
1844 2064 1939 2110 ΡΡ.
1957 2065 2142 2112 lc.¹⁵Iul.
2159 2066 2302 2112 Laeto
2314 2080 2363 2112 ΙΙ
2383 2075 2429 2113 et
2446 2068 2624 2114 Cereale
2641 2084 2785 2114 conss.
2826 2075 2881 2124 [a.
2901 2076 2999 2124 215]

1711 2121 1744 2169 4
1784 2120 1854 2166 Im
1891 2157 1900 2167 .
1949 2121 2210 2167 Gordianus
2249 2126 2301 2168 A.
2347 2123 2575 2170 Muciano.
2649 2127 2750 2171 Alio
2793 2128 2889 2172 iure
2933 2134 3002 2172 est

1653 2182 1790 2234 tutor,
1821 2192 1849 2223 a
1869 2180 1908 2223 'o
1938 2180 2067 2224 heres
2100 2180 2207 2224 eius.
2266 2183 2389 2225 tutor
2419 2181 2534 2226 enim
2562 2183 2854 2227 inventarium
2884 2189 2999 2228 cete-

1652 2248 1792 2292 raque
1819 2236 2116 2280 instrumenta
2144 2236 2184 2281 si
2207 2250 2297 2281 non
2319 2238 2533 2293 proferat,
2564 2239 2610 2283 in
2632 2239 2756 2283 litem
2779 2241 2999 2285 iusiuran-

1654 2291 1759 2335 dum
1795 2291 2007 2336 adversus
2059 2305 2107 2336 se
2150 2298 2301 2348 potest
2339 2294 2592 2338 admittere:
2631 2299 2680 2339 at
2717 2297 2832 2340 enim
2870 2298 2998 2341 heres

1653 2348 1749 2392 eius
1785 2348 1849 2391 ita
1878 2348 2075 2401 demum,
2116 2349 2153 2392 si
2191 2355 2369 2405 reperta
2398 2351 2444 2393 in
2474 2351 2720 2395 hereditate
2749 2352 2850 2397 dolo
2881 2354 2996 2397 malo

1660 2409 1675 2446 1
1738 2414 1828 2447 non
1858 2404 2077 2448 exhibeat.
2145 2404 2232 2448 Sed
2262 2418 2361 2448 cum
2391 2406 2602 2450 adversus
2631 2407 2776 2463 ipsum
2806 2413 2998 2453 tutorem

1652 2459 1775 2503 litem
1811 2465 2104 2504 contestatam
2140 2473 2240 2505 esse
2277 2461 2458 2514 dicatis,
2496 2463 2866 2509 transferentibus
2883 2466 2917 2491 ¹⁶
2951 2466 2997 2508 in

1652 2515 1837 2560 heredes
1867 2516 1962 2560 eius
1992 2516 2211 2560 actionem
2231 2530 2412 2573 praeses
2432 2520 2684 2574 provinciae
2711 2526 2861 2576 partes
2891 2535 2995 2565 suas

1652 2572 1879 2615 exhibebit
1903 2585 1993 2616 non
2016 2572 2240 2628 ignorans,
2262 2573 2347 2617 nisi
2373 2575 2665 2619 exhibeantur
2687 2577 2994 2631 instrumenta,

1653 2634 1872 2684 quatenus
1911 2629 2036 2672 iuxta
2074 2629 2261 2672 formam
2297 2631 2663 2675 constitutionum
2701 2638 2851 2688 partes
2891 2647 2995 2677 suas

1652 2685 1813 2729 debeat
1839 2685 2073 2729 moderari.
2133 2684 2227 2729 ΡΡ.
2267 2698 2340 2729 VJJ
2365 2686 2407 2729 lc.
2444 2685 2537 2731 Oct.
2569 2687 2655 2732 Pio
2692 2694 2738 2733 et
2765 2688 2994 2733 Pontiano

1651 2754 1796 2785 conss.
2823 2759 2863 2789 a.
2896 2749 2993 2797 238]

1707 2796 1737 2843 5
1771 2795 1841 2840 Im
1866 2811 1918 2855 p.
1951 2796 2264 2841 Diocletianus
2293 2803 2338 2842 et
2363 2796 2679 2843 Maximianus
2708 2750 2821 2844 AA.[
2840 2806 2885 2845 et
2916 2801 2993 2845 00.

1650 2852 1822 2897 Artemi
1854 2866 1950 2897 oro.
1995 2853 2124 2897 Licet
2146 2853 2356 2898 adversus
2376 2854 2560 2899 heredes
2579 2856 2613 2882 ¹⁷
2637 2857 2692 2899 ob
2720 2870 2807 2900 non
2829 2856 2995 2901 factum

1649 2909 1942 2954 inventarium
1970 2909 2278 2953 iusiurandum
2314 2910 2362 2953 in
2391 2912 2567 2955 actione
2596 2913 2765 2957 tutelae
2793 2917 2995 2969 praeter-

1648 2965 1763 3009 mitti
1792 2965 2033 3021 placuerit,
2071 2965 2259 3009 iudicem
2287 2970 2440 3011 tamen
2469 2967 2587 3011 velut
2616 2981 2670 3012 ex
2701 2969 2800 3013 dolo
2831 2971 2993 3014 tutoris

1649 3022 1746 3065 aliis
1782 3021 1957 3066 indiciis
1993 3022 2261 3066 instructum
2298 3023 2509 3067 adversus
2549 3037 2625 3068 eos
2665 3024 2781 3068 ferre
2814 3031 2991 3069 senten-

2189 3091 2284 3122 VIIJ
2331 3078 2373 3122 lc.
2423 3078 2522 3123 Ian.
2576 3080 2866 3125 Nicomediae
2914 3081 2990 3126 00.

2804 3141 2861 3189 [a.
2894 3141 2991 3191 294]

1648 3078 1756 3121 tiam
1801 3078 2019 3121 convenit.
2095 3077 2139 3121 S.

1649 3148 1792 3178 conss,

2221 3305 2418 3353 L1111.¹⁸

1943 3386 2020 3426 DE
2048 3386 2378 3428 HEREDIBUS
2407 3388 2687 3430 TUTORUM.

1707 3467 1729 3513 1
1782 3466 1929 3526 Jmpp.
1977 3466 2170 3512 Severus
2222 3474 2269 3513 et
2308 3469 2568 3514 Antoninus
2609 3471 2703 3515 AA.
2748 3471 2989 3517 Fusciano.

1647 3523 1843 3567 Heredes
1887 3523 2051 3567 tutoris
2094 3524 2150 3567 ob
2194 3526 2535 3582 neglegentiam,
2583 3540 2696 3583 quae
2740 3541 2830 3571 non
2873 3529 2990 3573 latae

1648 3581 1803 3635 culpae
1835 3580 2084 3635 comparari
2112 3581 2269 3636 possit,
2301 3582 2584 3626 condemnari
2613 3597 2703 3628 non
2734 3590 2922 3640 oportet,
2954 3586 2990 3628 si

1647 3650 1735 3679 non
1766 3639 1921 3679 contra
1950 3638 2142 3680 tutorem
2172 3637 2225 3680 lis
2247 3638 2459 3682 inchoata
2480 3642 2550 3683 est
2572 3652 2713 3694 neque
2743 3653 2797 3683 ex
2828 3640 2988 3684 damno

1645 3691 1803 3747 pupilli
1840 3692 2014 3735 lucrum
2051 3705 2104 3736 ca
2135 3697 2277 3736 tatum
2317 3700 2396 3738 aut
2423 3696 2593 3751 gratiae
2621 3696 2884 3751 praestitum
2913 3698 2985 3740 sit.

1645 3747 1738 3791 ΡΡ.
1780 3759 1829 3790 VJ
1854 3746 1914 3791 id.
1930 3746 2067 3791 Mart.
2140 3754 2331 3794 aterano
2362 3756 2408 3795 et
2426 3751 2594 3815 Rufino
2621 3765 2764 3795 conss.
2812 3755 2869 3803 [a.
2891 3755 2985 3804 197]

1703 3801 1733 3848 2
1775 3801 1890 3861 Imp.
1929 3804 2186 3848 Antoninus
2223 3806 2274 3849 A.
2326 3806 2639 3851 Valentiniano
2679 3813 2725 3850 et
2760 3805 2984 3850 Materno.

1644 3859 1779 3903 Pater
1807 3863 1950 3903 vester
1985 3862 2109 3903 tutor
2146 3862 2214 3905 vel
2252 3867 2433 3906 curator
2468 3862 2599 3905 datus
2638 3863 2675 3905 si
2712 3875 2760 3906 se
2789 3875 2879 3906 non
2907 3875 2984 3906 ex-

1647 3916 1838 3965 cusavit,
1884 3928 1974 3958 non
2016 3915 2118 3960 ideo
2157 3930 2234 3961 vos
2272 3919 2417 3962 minus
2452 3918 2637 3961 heredes
2683 3919 2776 3962 eius
2820 3919 2985 3962 tutelae

1644 3973 1714 4015 vel
1742 3971 1839 4014 utili
1867 3970 2029 4014 iudicio
2062 3974 2283 4017 conveniri
2313 3974 2512 4029 potestiS,
2546 3974 2663 4027 quod
2690 3986 2788 4016 eum
2804 3973 2839 4000 ¹⁹
2867 3978 2984 4016 tute-

1644 4028 1732 4070 lam
1761 4039 1841 4071 seu
1871 4039 2023 4070 curam
2053 4041 2142 4072 non
2164 4030 2495 4073 administrasse
2521 4029 2686 4072 dicitis:
2718 4042 2819 4072 nam
2850 4029 2983 4072 etiam

1651 4088 1665 4125 1
1715 4083 1976 4127 cessationis
1993 4084 2104 4127 ratio
2120 4085 2344 4129 reddenda
2358 4091 2437 4128 est.
2484 4084 2614 4127 Prius
2635 4088 2782 4127 tamen
2797 4090 2982 4149 propter

1643 4143 1791 4181 actum
1831 4151 1960 4181 suum
1999 4151 2075 4184 eos
2113 4141 2431 4184 conveniendos
2471 4152 2567 4183 esse
2598 4141 2671 4195 qui
2701 4140 2981 4183 admmistra-

1642 4195 1786 4238 verint
1823 4206 1956 4249 saepe
1990 4197 2255 4251 rescriptum
2290 4202 2370 4240 est.
2428 4194 2523 4238 ΡΡ.
2554 4207 2614 4239 Χ]
2647 4195 2690 4238 lc.
2721 4194 2859 4239 Mart.
2889 4198 2980 4238 An-

1646 4250 1802 4294 tonino
1831 4251 1884 4293 A.
1915 4261 2008 4293 1111
2033 4257 2080 4295 et
2106 4252 2303 4296 Balbino
2335 4265 2477 4295 conss.
2787 4255 2845 4303 [a.
2880 4254 2978 4303 213]

2505 4394 2579 4443 (14)
2610 4391 2758 4444 perlatl
2804 4392 2979 4432 Consult.

1643 4452 1716 4500 (15)
1746 4451 1785 4489 k.
1824 4450 1998 4491 Consult.
2030 4451 2148 4502 Hal„
2177 4463 2210 4489 x
2237 4450 2277 4487 k.
2321 4449 2360 4488 V
2480 4448 2553 4499 (16)
2583 4450 2640 4487 sic
2680 4448 2726 4498 V,
2755 4447 2872 4487 vobis
2902 4449 2977 4489 ins.

1645 4506 1758 4547 PCR
1815 4506 1830 4555 (
1838 4507 1890 4556 17)
1920 4506 2088 4546 heredes
2114 4508 2220 4557 dett„
2251 4503 2397 4544 herede
2423 4503 2488 4543 vel
2510 4502 2682 4543 herede*
2719 4504 2754 4556 (s
2768 4503 2833 4543 vel
2846 4503 2901 4553 m)
2927 4503 2975 4554 V,

1642 4560 1830 4601 heredem
1867 4561 1939 4602 GR
2017 4562 2092 4613 (18)
2124 4563 2167 4602 B
2185 4562 2253 4611 38,
2270 4569 2357 4600 7-
2378 4559 2439 4612 Cf.
2457 4559 2556 4613 Diq.
2583 4560 2649 4609 27,
2676 4568 2694 4600 ’1
2775 4559 2850 4610 (19)
2883 4570 2974 4599 eum

1644 4620 1748 4664 dett.
1780 4629 1866 4656 eam
1906 4617 2020 4660 VC'R
