3086 4732
200 147 286 197 13

190 297 263 336 ἐπὶ
292 293 356 346 τῷ
379 290 461 344 τὴν
480 287 691 342 τοιαύτην
706 286 847 339 ἑαυτῷ
873 286 1159 344 περιποιῆσαι
1183 282 1412 344 φροντίδα,
1440 286 1513 325 καὶ

189 350 348 391 τοῦτον
370 343 683 389 ἀποκινεῖσθαι
711 343 785 395 τῆς
806 337 1010 394 τοιαύτης
1029 340 1261 399 φροντίδος
1275 336 1513 393 κελεύομεν.

190 408 238 447 21
272 405 359 454 (10)
415 400 512 443 Ἔτι
546 399 822 451 θεσπίζομεν
849 394 1019 439 πάντας
1045 396 1145 439 τοὺς
1172 394 1393 452 κληρικοὺς
1416 393 1516 437 τοὺς

191 461 238 499 ἐν
258 453 417 511 ἑκάστη
434 454 638 508 ἐκκλησίᾳ
654 450 716 495 δι’
738 451 911 493 ἑαυτῶν
931 449 1117 507 ψάλλειν
1138 452 1196 494 τά
1215 469 1264 494 τε
1286 449 1517 508 νυκτερινὰ

190 517 263 555 καὶ
286 511 339 555 τὰ
363 502 555 570 ὀρθριναὶ
581 512 654 550 καὶ
679 505 732 549 τὰ
759 503 981 564 ἑσπερινά,
1018 511 1091 549 καὶ
1118 506 1178 563 μὴ
1204 505 1343 563 μόνον
1371 507 1421 547 ἐν
1448 507 1513 559 τῷ

191 566 399 610 δαπανᾶν
418 565 473 608 τὰ
500 559 831 615 ἐκκλησιαστικά
856 559 1096 620 πράγματα
1119 561 1342 622 κληρικοὺς
1366 564 1515 618 φαίνε-

190 623 319 674 σθαι,
345 619 486 675 ὄνομα
502 622 583 674 μὲν
601 619 781 669 ἔχοντας
798 614 1030 684 κληρικῶν,
1090 617 1116 672 ὴ
1140 616 1446 662 ἐπιτελοῦντας
1471 614 1519 658 δὲ

188 674 241 719 τὸ
273 678 452 734 πρᾶγμα
481 675 558 716 τοῦ
587 668 790 730 κληρικοῦ
821 687 928 731 προς
950 671 1032 726 τὴν
1076 678 1323 731 ειτουργιάν
1349 674 1427 715 τοῦ
1452 668 1517 713 δε-

191 737 242 776 25
302 732 467 774 σπότου
517 729 640 770 θεοῦ.
702 726 896 770 Ἄτοπον
942 727 1024 786 γάρ
1065 731 1187 771 ἐστιν
1225 726 1329 771 ἀντ’
1368 723 1519 770 αὐτῶν

189 786 409 846 γραπτούς
438 781 625 841 ἀνάγκης
652 783 923 841 ἐπαγομένης
951 779 1095 826 αὐτοῖς
1123 782 1321 839 ψάλλειν.
1371 784 1410 825 εἰ
1421 782 1519 848 γὰρ

191 840 343 885 πολλοὶ
396 840 491 880 τῶν
534 838 702 880 λαΐκῶν
746 835 820 881 διὰ
869 837 921 881 τὸ
962 838 1044 892 τὴν
1087 840 1252 881 οἰκείαν
1297 835 1520 895 ὠφελησαι

243 895 333 949 ,χὴν
354 898 449 937 ταῖς
472 889 737 959 ἁγιωτάταις
755 892 854 936 ἐκκλ
883 899 998 937 σίαις
1011 892 1375 961 προσεδρεύοντες
1389 908 1520 936 σπου·

190 913 304 995 δάῖοι
334 952 434 1007 περὶ
462 965 547 1001 την
570 945 842 1003 ψαλμῳδίαν
885 954 1093 1002 είκυνται,
1123 965 1219 994 πως
1246 946 1323 992 οὐκ
1352 948 1522 993 ἄτοπον

190 1006 288 1049 τοὺς
325 1003 549 1062 κληρικούς
585 1002 685 1046 τούς
723 1005 796 1047 ἐπὶ
837 1003 981 1059 τούτῳ
1011 1009 1301 1064 τεταγμένους
1326 1003 1386 1060 μὴ
1416 1003 1521 1058 πλη-

191 1066 243 1106 26
300 1062 405 1119 ροῦν
446 1058 495 1102 τὸ
534 1059 695 1101 οἰκεῖον
734 1058 1000 1118 ἐπάγγελμας
1060 1063 1140 1102 Διὸ
1183 1064 1321 1104 παντὶ
1367 1058 1521 1118 τρόπῳ

189 1115 287 1160 τοὺς
315 1113 537 1173 κληρικοὺς
564 1113 748 1168 ψάλλειν
776 1114 1027 1170 κελεύομεν·
1067 1120 1142 1158 καὶ
1172 1116 1523 1169 καταζητεῖσθαι

190 1170 346 1213 αὐτοὺς
388 1169 510 1229 παρὰ
550 1172 647 1213 τῶν
689 1170 801 1214 κατὰ
845 1169 999 1229 καιρὸν
1037 1169 1402 1228 θεοφιλεστάτων
1433 1173 1523 1213 ἐπι-

190 1223 373 1270 σκόπων
396 1230 469 1267 καὶ
486 1223 562 1268 δύο
592 1229 1062 1285 πρωτοπρεσβυτέρων
1092 1226 1272 1279 ἑκάστης
1301 1225 1526 1278 ἐκκλησίας

190 1287 262 1323 καὶ
303 1283 380 1324 τοῦ
423 1280 690 1336 καλουμένου
733 1281 941 1339 ἄρχοντος
982 1279 1081 1334 ἦτοι
1116 1280 1295 1340 ἐξάρχου
1333 1285 1406 1323 καὶ
1449 1282 1525 1323 τοῦ

190 1336 358 1380 ἐκδίκου
400 1336 581 1390 ἑκάστης
620 1334 866 1395 ἁγιωτάτης
910 1335 1159 1389 ἐκκλησίας,
1210 1340 1283 1378 καὶ
1325 1335 1425 1379 τοὺς
1468 1335 1527 1390 μὴ

190 1390 514 1450 εὑρισκομένους
556 1389 584 1433 ἀ
619 1395 796 1447 ε’μπτως
836 1395 933 1433 ταῖς
983 1390 1266 1450 λειτουργίαις
1309 1405 1525 1450 προσκαρ-

190 1454 240 1493 27
299 1450 535 1507 τεροῦντας
564 1410 649 1498 ἐξω
677 1449 758 1489 τοῦ
787 1446 943 1504 κλήρου
976 1447 1304 1490 καθίστασθαι.
1364 1447 1419 1490 Οἱ
1444 1446 1526 1505 γὰρ

191 1499 546 1556 Δκαταστήσαντες
567 1500 664 1556 ἤτοι
688 1507 917 1544 κτίσαντες
940 1501 1017 1544 τὰς
1040 1499 1288 1560 ἁγιωτάτας
1303 1501 1527 1556 ἐκκλησίας

191 1556 300 1615 ὑπὲρ
328 1560 404 1612 τῆς
440 1560 612 1600 ἑαυτῶν
648 1561 866 1615 σωτηρίας
901 1561 974 1599 καὶ
1004 1559 1087 1623 ὗτῆς
1122 1560 1266 1611 κοινῆς
1305 1557 1528 1601 πολιτείας

193 1613 428 1659 κατέλιπον
471 1610 622 1655 αὐταῖς
664 1610 834 1664 οὐσίας,
879 1609 939 1655 δι’
988 1630 1054 1655 ων
1097 1611 1288 1670 ὤφειλον
1328 1614 1376 1656 αἱ
1402 1615 1527 1656 θεῖαι

193 1669 454 1727 λειτουργίαι
491 1669 726 1727 γίνεσθαι,
767 1665 842 1724 ἐφ’
886 1658 974 1722 ᾧτε
1007 1666 1080 1711 διὰ
1108 1671 1204 1711 τῶν
1233 1668 1525 1728 λειτουργούν-

192 1743 284 1768 των
311 1727 360 1767 ἐν
383 1729 479 1767 ταῖς
503 1721 770 1782 ἁγιωτάταις
793 1722 1038 1774 ἐκκλησίαις
1065 1722 1402 1779 εὐλαβεστάτων
1431 1724 1527 1777 κλη-

193 1786 244 1825 28
302 1782 441 1839 ρικῶν
462 1779 804 1838 θεραπεύεσθαι
835 1781 915 1822 τὸν
945 1777 1315 1845 δεσπότηνίθεόν.
1350 1778 1529 1824 Ἀδειαν

194 1836 240 1879 δὲ
270 1841 518 1894 παρέχομεν
555 1839 692 1878 παντὶ
731 1832 964 1893 προσώπῳ
993 1837 1059 1889 τῷ
1074 1847 1344 1891 γινωσκοντι
1356 1834 1531 1879 τούτων

194 1910 236 1935 τι
277 1890 668 1950 παραβαινόμενον
696 1892 827 1933 τοῦτο
867 1890 1268 1950 προσαναγγέλλειν
1295 1896 1370 1933 καὶ
1398 1908 1528 1948 φανε-

194 1952 245 1990 29
278 1949 364 2000 (11)
423 1948 541 2004 ροῦν.
607 1944 666 1988 Τὰ
705 1943 753 1988 δὲ
789 1942 902 2003 παρ’
945 1942 1073 2001 ἡμῶν
1108 1947 1427 1990 θεσπισθέντα
1457 1950 1529 1990 πέ-

222 2020 293 2045 ατι
323 2000 602 2062 παραδοῦναι
630 2005 703 2043 καὶ
733 2002 792 2044 εἰς
821 2003 951 2060 ἔργον
979 1998 1177 2055 ἀχθῆναι
1208 2002 1322 2057 μετὰ
1349 2004 1424 2056 τῆς
1452 2002 1531 2045 τοῦ

194 2022 302 2100 geos)
346 2056 567 2113 εὐμενείας
609 2053 859 2112 κελεύομεν,
901 2053 1205 2123 ὑφορωμένων
1251 2060 1348 2101 τῶν
1391 2073 1531 2116 παρα-

192 2119 367 2170 βαίνειν
409 2115 551 2156 ταῦτα
592 2111 869 2167 τολμώντων
910 2129 1096 2170 πρωτον
1131 2115 1214 2167 μὲν
1250 2113 1332 2156 τὸν
1368 2115 1415 2156 ἐκ
1458 2115 1533 2167 τῆς

192 2172 271 2212 τοῦ
312 2167 529 2212 δεσπότου
567 2169 679 2211 θεοῦ
718 2173 902 2234 κρίσεως
938 2166 1157 2220 κίνδυνον,
1197 2170 1353 2212 ἔπειτα
1383 2167 1432 2212 δὲ
1459 2172 1532 2212 καὶ

193 2225 270 2268 τὰς
295 2227 544 2283 ἐγκειμένας
565 2225 621 2283 τῇ
647 2219 759 2283 αὗτῃ
785 2224 1037 2279 νομοθεσίᾳ
1050 2223 1219 2267 ποινάς.
1263 2225 1316 2268 D.
1334 2224 1376 2268 lc.
1394 2224 1529 2269 Mart.

198 2275 587 2337 Constantinopoli
605 2279 675 2323 dn.
695 2278 948 2323 Iustiniano
956 2293 1038 2346 pp.
1056 2282 1107 2323 Α.
1127 2292 1172 2323 11
1184 2293 1302 2324 cons.
1345 2277 1411 2333 [a.
1430 2279 1530 2335 528]

251 2333 315 2381 42
347 2333 448 2391 (43)
525 2332 592 2378 ¹‘0
635 2332 767 2377 αὐτὸς
842 2333 1014 2378 ασιλευς
1048 2332 1298 2392 Ἐπιφανίῳ
1341 2334 1530 2394 ἀρχιεπι-

196 2390 347 2446 σκόπῳ
389 2389 797 2434 Κωνσταντινουπό
849 2404 907 2433 ως
944 2393 1017 2432 καὶ
1051 2387 1312 2449 πατριάρχῃ.
1372 2393 1532 2433 Πᾶσαν

197 2530 247 2582 (ι)
279 2546 311 2570 c.
342 2539 385 2570 42
419 2538 526 2570 extat
554 2529 595 2569 in
627 2526 725 2569 Coll.
757 2536 795 2568 et
823 2526 988 2569 Nomou.
1103 2528 1159 2580 (2)
1189 2524 1306 2581 μηδέ
1332 2529 1428 2570 libri

198 2580 456 2637 οἷουδήποτε
485 2592 532 2626 π.
562 2578 601 2624 ἆ.
630 2578 803 2624 ἀνιέναι
831 2577 942 2624 ἀλλά
970 2583 1138 2626 Νοηιοο.

1532 131 1597 187 28

2539 145 2614 184 DE
2648 143 2924 191 EPISQOPIs

1593 278 1660 324 ἀεὶ
1699 278 1954 335 ποιούμενοι
1990 279 2206 348 πρόνοιαν
2243 282 2339 324 τῶν
2376 276 2640 338 ἁγιωτάτων
2669 277 2924 333 ἐκκλησιῶν,

1595 334 1655 380 δι’
1691 325 1756 379 ῶν
1793 339 1867 378 καὶ
1903 333 1987 389 τὴν
2013 339 2228 395 ημετέραν
2256 334 2487 391 βασιλείαν
2521 333 2823 394 κρατύνεσθαι
2851 337 2926 377 καὶ

1594 391 1649 436 τὰ
1679 388 1804 434 κοινὰ
1833 388 2070 450 πράγματα
2097 395 2152 452 τῇ
2182 394 2259 436 τοῦ
2289 388 2617 450 φιλανθρώπου
2641 391 2753 433 θεοῦ
2782 388 2928 448 χάριτι

1594 447 1869 500 τειχίζεσθαι
1911 447 2287 503 πεπιστεύκαμεν,
2325 443 2432 488 ἀλλὰ
2471 444 2560 501 μὴν
2596 448 2669 487 καὶ
2696 443 2774 488 τὰς
2801 441 2929 500 ἡμῶν

1595 521 1644 547 τε
1681 506 1753 544 καὶ
1781 503 1878 544 τῶν
1906 499 2053 546 ἄλλων
2081 499 2296 547 ἁπάντων
2331 500 2469 559 ψυχὰς
2505 497 2826 553 σπουδάζοντες
2854 514 2926 544 πε-

1597 557 1872 618 ρισώζεσθαι
1900 560 1973 600 καὶ
2009 557 2167 602 τούτου
2203 558 2330 615 χάριν
2360 555 2688 612 ἐπιμελούμενοι
2716 553 2791 598 διὰ
2818 571 2928 600 παν·

1597 614 1670 657 τὸς
1708 614 1785 656 τοῦ
1813 610 1923 668 μήτε
1962 611 2029 655 τὰ
2055 618 2336 674 συμφέροντα
2369 617 2464 656 ταῖς
2491 609 2756 682 ἁγιωτάταις
2783 603 2928 663 ἐκκλη-

1599 676 1712 713 σίαις
1750 666 1863 710 καθ’
1896 668 2076 712 οἱανοῦν
2104 668 2235 714 πόλιν
2263 668 2411 712 οὔσαις
2447 683 2602 726 τροπῳ
2641 669 2733 709 τινὶ
2760 663 2929 710 κατολι·

1598 724 1845 784 γωρεῖσθαι
1883 723 2021 779 μήτε*
2057 723 2134 768 τὰς
2171 727 2220 767 ἐν
2256 723 2407 767 αὐταῖς
2435 724 2563 766 θείας
2591 721 2856 780 λειτουργίας
2885 721 2932 763 ἐκ

1599 783 1673 834 τῆς
1715 781 1811 822 τῶν
1856 779 2217 837 θεοφιλεστάτων
2254 782 2408 839 ἱερέων
2449 775 2662 822 ἀπουσίας
2705 772 2931 833 ἐμποδίζε-

1601 838 1713 879 σθαι
1743 832 1768 888 ἢ
1796 834 1856 891 μὴ
1885 833 2196 894 προσηκόντως
2230 834 2562 890 ἐπιμελεῖσθαι,
2600 830 2711 875 ἀλλὰ
2741 829 2850 885 μηδὲ
2877 829 2934 876 τὰ

1600 894 1695 934 τῶν
1732 888 1997 950 ἁγιωτάτων
2036 890 2276 945 ἐκκλησιῶν
2314 889 2660 934 ἐκδαπανᾶσθαι
2695 885 2934 945 πράγματα

1603 946 1675 990 διά
1712 963 1760 989 τε
1797 947 1892 989 τῶν
1922 948 1970 988 ἐν
1997 950 2092 989 ταῖς
2119 943 2234 989 ὁδοῖς
2271 950 2344 989 καὶ
2374 944 2447 988 διὰ
2474 947 2571 989 τῶν
2600 943 2828 1008 ἐνταῦθα,
2832 945 2936 1000 περί

1603 1020 1649 1045 τε
1692 1001 1791 1045 τοὺς
1834 999 2041 1044 ἀνιόντας
2084 1002 2220 1061 ἱερέας
2262 1006 2336 1044 καὶ
2373 1001 2472 1044 τοὺς
2511 1000 2593 1043 σὺν
2633 995 2777 1041 αὐτοῖς
2804 1010 2935 1051 outae

1603 1057 1824 1117 κληρικοὺς
1852 1054 1878 1110 ἢ
1906 1058 2073 1099 οἰκέτας
2102 1055 2453 1110 δαπανωμένων,
2485 1053 2603 1099 ὥστε
2630 1051 2836 1100 πολλάκις
2863 1054 2935 1109 καὶ

1605 1113 1793 1156 δανείων
1830 1112 2040 1171 γίνεσθαι
2078 1118 2229 1171 χρείαν
2265 1115 2338 1155 καὶ
2359 1111 2426 1155 ,τό
2471 1112 2685 1155 ἐντεῦθεν
2725 1107 2938 1172 ἔρχεσθαι

1604 1169 1662 1226 βά
1691 1185 1735 1212 ος
1779 1171 1852 1211 ἐπὶ
1895 1168 1972 1210 τὰς
2011 1165 2143 1211 αὐτὰς
2180 1164 2426 1226 ἁγιωτάτας
2463 1165 2701 1220 ἐκκλησίας,
2740 1161 2848 1221 πρὸς
2885 1178 2937 1205 το

1604 1186 1714 1280 μηδὲ
1756 1224 1837 1278 τὴν
1879 1225 1975 1266 τῶν
2019 1222 2391 1277 ἐκκλησιαστικῶν
2429 1239 2550 1282 πραγ
2583 1220 2707 1264 άτων
2736 1218 2939 1263 ’δεόντως

1606 1285 1807 1340 προϊέναι
1837 1277 2052 1332 διοίκησιν
2081 1277 2203 1336 παρὰ
2233 1278 2312 1321 τὸν
2339 1280 2415 1331 τῆς
2442 1240 2687 1333 ἀποδημίας
2715 1277 2811 1319 τῶν
2836 1273 2939 1317 &eo-

1607 1334 1883 1393 φιλεστάτων
1914 1336 2067 1393 ἱερέων
2095 1332 2261 1392 καιρόν,
2289 1332 2470 1376 ταύταις
2504 1332 2613 1391 πρὸς
2640 1331 2723 1392 τὴν
2751 1328 2833 1389 σὴν
2858 1346 2940 1398 ga-

1606 1391 1845 1450 καριότητα
1881 1395 1977 1433 ταῖς
2014 1391 2161 1432 θείαις
2189 1388 2425 1443 συλλαβαῖς
2452 1386 2707 1447 χρήσασθαι
2735 1383 2829 1438 δεῖν
2857 1382 2940 1440 φή·

1612 1454 1627 1491 1
1690 1449 1848 1501 θημεν.
1901 1442 1974 1488 Δι’
2009 1435 2075 1488 ῶν
2105 1441 2215 1504 αὐτῇ
2247 1441 2643 1503 παρακελευόμεθα
2670 1441 2943 1501 καταστῆσαι

1608 1505 1716 1547 πᾶσι
1769 1501 1966 1559 φανερὸν
2015 1505 2105 1543 τοῖς
2157 1499 2271 1542 κατὰ
2311 1498 2389 1542 τὰς
2433 1496 2722 1558 μητροπόλεις
2765 1493 2944 1547 ἑκάστης

1610 1562 1818 1617 ἐπαρχίας
1854 1554 1933 1600 ὑπ’
1980 1554 2089 1616 αὐτῇ
2129 1560 2409 1614 τεταγμένοις
2446 1551 2705 1597 ὁσιωτάτοις
2742 1550 2944 1608 ἱερεῦσιν,

1612 1611 1669 1657 ὠς
1711 1611 1762 1656 οὗ
1804 1611 2013 1672 προσήκει
2049 1612 2151 1654 τινὰ
2185 1611 2359 1653 τούτων
2397 1607 2423 1664 ἢ
2461 1611 2557 1652 τῶν
2597 1611 2646 1650 ἐν
2674 1607 2769 1658 ταῖς
2797 1603 2946 1648 ἄλλαις

1609 1672 1684 1723 τῆς
1712 1672 1798 1713 ἐπα
1830 1673 1919 1721 χίας
1947 1667 2103 1711 πόλεσι
2133 1670 2228 1710 ταῖς
2255 1663 2342 1710 ὑπὸ
2371 1668 2437 1720 τῷ
2467 1663 2768 1733 μητρρπολίτῃ
2793 1676 2944 1729 τεταχ-

1609 1729 1759 1776 μέναις
1835 1741 1879 1767 εο
1918 1722 2161 1766 ιλεστάτων
2200 1720 2458 1766 ἐπισκόπων
2496 1736 2580 1763 κατ
2637 1721 2803 1762 οἰκείαν
2833 1732 2945 1784 γναζ-

1609 1798 1697 1834 μην
1738 1778 1838 1833 δίχα
1875 1742 2003 1846 gelae
2039 1776 2168 1848 ἡμῶν
2203 1776 2341 1847 ἰδικῆς
2376 1775 2656 1835 προστάξεως
2698 1771 2946 1829 &noi-cmm·

1610 1853 1704 1878 νειν
1755 1839 1837 1891 μὲν
1879 1852 1962 1888 την
2005 1849 2097 1891 παρ
2162 1850 2297 1876 αυτου
2350 1830 2652 1887 διοικουμένην
2693 1827 2947 1889 άγιωτάτην

1611 1890 1855 1945 ἐκκλησίαν,
1886 1891 1944 1932 εἰς
1973 1888 2022 1932 δὲ
2049 1890 2132 1945 τὴν
2160 1887 2401 1944 εὐδαίμονα
2422 1886 2590 1940 ταύτην
2614 1883 2788 1931 ἀνιέναι
2814 1879 2949 1928 πόλιν

1611 1945 1870 2000 οἷουδήποτε
1912 1944 2167 2005 πράγματος
2198 1941 2543 1992 ἀνακύπτοντος,
2582 1938 2720 1984 ἀλλὰ3
2757 1942 2948 2001 πέμπειν

1612 2003 1815 2045 ἐνταῦθα
1858 2004 1938 2043 ἕνα
1979 1999 2004 2056 ἢ
2051 1999 2127 2043 δύο
2170 2001 2248 2042 τοῦ
2277 1996 2358 2042 ὑπ’
2401 1995 2538 2041 αὐτὸν
2575 1995 2754 2055 εὖαγοῦς
2793 1992 2949 2061 κλήρῳ

1611 2061 1685 2100 καὶ
1727 2062 1873 2101 ποιεῖν
1953 2056 2087 2115 ανερὰ
2130 2057 2184 2114 τῇ
2228 2051 2419 2112 ἡμετέρᾳ
2463 2050 2685 2108 εὐσεβείᾳ,
2738 2053 2840 2118 περὶ
2864 2060 2950 2115 '0²2‘

1613 2112 1821 2164 δέονται,,
1846 2110 1873 2167 ἢ
1909 2075 1971 2155 δί’
2014 2109 2166 2154 αὐτῶν
2195 2111 2243 2161 ἐξ
2271 2107 2449 2152 εὐθείας
2477 2107 2761 2178 προσιόντων
2789 2108 2895 2162 ημῖν
2920 2120 2948 2159 η

1614 2167 1688 2211 διὰ
1725 2173 1858 2224 μέσης
1894 2170 1970 2223 τῆς
2008 2169 2084 2221 σῆς
2110 2164 2445 2225 μακαριότητος,
2482 2180 2600 2208 ουτω
2637 2179 2688 2206 τε
2719 2158 2951 2222 vunnim&

1613 2223 1784 2267 δικαίας
1825 2241 1875 2266 τε
1930 2228 2003 2266 καὶ
2061 2221 2280 2289 συντόμου
2335 2222 2411 2275 τῆς
2456 2217 2666 2279 ἡμετέρας
2720 2216 2949 2274 βοηθείας.

1613 2284 1637 2323 2
1696 2281 1752 2322 Εἰ
1780 2277 1863 2338 γάρ
1892 2296 1937 2322 τι
1965 2280 2061 2321 τῶν
2091 2280 2149 2321 εἰς
2174 2278 2286 2333 ημᾶς
2323 2279 2580 2336 φερομένων
2607 2275 2810 2319 τοιοῦτον
2846 2269 2951 2329 ἡμῖν

1612 2336 1726 2377 εἶναι
1756 2340 1928 2392 φανείη,
1959 2331 2018 2378 ὠς
2046 2331 2228 2376 δεῖσθαι
2255 2334 2332 2388 τῆς
2361 2329 2512 2375 αὐτῶν
2539 2332 2637 2375 τῶν
2663 2325 2950 2388 θεοφιλεστά-

1611 2408 1706 2433 των
1724 2390 1878 2448 ἱερέων
1903 2394 2156 2448 παρουσίας,
2186 2389 2431 2442 τηνικαῦτα
2455 2386 2791 2446 παραγενέσθαι
2817 2397 2950 2442 προσ·

1538 2529 1593 2582 (3)
1623 2523 1798 2569 ἀνιέναι
1828 2524 1959 2572 πόλιν
1988 2524 2250 2581 οἱανδήποτε
2278 2541 2326 2570 π.
2355 2521 2396 2568 ἀ.
2426 2521 2534 2568 ἀλλά
2552 2525 2666 2578 οοἱί.,
2695 2521 2828 2568 πόλιν
2848 2521 2953 2566 ἄνευ

193 2751 391 2804 positum
408 2747 516 2803 quid
530 2746 715 2798 dedisse,
739 2751 790 2790 ut
806 2747 910 2790 talis
923 2748 1099 2791 curatio
1114 2747 1204 2805 ipsi
1218 2747 1533 2799 committatur,

202 2804 317 2847 hunc
389 2815 536 2857 uoque
576 2801 794 2844 removeri
844 2801 899 2844 ab
952 2815 1006 2845 ea
1049 2803 1284 2847 curatione
1324 2801 1534 2844 iubemus.

204 2863 256 2901 24
312 2816 386 2901 Ad
422 2855 506 2898 hoc
543 2854 790 2907 sancimus,
828 2861 881 2899 ut
908 2869 1060 2899 omnes
1097 2857 1247 2901 clerici
1267 2869 1358 2914 per
1384 2856 1536 2912 sinqu-

204 2914 271 2956 las
309 2910 515 2955 ecclesias
543 2909 771 2953 constituti
798 2924 889 2968 per
922 2924 971 2954 se
998 2911 1124 2968 ipsos
1152 2917 1196 2955 et
1222 2916 1467 2954 nocturnas
1495 2916 1539 2954 et

203 2967 445 3010 matutinas
473 2971 516 3008 et
543 2964 820 3022 vespertinas
879 2978 1002 3010 reces
1021 2972 1200 3010 cantent
1224 2980 1330 3011 neve
1357 2966 1405 3008 in
1433 2979 1537 3009 con—

204 3021 426 3066 sumendis
455 3019 756 3064 tantummodo
784 3033 834 3064 re
862 3034 916 3064 us
935 3021 1244 3066 ecclesiasticis
1268 3021 1416 3065 clerici
1444 3034 1538 3065 esse

205 3077 437 3122 videantur
462 3088 622 3119 nomen
650 3075 911 3120 clericorum
938 3082 1163 3133 qerentes,
1197 3076 1440 3121 ministerio
1473 3082 1538 3120 ta·

205 3146 301 3176 men
330 3131 497 3175 domini
524 3130 596 3174 dei
622 3130 745 3187 quod
769 3131 1032 3175 clericorum
1046 3137 1115 3177 est
1140 3146 1188 3176 se
1215 3131 1536 3176 subtrahentes

206 3192 256 3231 25
320 3186 570 3231 Absurdum
609 3186 768 3230 etenim
803 3191 892 3239 est,
932 3200 1031 3230 cum
1063 3187 1176 3245 ipsis
1203 3187 1444 3232 necessitas
1470 3188 1537 3230 in-

206 3242 391 3293 cumbat,
437 3242 632 3340 scaptos
681 3241 902 3300 (vicarios
913 3243 962 3297 ἵ)
1013 3256 1168 3287 eorum
1222 3243 1322 3287 loco
1366 3256 1535 3287 canere.

205 3312 307 3342 nam
347 3297 387 3340 si
430 3310 471 3339 m
523 3296 556 3340 ti
595 3296 712 3349 laici,
755 3302 806 3341 ut
847 3298 1022 3342 animae
1058 3311 1168 3342 suae
1199 3297 1450 3351 consulant,
1479 3298 1540 3342 ad

204 3356 516 3398 sacrosanctas
556 3352 765 3396 ecclesias
792 3354 1062 3410 confluentes
1087 3353 1315 3397 studiosos
1341 3367 1389 3398 se
1417 3354 1539 3398 circa

201 3408 497 3467 psalmodiam
542 3407 801 3461 ostendunt,
844 3408 1212 3466 quemadmodum
1254 3423 1346 3453 non
1384 3409 1537 3454 absur-

206 3464 310 3507 dum
339 3468 405 3507 est
432 3463 639 3515 clericos,
679 3463 756 3519 qui
784 3463 846 3507 ad
874 3463 958 3508 hoc
987 3464 1185 3508 ordinati
1212 3475 1339 3518 sunt,
1379 3479 1539 3509 munus

207 3524 259 3563 26
316 3532 443 3562 suum
466 3531 556 3562 non
570 3517 785 3575 implere?
826 3517 1118 3572 Quamobrem
1139 3520 1391 3565 omnimodo
1411 3521 1538 3566 cleri-

207 3588 283 3618 cos
321 3587 480 3617 canere
515 3573 736 3617 iubemus:
773 3579 818 3619 et
843 3574 1010 3631 inquiri
1039 3588 1116 3619 eos
1135 3589 1225 3633 per
1257 3576 1538 3634 reliqiosissi-

206 3643 301 3673 mos
321 3642 414 3687 pro
446 3634 640 3687 tempore
669 3630 904 3687 episcopos
937 3636 982 3674 et
1009 3630 1097 3674 duo
1128 3630 1540 3690 archipresbyteros

206 3690 251 3729 et
287 3698 414 3741 quem
445 3685 759 3742 praepositum
801 3685 870 3730 vel
906 3685 1152 3730 exarchum
1190 3694 1352 3732 vocant
1387 3689 1538 3732 unius-

207 3740 416 3796 cuiusque
458 3739 665 3783 ecclesiae
709 3745 771 3793 et,
815 3741 892 3797 qui
932 3755 1024 3785 non
1052 3741 1218 3786 inventi
1242 3743 1420 3799 fuerint
1444 3744 1540 3788 sine

207 3796 311 3840 vitio
355 3795 402 3838 in
444 3795 686 3839 ministerio
722 3809 1034 3853 perseverare,
1079 3810 1156 3840 eos
1198 3803 1331 3842 extra
1375 3799 1539 3843 clerum

207 3855 258 3893 27
303 3850 526 3894 constitui.
572 3850 688 3893 Nam
733 3851 781 3894 ui
792 3856 1108 3896 sacrosanctas
1122 3853 1329 3897 ecclesias
1344 3868 1438 3912 pro
1467 3868 1538 3899 sa-

208 3907 297 3950 lute
332 3919 415 3949 sua
444 3911 488 3949 et
509 3919 599 3963 pro
620 3920 687 3963 pu
719 3906 805 3950 lica
833 3907 1026 3951 utilitate
1055 3909 1379 3953 constituerunt
1405 3915 1539 3974 atque

205 3961 481 4018 fundarunt,
520 3960 620 4005 ideo
659 3962 903 4018 facultates
940 3976 1131 4019 quarum
1167 3977 1250 4020 ope
1277 3965 1398 4008 sacri
1425 3972 1539 4009 ritus

205 4017 362 4071 fierent
389 4016 677 4072 reliquerunt,
706 4022 757 4060 ut
785 4017 947 4070 clerici,
977 4018 1056 4075 qui
1082 4017 1130 4060 in
1144 4021 1444 4064 sacrosanctis
1471 4036 1537 4065 ec-

209 4075 261 4115 28
319 4071 462 4115 clesiis
504 4071 781 4124 ministrant,
825 4073 953 4116 deum
995 4073 1158 4117 colant.
1236 4074 1540 4120 Permittimus

209 4132 354 4170 autem
393 4125 590 4177 cuilibet,
630 4127 708 4182 qui
745 4126 902 4171 harum
941 4128 1050 4185 quid
1077 4129 1239 4172 violari
1267 4131 1453 4184 noverit,
1492 4132 1540 4175 id

210 4186 261 4224 29
319 4181 579 4225 denuntiare
607 4188 651 4224 et
671 4182 827 4244 palam
885 4197 1023 4227 acere.
1081 4183 1203 4235 Quae
1231 4200 1259 4228 a
1288 4186 1415 4229 nobis
1436 4200 1538 4230 san·

210 4237 298 4279 cita
334 4241 461 4289 sunt,
500 4249 683 4292 exsequi
721 4244 764 4280 et
801 4252 828 4279 a
898 4238 1102 4294 effectum
1122 4240 1314 4296 perduci
1344 4255 1438 4285 cum
1469 4242 1539 4286 dei

211 4292 479 4348 l1eniqnitate
516 4291 737 4334 iubemus:
775 4294 852 4347 qui
887 4307 940 4337 ea
975 4293 1143 4338 violare
1172 4297 1327 4339 conati
1348 4298 1535 4353 fuerint,

209 4346 398 4401 primum
441 4360 501 4390 ex
542 4345 709 4389 domini
750 4345 821 4391 dei
863 4348 1027 4392 iudicio
1065 4350 1337 4406 periculum,
1382 4352 1538 4397 deinde

210 4415 378 4459 poenas
407 4402 509 4445 huic
538 4401 626 4459 leqi
654 4402 846 4446 insertas
874 4409 1117 4461 expectent.

270 4453 332 4498 42
359 4457 495 4518 'Idem
523 4458 573 4501 A.
613 4455 871 4514 Epiphanio
912 4458 1246 4525 archiepiscopo
1290 4462 1535 4508 Constanti-

214 4511 470 4564 nOJtOlttcmo
501 4518 542 4555 et
566 4511 866 4568 patriarchae.
922 4512 1139 4566 Quoniam
1170 4530 1337 4561 omnem
1365 4532 1454 4563 sem
1489 4534 1537 4563 er

215 4577 365 4606 curam
400 4568 593 4621 qerimus
631 4574 1018 4613 sacrosanctarum
1047 4570 1342 4626 ecclesiarum,
1380 4589 1452 4630 qui
1486 4589 1537 4618 us

1618 2753 1662 2791 et
1688 2752 1891 2791 nostrum
1918 2746 2150 2811 imperium
2177 2746 2389 2792 sustineri
2416 2751 2461 2790 et
2488 2759 2740 2792 communes
2767 2759 2842 2800 res
2867 2745 2953 2792 cle·

1617 2802 1875 2846 mentissimi
1912 2802 1981 2846 dei
2019 2803 2171 2860 qratia
2207 2801 2371 2846 muniri
2409 2801 2567 2858 confisi
2606 2814 2770 2855 sumus,
2812 2814 2869 2846 ne
2899 2815 2955 2856 τις

1618 2857 1764 2900 minus
1799 2857 1937 2900 saluti
1977 2862 2067 2902 tam
2105 2862 2289 2902 nostrae
2321 2870 2455 2915 quam
2484 2861 2731 2902 ceterorum
2759 2870 2831 2902 om
2880 2870 2954 2911 um

1619 2911 1870 2955 animarum
1885 2912 2158 2957 consulimus
2171 2913 2361 2971 ideoque
2390 2911 2641 2957 omnimodo
2670 2908 2853 2964 solliciti
2877 2919 2951 2958 su·

1618 2980 1731 3019 mus,
1770 2981 1826 3012 ne
1853 2981 1908 3011 ea
1932 2981 2052 3032 quae
2079 2969 2382 3017 sacrosanctis
2410 2968 2604 3013 ecclesiis
2631 2969 2679 3012 in
2738 2969 2867 3015 uavis
2893 2968 2952 3013 ci-

1619 3023 1754 3066 vitate
1796 3023 2050 3067 constitutis
2078 3030 2280 3083 prosunt
2314 3037 2495 3089 quoquo
2533 3023 2666 3068 modo
2736 3023 2954 3070 iminuan-

1621 3082 1695 3121 tur
1722 3091 1829 3123 neve
1855 3079 1976 3122 sacri
2002 3079 2120 3124 ritus
2144 3093 2228 3138 per
2252 3079 2495 3124 absentiam
2518 3079 2603 3124 reli
2642 3079 2954 3124 'osissimorum

1618 3133 1901 3177 sacerdotum
1943 3134 2244 3193 impediantur
2285 3135 2355 3180 vel
2399 3135 2544 3179 minus
2616 3139 2789 3180 ecenter
2827 3147 2954 3180 exse-

1620 3194 1830 3245 quantur,
1859 3203 1976 3234 neve·
1993 3190 2126 3234 etiam
2152 3196 2544 3235 sacrosanctarum
2571 3189 2856 3246 ecclesiarum
2882 3203 2955 3235 res

1620 3250 1940 3289 consumantur
1978 3259 2064 3303 per
2103 3251 2330 3310 sumptus,
2375 3246 2453 3303 qui
2493 3246 2543 3290 in
2587 3246 2752 3290 itinera
2793 3249 2839 3290 et
2865 3251 2956 3306 per'

1618 3299 1874 3346 sacerdotes
1913 3299 2000 3344 huc
2028 3301 2369 3359 proficiscentes
2408 3300 2681 3359 clericosque
2711 3299 2782 3346 vel
2803 3300 2954 3359 famu-

1620 3354 1690 3398 los
1717 3368 1870 3399 eorum
1899 3356 2080 3400 comites
2108 3361 2370 3414 eroqantur,
2407 3364 2457 3401 ut
2491 3370 2544 3401 sa
2601 3369 2809 3402 enumero
2838 3356 2956 3408 aeris

1620 3410 1756 3454 alieni
1794 3411 2089 3456 contrahendi
2122 3413 2362 3457 necessitas
2388 3371 2636 3470 inqeraaer,
2675 3411 2801 3456 cuius
2842 3424 2957 3457 onus

1619 3466 1731 3524 ipsis
1772 3468 2074 3511 sacrosanctis
2115 3467 2311 3512 ecclesiis
2363 3467 2597 3521 incumbit,
2630 3473 2955 3532 praeterquam

1620 3521 1744 3578 quod
1770 3535 1852 3566 nec
1878 3536 2029 3566 rerum
2051 3523 2451 3567 ecclesiasticarum
2477 3522 2821 3575 administratio,
2849 3521 2955 3567 dum

1619 3577 1944 3634 reliqiosissimi
1980 3577 2238 3622 sacerdotes
2274 3577 2454 3631 absunt,
2493 3578 2560 3622 uti
2595 3582 2775 3636 oportet
2790 3590 2954 3636 proce-

1620 3632 1710 3677 dit:
1745 3632 1914 3677 idcirco
1951 3633 2096 3677 sacris
2131 3631 2202 3677 his
2239 3633 2399 3677 litteris
2440 3632 2502 3677 ad
2528 3632 2804 3677 beatudinem
2834 3636 2953 3677 tuam

1624 3693 1643 3732 1
1702 3688 1770 3732 uti
1810 3701 1894 3732 nos
1937 3694 2148 3746 oportere
2189 3688 2467 3734 credidimus.
2534 3687 2626 3733 Per
2662 3701 2778 3747 quas
2805 3700 2954 3734 omnes

1615 3743 1845 3802 piissimos
1891 3743 2148 3788 sacerdotes
2198 3744 2246 3787 in
2301 3743 2622 3803 metropolibus
2675 3743 2953 3809 sinqularum

1611 3799 1954 3858 provinciarum
1981 3799 2062 3843 sub
2095 3805 2136 3844 te
2162 3799 2443 3852 constitutos,
2473 3799 2658 3844 edocere
2683 3802 2725 3844 te
2742 3798 2953 3852 iubemus,

1619 3868 1713 3899 non
1749 3853 1904 3898 decere
1938 3868 2093 3899 eorum
2131 3868 2395 3920 quemquam
2426 3854 2496 3899 vel
2521 3853 2953 3919 reliqiosissimorum

1620 3911 1955 3968 episcoporum,
1996 3910 2074 3968 qui
2109 3911 2158 3954 in
2194 3910 2379 3968 reliquis
2398 3910 2738 3975 provinciarum
2765 3908 2952 3954 civitati-

1621 3966 1702 4009 bus
1733 3963 1812 4008 sub
1851 3966 2148 4024 metropolitis
2186 3966 2414 4010 constituti
2443 3970 2569 4018 sunt,
2599 3963 2798 4023 proprio
2829 3968 2951 4009 motu

1620 4021 1700 4064 abs
1732 4034 1786 4063 ue
1823 4033 1956 4064 sacra
1993 4027 2151 4065 nostra
2187 4021 2373 4079 speciali
2399 4021 2594 4065 iussione
2620 4023 2951 4064 sacrosanctam

1620 4089 1693 4120 ecc
1711 4075 1846 4119 esiam
1885 4090 2002 4133 quae
2039 4076 2094 4120 ab
2133 4077 2232 4135 ipso
2276 4076 2552 4134 qubernatur
2587 4075 2702 4120 relin
2733 4087 2838 4120 uere
2883 4078 2952 4119 at-

1620 4145 1706 4188 que
1733 4130 1795 4173 ad
1821 4130 1937 4175 hanc
1962 4131 2139 4189 felicem
2162 4131 2315 4176 urbem
2346 4131 2592 4189 proficisci,
2622 4144 2712 4188 qua
2729 4131 2953 4187 iscumque

1619 4200 1692 4230 res
1720 4199 1838 4230 emer
1870 4192 1931 4240 at,
1961 4186 2039 4231 sed
2068 4188 2239 4232 mittere
2267 4186 2353 4231 huc
2381 4199 2517 4230 unum
2550 4186 2619 4231 vel
2645 4185 2759 4231 duos
2785 4197 2846 4230 ex
2863 4184 2950 4243 pio

1621 4241 1739 4285 clero
1784 4242 1823 4284 si
1852 4242 1868 4285 i
1909 4243 2103 4287 subiecto
2146 4248 2192 4289 et
2231 4247 2414 4286 nostrae
2442 4241 2609 4299 pietati
2645 4240 2950 4299 manifestare,

1652 4311 1712 4340 ua
1741 4296 1795 4341 de
1822 4311 1872 4341 re
1900 4298 2176 4361 supplicent,
2210 4303 2261 4342 ut
2287 4297 2357 4343 vel
2382 4296 2471 4355 ipsi
2498 4301 2623 4340 recta
2652 4296 2724 4342 via
2751 4294 2821 4340 vel
2848 4298 2949 4340 tuae

1648 4352 1906 4396 eatitudinis
1940 4358 2190 4398 interventu
2225 4351 2286 4396 ad
2321 4364 2406 4396 nos
2443 4356 2665 4409 pemani,
2710 4355 2845 4408 atque
2883 4349 2948 4394 ita

1619 4409 1781 4451 iustum
1810 4413 1855 4451 et
1881 4408 2259 4466 compendiarium
2274 4406 2493 4452 auxilium
2509 4411 2710 4451 nostrum
2737 4404 2945 4450 nancisci.

1622 4466 1645 4505 2
1703 4461 2102 4521 Quotienscumque
2136 4463 2250 4508 enim
2284 4463 2363 4520 qui
2383 4462 2515 4527 piam
2549 4473 2702 4507 eorum
2739 4474 2855 4519 quae
2889 4459 2949 4505 ad

1621 4531 1704 4562 nos
1738 4519 2001 4575 referuntur
2036 4518 2250 4563 eiusmodi
2287 4476 2414 4562 nodis
2441 4518 2579 4561 visum
2603 4515 2761 4574 fuerit,
2802 4521 2854 4560 ut
2879 4529 2948 4561 re-

1621 4573 1773 4629 quirat
1807 4575 2111 4631 praesentiam
2153 4573 2586 4631 reliqiosissimorum
2623 4572 2945 4631 episcoporum,
