3138 4776
135 186 208 224 DE
243 183 399 223 DOLO
434 183 586 221 MALO

186 317 217 366 9
260 317 402 364 ¹Idem
439 320 532 364 AA.
572 322 618 363 et
653 317 731 362 CC.
771 314 1073 373 Hymnodae.²
1157 316 1327 360 Metum
1368 329 1458 360 non

128 375 440 420 iactationibus
462 378 634 419 tantum
666 373 735 417 vel
767 371 1159 416 contestationibus
1171 373 1202 426 ³,
1233 372 1310 416 sed
1338 377 1456 416 atro-

129 431 262 475 citate
316 431 426 474 facti
482 429 660 487 probari
716 426 930 472 convenit.
1018 426 1071 470 D.
1126 427 1168 471 lc.
1214 427 1319 472 Dec.
1364 427 1456 472 AA.

128 499 270 531 conss.
885 538 894 547 ι
1269 488 1325 536 [a.
1359 485 1456 534 293]

189 540 250 588 10
282 540 407 586 Idem
432 543 523 585 AA.
554 545 600 585 et
628 538 704 585 CC.
735 538 992 582 Fausnnae.
1051 540 1361 583 Accusationis
1390 538 1456 581 in-

129 598 310 642 stitutae
337 597 407 642 vel
433 598 609 641 futurae
632 598 750 640 metu
775 594 1083 638 alienationem
1106 608 1185 638 seu
1202 593 1456 650 promissio·

128 666 228 698 nem
264 653 430 698 factam
464 651 652 697 rescindi
689 650 957 706 postulantis
995 651 1243 705 improbum
1289 648 1456 694 deside-

127 709 241 752 rium
271 716 352 754 est.
409 707 464 753 D.
503 720 553 751 VJ
577 706 620 751 lc.
650 706 777 751 Febr.
812 703 890 750 00.
921 719 1064 750 conss.
1275 709 1329 760 [a.
1360 705 1455 754 294]

188 764 245 811 11
299 763 412 823 Imp.
456 762 772 809 Constantinus
800 761 854 802 A.
894 760 955 802 ad
993 760 1244 818 Euaqrium
1273 775 1358 820 pp.
1413 757 1460 802 Si

127 817 948 921 ftfflffffiiiissssessoisiiiufflffiuiff
966 815 1460 927 sffissuiffealagfflrffl

128 932 271 976 vincia
297 931 366 975 vel
393 931 515 982 loco,
555 928 632 971 ubi
661 927 751 971 tale
781 927 976 971 officium
1004 929 1195 983 peragit,
1237 929 1320 972 sub
1356 939 1458 970 ven-

128 987 307 1032 ditionis
346 985 475 1029 titulo
517 984 670 1027 fecerit
714 983 977 1036 cessionem,
1021 989 1067 1027 et
1110 985 1227 1040 quod
1266 988 1459 1038 emptum

126 1042 262 1087 fuerit
293 1040 502 1086 reddatur
540 1044 587 1083 et
622 1039 758 1082 nihilo
794 1040 941 1083 minus
982 1041 1113 1083 etiam
1141 1040 1327 1096 pecunia
1355 1036 1458 1080 reti-

128 1101 307 1142 neatur:
347 1096 473 1140 simili
511 1108 654 1152 poena
689 1095 927 1150 servanda,
966 1096 1003 1139 si
1039 1096 1114 1150 qui
1151 1096 1221 1138 vel
1263 1092 1458 1155 coniugis

125 1153 194 1198 vel
221 1152 350 1197 amici
386 1151 634 1204 nominibus
673 1152 907 1209 abutentes
932 1152 1144 1207 ‚praedam
1175 1151 1348 1195 tamen⁴
1378 1148 1459 1192 sibi

125 1212 376 1266 adquirunt.
436 1211 489 1253 A).
520 1222 558 1252 X
582 1209 627 1252 lc.
661 1210 754 1253 Oct.
789 1210 1054 1266 ⁴¹Aquileiae
1086 1206 1374 1253 Constantino
1401 1203 1455 1246 A.

133 1277 207 1312 ΠΙ
231 1273 274 1310 et
304 1265 564 1310 Constantio
595 1277 738 1309 conss.
1271 1265 1328 1314 [a.
1360 1262 1458 1310 326]

183 1317 247 1366 12
279 1317 398 1376 ¹'Imp
435 1353 444 1362 .

125 1373 226 1419 lum.
276 1332 562 1418 Vemfftiones
590 1373 850 1418 donationes
877 1373 1216 1425 transactiones,
1247 1383 1360 1436 quae
1382 1382 1461 1426 per

125 1429 366 1486 potentiam
405 1434 603 1474 extortae
642 1434 766 1483 sunt,
795 1429 1090 1485 praecipimus
1119 1427 1345 1471 infirmari.
1404 1424 1459 1469 J).

126 1497 229 1530 1111
262 1485 305 1530 lc.
336 1483 473 1530 Mart.
508 1484 898 1543 Constantinopoli
937 1483 1147 1528 Honorio
1178 1496 1215 1526 Χ
1249 1489 1294 1527 et
1324 1481 1460 1526 Theo-

125 1541 252 1586 dosio
289 1552 340 1585 Π
363 1541 456 1586 AA.
487 1554 628 1585 conss.
1275 1542 1331 1590 [a.
1362 1540 1460 1589 415]

631 1654 722 1702 xx
758 1651 951 1715 (xx1).⁶

560 1735 638 1775 DE
666 1735 813 1776 DOLO
842 1734 1011 1775 MALO.

182 1815 204 1862 1
249 1814 394 1874 Impp.
425 1813 617 1860 Severus
654 1819 700 1860 et
730 1815 988 1860 Antoninus
1024 1816 1116 1858 AA.
1152 1813 1458 1859 Clementinae.

120 1872 168 1916 Si
194 1870 427 1915 fideiussor
454 1883 482 1914 a
511 1870 729 1915 creditore
761 1871 946 1926 pignora
986 1871 1102 1923 emit,
1145 1870 1294 1915 oblata
1323 1883 1460 1926 quan-

119 1928 247 1972 titate
275 1927 410 1971 sortis
440 1930 485 1970 et
511 1939 749 1970 usurarum
786 1927 868 1971 tibi
904 1927 1142 1971 dominium
1173 1940 1273 1970 cum
1302 1926 1459 1970 fructi-

119 1983 223 2037 bus,
264 1995 375 2039 quos
418 1983 537 2026 bona
577 1981 666 2027 fide
694 1983 912 2039 percepit,
959 1983 1206 2027 consultius
1244 1982 1458 2033 restituet,

118 2052 175 2084 ne
210 2038 316 2083 fidei
351 2043 512 2095 ruptae
591 2038 684 2082 atia
717 2038 771 2082 de
801 2038 902 2083 dolo
931 2039 1074 2095 possit
1102 2039 1220 2083 actio
1250 2039 1458 2083 exerceri.

117 2095 315 2154 Accepta
326 2093 513 2139 d.111id.
575 2095 632 2138 ai.
645 2093 891 2139 Plautiano
913 2100 958 2140 et
969 2093 1081 2140 Geta
1101 2108 1244 2139 conss.
1288 2099 1345 2148 [a.
1361 2099 1458 2146 203]

174 2147 207 2197 2
246 2149 362 2210 Imp.
390 2150 646 2195 Antoninus
679 2151 732 2194 A.
762 2151 1008 2209 Aqrippae.
1075 2150 1144 2195 De
1184 2151 1285 2196 dolo
1327 2151 1459 2203 actio,

121 2220 221 2251 cum
249 2206 336 2251 alia
363 2206 487 2250 nulla
515 2206 747 2271 competit,
788 2220 926 2251 causa
964 2207 1142 2262 cognita
1177 2208 1458 2262 permittitur.

121 2261 175 2307 D.
204 2276 313 2308 non.
343 2261 457 2307 Nov.
490 2260 710 2307 Gentiano
741 2268 787 2307 et
812 2262 962 2307 Basso
993 2276 1136 2307 conss.
1272 2268 1328 2316 [a.
1361 2267 1459 2315 211]

176 2315 208 2366 3
239 2316 309 2362 Im
342 2352 352 2362 .
386 2316 644 2362 Gordianus
671 2325 723 2362 A.
742 2318 970 2375 Aquilino.
1028 2318 1131 2362 Non
1159 2322 1352 2374 possunt
1381 2320 1460 2363 ob-

122 2387 219 2420 esse
261 2374 298 2418 ti
327 2373 344 2417 i
384 2377 610 2429 tempora,
652 2386 765 2429 quae
806 2374 852 2416 in
890 2374 1065 2418 actione
1104 2374 1158 2418 de
1187 2374 1288 2418 dolo
1319 2376 1462 2418 solent

123 2429 370 2486 computari
379 2430 412 2483 ⁷,
452 2429 612 2485 quibus
646 2429 712 2473 rei
747 2429 954 2484 publicae
985 2443 1143 2483 causa,
1183 2436 1234 2474 ut
1270 2430 1460 2485 adlegas,

122 2485 378 2542 occuparis:
418 2485 498 2529 sed
534 2484 692 2528 exinde
727 2485 808 2528 tibi
845 2485 1026 2541 incipiet
1067 2490 1242 2542 tempus
1292 2487 1461 2541 cedere,

122 2555 176 2586 ex
216 2554 305 2598 quo
331 2541 588 2586 muneribus
616 2540 830 2585 liberatus
866 2540 1124 2586 facultatem
1161 2556 1186 2585 a
1217 2542 1318 2586 endi
1343 2543 1463 2586 intra

120 2598 385 2698 graestituta
410 2599 501 2641 tem
534 2609 613 2640 ora
641 2598 840 2653 coeperis
870 2597 1081 2642 obtinere.
1130 2597 1175 2641 P
1215 2633 1224 2642 .
1254 2598 1314 2642 id.
1345 2600 1460 2657 Auq.

157 2653 291 2698 abino
322 2665 369 2697 11
392 2657 439 2698 et
513 2657 671 2697 enusto
701 2666 844 2698 conss.
1274 2659 1329 2707 [a.
1363 2658 1460 2707 240]

177 2708 210 2756 4
239 2708 310 2754 Im
333 2723 385 2768 p.
415 2707 728 2754 Diocletianus
763 2713 811 2753 et
835 2707 1148 2753 Maximianus
1176 2711 1268 2754 AA.
1306 2715 1353 2755 et
1382 2709 1459 2755 CC.

121 2764 286 2810 Menan
319 2778 410 2809 rae.
479 2764 591 2807 Cum
660 2777 851 2820 roponas
888 2765 1005 2808 inter
1033 2771 1078 2809 te
1107 2771 1151 2809 et
1180 2779 1291 2820 eum,
1333 2779 1461 2823 quem

117 2822 166 2866 in
204 2820 494 2866 contubernio
532 2820 630 2864 anc'
650 2821 739 2864 lam
776 2823 901 2863 tuam
938 2821 1022 2865 sibi
1059 2822 1341 2867 coniunxisse
1370 2835 1460 2866 me-

119 2877 322 2930 morasti,
358 2876 604 2933 placuisse,
645 2881 696 2919 ut
731 2876 813 2920 tibi
848 2890 930 2933 pro
960 2877 1112 2921 eadem
1142 2877 1267 2922 daret
1295 2879 1462 2922 manci-

118 2933 260 3033 ἔξω,
298 2932 528 2988 intellegis,
559 2931 700 2987 quod,
734 2933 772 2976 si
809 2934 1102 2977 manumisisti
1137 2934 1206 2978 vel
1246 2934 1287 2978 ei
1322 2934 1463 2978 tradi-

150 2989 224 3033 'sti
252 2992 296 3033 et
323 2988 398 3034 ille
426 2988 693 3040 manumisit,
722 2989 998 3033 revocandae
1025 2989 1243 3034 libertatis
1266 2995 1461 3046 potesta-

119 3049 208 3089 tem
235 3058 326 3089 non
353 3045 506 3099 habes,
537 3045 613 3088 sed
644 3045 797 3098 solum,
829 3044 868 3089 si
895 3044 1085 3089 necdum
1106 3051 1321 3090 statutum
1351 3051 1460 3091 tem-

150 3114 203 3144 us
233 3101 423 3145 excessit
451 3103 498 3144 et
523 3099 657 3144 fidem
685 3100 839 3156 placiti
865 3106 1066 3157 rumpat,
1107 3102 1358 3146 desiderare
1387 3103 1462 3146 de-

118 3115 198 3201 ges
235 3156 289 3200 de
327 3155 429 3200 dolo
465 3155 547 3199 tibi
585 3156 763 3199 decerni
798 3157 1031 3202 actionem.
1099 3158 1216 3213 quod
1253 3158 1292 3202 si
1327 3171 1462 3214 penes

120 3217 167 3256 te
195 3212 435 3256 dominium
462 3211 558 3254 eius
586 3211 811 3263 remansit,
842 3212 961 3256 adito
986 3213 1188 3268 praeside
1212 3214 1463 3268 provinciae

122 3280 223 3312 cum
250 3266 368 3310 natis
397 3267 513 3310 hanc
540 3269 669 3322 potes
696 3279 974 3323 recuperare,
1015 3268 1052 3311 si
1084 3269 1208 3312 nulla
1236 3273 1464 3313 moveatur

122 3326 290 3404 status²³
323 3322 539 3379 quaestio.
625 3320 680 3365 D.
727 3333 796 3365 ιη
843 3321 886 3366 lc.
930 3322 1041 3367 Mai.
1096 3323 1338 3370 Heracliae
1383 3323 1461 3370 CC.

122 3392 266 3423 conss.
1276 3381 1332 3433 [a.
1365 3383 1461 3432 294]

178 3433 209 3480 5
255 3432 380 3478 Idem
417 3433 510 3476 AA.
556 3437 602 3476 et
645 3430 723 3476 CC.
757 3432 1072 3491 Aphrodisiae.
1141 3433 1190 3477 Si
1227 3435 1464 3490 superstite

121 3493 249 3547 patre
275 3502 356 3554 per
385 3488 777 3544 emancipationem
805 3489 872 3532 tui
891 3489 1000 3533 iuris
1028 3489 1184 3533 effecta
1205 3490 1338 3533 matri
1362 3504 1463 3535 suc-

122 3546 294 3591 cessisti
321 3545 544 3600 rebusque
571 3545 663 3588 tuis
693 3557 773 3600 per
802 3545 1042 3600 legitimum
1070 3550 1262 3589 tutorem
1290 3551 1463 3602 patrem

124 3602 394 3656 eundemque
413 3601 776 3644 manumissorem
799 3601 1114 3645 administratis
1140 3606 1296 3656 postea
1318 3607 1463 3646 trans-

123 3657 250 3713 egisti
279 3669 380 3700 cum
409 3669 462 3701 eo
490 3657 608 3700 bona
636 3656 736 3710 fide,
767 3657 1004 3713 perspicis,
1036 3657 1174 3713 quod,
1216 3658 1254 3701 si
1282 3663 1463 3713 pactum

122 3717 296 3756 tantum
322 3711 490 3756 factum
518 3711 589 3766 sit,
627 3712 780 3768 petitio
810 3717 888 3756 tua
916 3726 997 3769 per
1026 3714 1329 3768 exceptionem
1358 3715 1462 3758 sub-

123 3773 344 3819 movetur,
387 3769 427 3812 si
467 3779 570 3810 vero
613 3768 789 3812 novatio
827 3769 1020 3824 legitimo
1055 3769 1186 3813 modo
1214 3770 1466 3814 intercessit

123 3832 170 3869 et
197 3823 475 3879 acceptilatio
507 3823 744 3867 subsecuta
772 3829 851 3877 est,
890 3825 1055 3868 nullam
1082 3825 1164 3868 tibi
1191 3825 1279 3868 iam
1309 3839 1462 3882 super-

128 3885 146 3923 1
204 3891 302 3924 0330
332 3879 564 3922 actionem.
613 3881 726 3922 Sane
755 3879 792 3923 si
822 3880 947 3924 laesa
969 3893 1014 3924 es
1045 3880 1276 3925 immodice
1304 3882 1462 3926 libera-

123 3937 242 3980 tione
288 3935 558 3978 sollemniter
601 3946 683 3990 per
727 3937 1007 3980 novationem
1050 3941 1186 3992 atque
1223 3938 1462 3993 acceptila-

122 3992 286 4036 tionem
315 3991 497 4042 tributa,
536 4002 628 4033 non
659 3989 712 4034 de
741 3990 842 4034 dolo
870 3997 1054 4047 propter
1081 3997 1311 4048 paternam
1340 4007 1462 4038 vere-

125 4047 344 4100 cundiam,
375 4045 455 4091 sed
481 4046 528 4089 in
557 4045 723 4089 factum
750 4047 867 4091 actio
895 4048 975 4091 tibi
1003 4047 1239 4092 tribuenda
1269 4054 1347 4093 est.
1405 4049 1461 4094 1).

122 4103 180 4147 id.
213 4101 314 4147 Iun.
343 4103 438 4147 AA.
469 4115 611 4146 conss.

181 4155 213 4205 6
243 4157 389 4203 ‘’Idem
415 4159 508 4202 AA.
548 4163 591 4201 et
622 4155 700 4201 00.
731 4156 1001 4213 Hymnodae
1017 4160 1061 4203 ¹⁰.
1121 4159 1283 4204 Dolum
1312 4173 1367 4204 ex
1393 4161 1462 4205 in-

124 4214 247 4259 sidiis
284 4213 530 4271 perspicuis
565 4212 748 4269 probari
783 4214 998 4258 convenit.
1064 4213 1121 4260 D.
1156 4215 1200 4259 lc.
1230 4215 1336 4260 Dec.
1367 4218 1459 4260 AA.

125 4283 268 4314 conss.

476 1317 714 1363 Honorius
742 1323 787 1362 et
816 1318 1092 1362 Theodosius
1107 1319 1197 1360 AA.
1230 1317 1291 1360 ad
1308 1328 1460 1374 popu-

1459 161 1552 219 109

2580 164 2633 216 11
2676 166 2869 215 19-21

1599 313 1628 361 7
1661 314 1784 360 Idem
1822 314 1913 358 AA.
1955 317 2001 357 et
2039 312 2116 358 CC.
2160 313 2437 359 Sebastiano.
2508 314 2554 358 Si
2583 314 2723 358 maior
2753 315 2876 370 quin-

1569 384 1626 414 ue
1668 375 1714 416 et
1749 369 1900 426 viginti
1942 369 2069 412 annis
2111 370 2399 414 hereditatem
2446 370 2595 414 fratris
2638 372 2703 413 tui
2746 384 2876 425 repu-

1573 426 1687 480 ‘asti‚
1727 427 1848 470 nulla
1885 424 1966 468 tibi
2002 424 2192 469 facultas
2223 427 2316 470 eius
2345 426 2573 470 adeundae
2602 427 2877 480 relinquitur.

1541 494 1647 526 sane
1683 483 1723 526 si
1762 483 1852 526 eius
1882 481 2031 525 uxoris
2067 481 2149 524 tibi
2178 483 2444 526 substitutae
2473 482 2571 526 dolo
2602 481 2769 525 factum
2799 487 2878 533 est,

1541 537 1758 581 actionem
1788 538 1840 582 de
1870 537 1971 581 dolo
2003 540 2157 580 contra
2186 550 2282 581 eam
2308 551 2512 581 exercere
2540 544 2680 592 potes.
2719 535 2773 579 D.
2793 548 2883 578 XVI

1541 591 1582 634 lc.
1614 591 1723 636 Mai.
1759 592 1836 637 CC.
1868 606 2010 637 conss.
2694 596 2749 643 [a.
2782 594 2879 640 294]

1598 643 1628 692 8
1665 647 1824 705 ¹¹Imp.
1860 647 2177 692 Constantinus
2213 650 2262 691 A.
2306 648 2367 691 ad
2409 647 2722 706 Symmachum
2767 645 2880 688 vica-

1540 703 1669 744 rium.
1744 703 1966 758 Optimum
2009 704 2213 747 duximus
2253 717 2342 747 non
2380 717 2435 746 ex
2474 716 2524 746 eo
2571 702 2664 753 die,
2711 713 2796 754 quo
2836 713 2883 742 se

1541 757 1727 812 quisque
1762 759 2000 803 admissum
2041 759 2189 802 dolum
2219 759 2423 802 didicisse
2451 756 2777 806 memoraverit,
2807 767 2882 797 ne-

1541 824 1626 868 que
1654 813 1773 854 intra
1802 815 1906 856 anni
1935 815 2055 858 utilis
2083 819 2276 869 tempus,
2318 813 2396 856 sed
2433 813 2582 867 potius
2622 823 2676 852 ex
2715 823 2766 852 eo
2801 810 2883 860 die,

1542 880 1627 923 quo
1653 867 1875 910 adseritur
1901 870 2159 911 commissus
2182 869 2323 918 dolus,
2349 868 2467 910 intra
2493 866 2749 909 continuum
2763 865 2885 908 bien-

1541 923 1661 966 nium
1705 921 1760 965 de
1803 922 1904 966 dolo
1949 923 2166 965 actionem
2209 923 2395 972 moveri,
2450 922 2540 964 sive
2593 921 2755 963 afuerit
2798 921 2886 963 sive

1541 982 1716 1034 praesto
1747 982 1816 1020 est
1844 978 1902 1028 is,
1942 977 2017 1031 qui
2045 977 2193 1019 dolum
2230 989 2278 1019 se
2307 989 2486 1031 passum
2515 989 2612 1020 esse
2645 989 2886 1030 conquera-

1542 1040 1629 1077 tur.
1703 1044 1853 1077 omnes
1898 1032 2032 1086 igitur
2083 1032 2227 1074 sciant
2269 1044 2412 1086 neque
2455 1031 2734 1086 incipiendae
2786 1037 2888 1087 post

1541 1089 1767 1133 biennium
1806 1101 1950 1143 neque
1988 1091 2090 1130 ante
2122 1087 2386 1142 completum
2427 1087 2649 1130 biennium
2690 1092 2888 1142 coeptae,

1542 1150 1646 1200 post
1683 1145 1906 1189 biennium
1945 1143 2164 1186 finiendae
2203 1142 2292 1185 doli
2333 1143 2519 1186 actionis
2551 1155 2807 1186 concessam
2836 1144 2888 1186 li-

1545 1201 1744 1244 centiam.
1803 1199 1856 1244 D.
1899 1211 1994 1243 VIII
2026 1198 2069 1242 lc.
2102 1199 2215 1256 Any.
2250 1197 2416 1242 Naisso
2451 1198 2744 1242 Constantino
2774 1199 2825 1242 A.
2867 1211 2892 1239 v

1544 1262 1587 1301 et
1615 1257 1791 1301 Licinio
1825 1255 1867 1301 C.
1899 1268 2043 1299 conss.
2702 1259 2758 1307 [a.
2791 1258 2888 1305 319]

2030 1483 2147 1531 XXI
2184 1483 2419 1543 (XXII).¹²

1597 1566 1674 1606 DE
1703 1565 1766 1605 IN
1797 1565 2098 1606 INTEGRUM
2126 1565 2542 1606 RESTITUTIONE
2572 1564 2839 1605 MINORUM

1851 1621 2076 1662 VIGINTI
2107 1621 2363 1667 QUINQUE
2394 1621 2577 1661 ANNIS.

1606 1702 1628 1748 1
1666 1702 1779 1760 Imp.
1812 1702 2077 1748 Alexander
2105 1704 2156 1747 A.
2188 1701 2443 1746 Plotianae.
2512 1702 2627 1746 Illud
2655 1702 2890 1758 inspicien-

1545 1759 1648 1803 dum
1688 1763 1778 1811 est,
1827 1773 1932 1802 num
1984 1759 2223 1804 inofficiosi
2275 1759 2497 1814 querellae
2535 1759 2603 1802 vel
2641 1760 2789 1814 palam
2824 1760 2892 1801 vel

1544 1816 1683 1859 tacita.
1724 1815 2076 1859 dissimulatione
2116 1816 2174 1858 sit
2210 1816 2524 1858 renuntiatum.
2585 1828 2667 1858 nec
2697 1815 2783 1858 1100
2813 1827 2892 1857 au-

1544 1878 1633 1915 tem
1662 1872 1708 1914 in
1739 1884 1973 1926 personam
2003 1877 2126 1915 tuam
2158 1871 2314 1915 cadere
2342 1884 2475 1927 posse
2517 1871 2730 1914 auxilium
2777 1871 2892 1926 quod

1545 1928 1681 1972 aetati
1724 1928 1974 1982 impertitur
2019 1927 2224 1972 ostendit.
2305 1926 2359 1971 D.
2400 1939 2429 1970 r
2461 1927 2518 1970 id.
2559 1926 2647 1970 Iul.
2686 1925 2893 1970 Maseimo

1547 1996 1592 2028 ΙΙ
1618 1989 1664 2028 et
1688 1984 1878 2028 Aeliano
1909 1997 2054 2028 conss.
2705 1987 2760 2035 [a.
2794 1986 2892 2034 223]

1602 2037 1633 2085 2
1666 2038 1791 2084 Idem
1820 2040 1915 2085 Α.ι3
1941 2039 2221 2084 Alexandro.
2282 2039 2350 2084 Eo
2390 2044 2610 2095 tempore,
2651 2052 2738 2093 quo
2769 2052 2894 2083 soror

1544 2101 1625 2140 tua
1663 2095 1828 2140 auxilio
1856 2096 2091 2140 iuvabatur
2120 2096 2277 2140 aetatis
2292 2129 2302 2148 ,
2344 2097 2382 2139 si
2414 2096 2555 2151 patris
2584 2095 2785 2139 intestati
2815 2095 2892 2139 bo-

1546 2165 1704 2196 norum
1743 2152 2071 2207 possessionem
2114 2153 2315 2208 accipere
2345 2152 2519 2206 debuit,
2559 2152 2664 2195 licet
2703 2151 2895 2207 quinque

1544 2209 1658 2253 filios
1688 2209 1946 2263 superstites
1975 2209 2196 2260 habuerit,
2238 2222 2328 2252 non
2356 2214 2505 2251 tamen
2533 2208 2633 2252 ideo
2663 2208 2807 2251 minus
2838 2207 2895 2250 ad

1545 2264 1678 2308 edicti
1715 2265 2066 2320 praerogativam
2103 2264 2318 2320 pertinet,
2370 2265 2538 2308 scilicet
2584 2264 2622 2308 si
2660 2277 2778 2307 nunc
2815 2277 2895 2319 per

1546 2325 1738 2364 aetatem
1774 2320 2035 2364 beneficium
2073 2320 2365 2364 restitutionis
2404 2321 2602 2376 largitur.
2669 2319 2763 2362 PP.
2804 2332 2896 2362 Vsu

1544 2376 1603 2419 id.
1635 2376 1750 2433 Auq.
1782 2374 1870 2419 Pio
1901 2381 1947 2419 et
1973 2374 2204 2420 Pontiano
2235 2389 2377 2419 conss.
2706 2380 2762 2427 [a.
2795 2379 2892 2426 238]

1603 2428 1633 2477 3
1666 2423 1812 2489 impp.
1844 2430 2157 2475 Diocletianus
2196 2436 2241 2475 et
2267 2431 2582 2475 Maoeimianus
2609 2432 2701 2475 AA.
2740 2436 2785 2474 et
2815 2429 2892 2474 CC.

1545 2487 1743 2531 Attiano.
1828 2486 1875 2530 Si
1920 2491 2169 2530 curatorem
2212 2487 2383 2530 habens
2428 2487 2571 2531 minor
2615 2487 2805 2542 quinque
2850 2491 2895 2530 et

1547 2542 1698 2598 viginti
1727 2543 1854 2586 annis
1883 2548 1986 2597 post
2013 2543 2274 2599 pupillarem
2304 2548 2495 2586 aetatem
2527 2556 2599 2586 res
2628 2555 2788 2586 venum
2818 2542 2892 2585 de-

1547 2599 1664 2653 disti,
1709 2599 1828 2641 hunc
1874 2603 2150 2642 contractum
2194 2599 2360 2642 servari
2404 2612 2493 2642 non
2537 2604 2737 2655 oportet,
2794 2612 2893 2642 cum

1546 2668 1636 2699 non
1673 2655 1885 2699 absimilis
1926 2655 1967 2698 ei
2003 2655 2224 2698 habeatur
2252 2655 2396 2698 minor
2431 2660 2680 2698 curatorem
2709 2655 2892 2707 habens,

1547 2711 1620 2754 cui
1660 2723 1688 2754 a
1726 2715 1932 2766 praetore
1972 2715 2175 2755 curatore
2206 2711 2310 2754 dato
2340 2711 2468 2754 bonis
2498 2711 2783 2754 interdictum
2811 2717 2890 2754 est.

1546 2767 1584 2810 si
1611 2779 1715 2810 vero
1757 2767 1852 2811 sine
1883 2771 2089 2810 curatore
2120 2767 2388 2810 constitutus
2428 2771 2707 2810 contractum
2736 2766 2893 2817 fecisti,

1545 2823 1781 2878 implorare
1810 2821 1856 2864 in
1884 2823 2103 2877 integrum
2133 2823 2468 2875 restitutionem,
2500 2822 2537 2866 si
2566 2822 2755 2866 necdum
2784 2826 2893 2866 tem-

1545 2891 1657 2934 pora
1695 2878 1930 2934 praefinita
1959 2880 2249 2932 excesserint,
2292 2891 2429 2922 causa
2468 2878 2645 2932 cognita
2673 2892 2763 2922 non
2791 2891 2892 2933 pro-

1545 2935 1725 2978 hiberis.
1757 2933 1812 2978 D.
1831 2946 1957 2978 XJJJJ
1968 2934 2012 2978 lc.
2029 2933 2139 2978 Mai.
2157 2934 2400 2979 Heracliae
2414 2935 2506 2978 AA.
2526 2948 2670 2978 conss.
2718 2938 2774 2986 [a.
2795 2938 2893 2985 293]

1602 2990 1635 3036 4
1684 2989 1846 3034 ¹*Idem
1888 2991 1980 3034 AA.
2026 2997 2071 3035 et
2110 2989 2188 3035 CC.
2235 2989 2432 3034 Isidoro.
2508 2991 2554 3033 Si
2596 2991 2807 3034 minorem
2851 2995 2895 3032 te

1546 3048 1739 3103 quinque
1784 3051 1827 3090 01
1869 3047 2019 3102 viginti
2063 3046 2192 3090 annis
2238 3047 2400 3098 fuisse,
2447 3060 2547 3089 cum
2593 3046 2892 3097 contraheres,

1546 3102 1816 3154 ostenderis,
1858 3108 1903 3146 et
1941 3108 2144 3158 tempora
2182 3102 2476 3147 restitutionis
2516 3102 2780 3156 praestituta
2819 3115 2894 3144 ex-

1547 3159 1733 3203 cessisse
1770 3159 1826 3201 ab
1863 3158 2115 3201 adversario
2155 3161 2234 3200 tuo
2266 3157 2600 3212 comprobatum
2629 3170 2718 3200 non
2746 3157 2893 3209 fuerit,

1547 3227 1726 3270 praeses
1778 3214 2030 3278 provinciae
2079 3213 2126 3255 in
2175 3213 2395 3267 integrum
2446 3213 2739 3256 restitutionis
2790 3213 2894 3256 dare

1545 3270 1628 3313 tibi
1666 3269 1878 3312 auxihum
1917 3268 2087 3312 debeat.
2156 3267 2211 3311 D.
2251 3279 2281 3311 V
2314 3267 2356 3312 lc.
2387 3266 2497 3312 Mai.
2530 3268 2772 3313 Heracliae
2799 3270 2892 3312 AA.

1547 3338 1690 3369 conss.
2703 3329 2760 3377 [a.
2793 3328 2892 3377 293]

1603 3379 1633 3426 5
1669 3378 1831 3426 ¹⁵Idem
1870 3380 1962 3422 AA.
2002 3384 2048 3422 et
2088 3377 2165 3423 CC.
2204 3378 2346 3436 Rufo.
2415 3379 2667 3424 Minoribus
2705 3381 2751 3424 in
2780 3381 2894 3424 inte-

1545 3449 1672 3491 grum
1707 3435 1952 3487 restitutio,
1996 3434 2042 3477 in
2079 3436 2240 3490 quibus
2279 3448 2328 3479 se
2366 3443 2520 3491 captos
2557 3438 2750 3492 probare
2789 3450 2892 3492 pos-

1547 3497 1671 3544 sunt,
1710 3490 1795 3534 etsi
1830 3490 1960 3534 dolus
2000 3490 2240 3534 adversarii
2270 3505 2360 3535 non
2389 3493 2627 3547 probetur,
2667 3493 2891 3549 competit.

1550 3553 1566 3590 1
1630 3548 1747 3589 Ante
1784 3546 2010 3602 impletum
2050 3547 2180 3590 etiam
2220 3548 2419 3603 quintum
2457 3554 2502 3592 et
2529 3549 2783 3593 vicesimum
2813 3562 2891 3592 an-

1546 3616 1652 3646 num
1682 3602 1735 3646 de
1764 3602 1846 3655 his,
1876 3602 1924 3644 in
1953 3602 2112 3657 quibus
2143 3616 2191 3647 se
2219 3605 2410 3647 minores
2442 3608 2597 3659 captos
2624 3605 2891 3656 existimant,

1547 3671 1677 3714 posse
1711 3658 1758 3700 in
1795 3658 2012 3712 integrum
2042 3659 2364 3703 restitutionem
2391 3660 2629 3715 implorare
2659 3661 2892 3703 certissimi

1546 3715 1654 3758 iuris
1685 3719 1765 3757 est.
1823 3712 1878 3756 D.
1906 3725 1935 3755 V
1957 3713 2127 3758 lc.Mai.
2148 3715 2390 3759 Heracliae
2403 3717 2496 3759 AA.
2516 3730 2659 3759 conss.
2712 3721 2767 3767 [a.
2791 3720 2889 3767 293]

1603 3767 1634 3816 6
1669 3769 1791 3813 Idem
1819 3769 1912 3812 AA.
1943 3774 1989 3814 et
2017 3768 2094 3814 CC.
2128 3770 2397 3815 Sententiae.
2465 3771 2510 3814 Si
2538 3772 2658 3815 intra
2686 3775 2889 3822 aetatem,

1548 3826 1621 3869 cui
1659 3824 1862 3869 succurri
1896 3825 2030 3880 solet,
2070 3827 2116 3869 in
2153 3827 2370 3880 integrum
2398 3827 2690 3870 restitutionis
2731 3827 2783 3870 lis
2821 3828 2890 3869 in—

1547 3882 1710 3925 choata
1747 3885 1815 3924 est
1852 3893 1934 3924 nec
1971 3881 2012 3924 ei
2050 3895 2078 3925 a
2106 3887 2149 3925 te
2179 3883 2478 3925 renuntiatum
2510 3889 2591 3934 est,
2627 3895 2743 3925 mors
2775 3883 2883 3933 eius,

1547 3942 1703 3981 contra
1742 3948 1871 3992 quem
1907 3937 2021 3980 haec
2050 3937 2197 3981 fuerat
2224 3938 2470 3993 implorata.
2506 3938 2653 3980 fraudi
2682 3939 2764 3980 tibi
2794 3950 2890 3981 esse

1550 4005 1641 4036 non
1670 3996 1830 4048 potest.
1890 3993 1944 4037 D.
1981 4006 2016 4037 V.
2044 3991 2087 4035 lc.
2105 3993 2215 4038 Mai.
2241 3993 2380 4038 Sirmi
2406 3989 2483 4036 CC.
2508 4000 2653 4032 conss.
2699 3996 2754 4043 [a.
2781 3994 2878 4041 294]

1603 4046 1634 4094 7
1666 4048 1792 4093 Idem
1821 4048 1913 4092 AA.
1944 4054 1989 4093 et
2020 4048 2096 4093 CC.
2130 4048 2332 4093 Severae.
2402 4049 2469 4092 De
2507 4049 2649 4092 tutela
2679 4050 2887 4092 avunculi

1276 4109 1333 4158 [a.
1365 4106 1463 4162 293]
1544 4102 1826 4159 eiusdemque
1854 4105 2027 4159 tutoris,
2060 4106 2132 4148 cui
2160 4105 2274 4148 falso
2305 4109 2451 4147 aetate
2481 4105 2669 4159 probata
2699 4106 2887 4159 praesti-

1538 4161 1637 4204 tisti
1672 4160 1995 4213 liberationem,
2043 4174 2170 4216 quem
2205 4161 2408 4215 ignarum
2450 4160 2607 4204 aetatis
2654 4164 2759 4204 tuae
2797 4174 2886 4203 non

1544 4216 1683 4259 fuisse
1723 4221 1814 4258 tam
1855 4215 2048 4260 officium
2083 4217 2247 4259 tutelae
2286 4228 2417 4271 quam
2463 4216 2686 4270 sanguinis
2734 4217 2884 4270 proxi-

1272 4276 1328 4324 [a.
1361 4276 1459 4325 293]
1543 4273 1673 4316 mitas
1712 4271 1878 4326 arguit,
1919 4273 1959 4316 si
1995 4272 2182 4316 necdum
2220 4275 2434 4316 statutum
2471 4274 2645 4327 tempus
2681 4272 2884 4319 excessit,

128 4409 179 4463 (1)
194 4412 313 4466 {unqe
324 4413 363 4464 2,
377 4420 436 4464 20,
448 4419 482 4452 e.
494 4412 534 4461 2,
544 4418 597 4463 31,
610 4419 645 4452 2.
661 4413 766 4463 4‚44,
781 4419 801 4451 3
860 4411 914 4460 (2)
926 4410 1313 4453 AureliaeEuodjae
1322 4414 1427 4465 4‚44‚
1442 4423 1461 4454 8
1546 4410 1644 4446 sunt
1663 4406 1742 4446 tibi
1762 4410 1944 4458 tempora
1962 4409 2008 4448 in
2028 4409 2189 4448 actione
2217 4407 2267 4447 de
2286 4406 2380 4446 dolo
2410 4406 2642 4458 computari
2663 4407 2883 4448 Mommsen

128 4467 182 4517 (3)
196 4466 488 4508 iactationibus
502 4468 531 4505 t.
547 4466 614 4507 vel
629 4465 994 4507 contestationibus
1009 4466 1108 4508 PvR
1134 4483 1218 4509 cum
1234 4469 1292 4520 B,
1318 4468 1462 4509 iactio-

129 4522 193 4561 nis
210 4522 316 4571 &vel
329 4521 639 4570 contestationis
649 4522 714 4574 P‘,
732 4521 1024 4562 iactationibus
1043 4524 1072 4562 t.
1088 4522 1155 4564 vel
1169 4524 1464 4566 contestatione
1545 4522 1587 4572 4,
1614 4528 1671 4571 44,
1689 4527 1709 4561 8

133 4587 265 4626 11101113
273 4586 313 4627 A
321 4586 356 4628 C
407 4587 458 4639 (4)
466 4586 591 4628 talem
601 4587 694 4630 dett.
753 4586 821 4640 (4¹)
831 4587 930 4628 Dec.
942 4585 1072 4628 Seeck
1125 4586 1180 4641 (5)
1189 4607 1245 4624 ==
1256 4587 1331 4629 Th.
1344 4588 1383 4639 3,
1398 4596 1429 4639 1,
1442 4596 1462 4629 9
1548 4592 1602 4634 15,
1633 4592 1649 4624 1

134 4645 188 4684 (6)
206 4641 250 4682 Β
270 4644 332 4690 10,
349 4651 368 4683 3
386 4666 437 4672 ——
460 4643 522 4697 Cf.
539 4644 637 4697 th.
656 4647 694 4695 4,
710 4653 729 4685 3
825 4643 1057 4694 (7)firmant
1076 4642 1244 4686 Graeci.-
1275 4656 1357 4683 non
1371 4655 1463 4694 pos-

1547 4463 1602 4514 (8)
1618 4465 1704 4503 AA.
1721 4475 1851 4503 conss.
1867 4463 1922 4515 (a.
1940 4466 2026 4514 293)
2042 4465 2258 4505 Mommsen
2329 4465 2385 4514 (9)
2406 4464 2522 4514 iunqe
2540 4463 2578 4512 2,
2596 4471 2650 4511 19,
2669 4471 2703 4502 9.
2724 4464 2761 4513 2,
2779 4472 2832 4514 31,
2847 4473 2879 4505 2.

1801 4518 1876 4571 (1ο)
1906 4517 2100 4559 Aureliae
2122 4517 2310 4558 Euodiae
2333 4521 2372 4568 4,
2389 4527 2446 4569 44,
2464 4527 2483 4559 8
2571 4518 2640 4570 (11)
2672 4540 2728 4556 =
2759 4518 2831 4561 Tla.
2848 4521 2889 4573 2,

1745 4581 1818 4633 (12)
1848 4581 1892 4623 Β
1911 4584 1976 4632 10,
1993 4592 2025 4623 4.
2055 4604 2112 4611 —
2144 4581 2205 4635 Cf
2225 4581 2325 4635 Diq.
2342 4584 2382 4632 4,
2400 4591 2419 4623 4
2509 4585 2583 4634 (13)
2613 4586 2739 4626 scribi
2752 4587 2887 4628 debuit

1550 4640 1646 4690 imp.
1666 4638 1899 4678 Gordianus
1928 4640 1976 4677 A.
2038 4640 2109 4688 (14)
2140 4639 2257 4690 iunye
2274 4639 2311 4687 2,
2331 4646 2387 4687 24,
2405 4647 2425 4678 4
2483 4640 2556 4689 (15)
2573 4642 2662 4681 vide
2680 4643 2735 4682 ad
2750 4645 2786 4690 5,
2800 4654 2847 4692 11,
2862 4653 2881 4684 4
