3138 4776
218 147 311 196 15

218 292 458 353 αἱρετικοὺς
495 294 596 338 οὔτε
635 293 805 337 ἐκδίκου
834 291 935 334 οὔτε
964 289 1133 335 πόλεως
1162 291 1328 348 πατρὸς
1354 291 1554 345 μετιέναι

217 348 435 408 φροντίδα
464 351 784 409 συγχωροῦμεν,
822 342 939 389 ὥστε
966 346 1027 402 μὴ
1057 346 1275 405 προφάσει
1305 348 1379 398 τῆς
1408 346 1552 387 ἐντεῦ-

216 406 305 446 θεν
333 403 482 448 ἀδείας
511 404 769 463 ἐπηρεάζειν
797 405 885 444 τοῖς
913 418 963 443 τε
991 401 1137 445 ἄλλοις
1163 404 1451 470 Χριστιανοῖς
1479 403 1553 442 καὶ

215 458 518 519 διαφερόντως
557 466 646 504 τοῖς
686 456 1046 514 θεοφιλεστάτοις
1075 460 1343 508 έπισκοποις,
1373 459 1446 497 καὶ
1475 457 1554 498 τοῦ

216 514 410 569 δικάζειν
449 518 616 559 ἑαυτοῖς
655 512 680 567 ἢ
711 513 996 570 ψηφίζεσθαί
1024 529 1128 555 τινα
1158 515 1406 571 περιποιεῖν
1436 511 1554 562 ἐξου-

215 575 239 614 8
298 577 416 623 σίαν,
446 572 569 614 καθά
599 575 670 612 καὶ
700 573 789 612 τοῖς
817 566 905 626 πρὸ
927 565 1056 622 ἡμῶν
1076 569 1446 623 νενομοθέτηται.
1492 564 1554 610 Oi)

213 625 303 682 μὴν
339 625 443 671 οὐδὲ
483 632 572 671 τοῖς
609 622 884 680 σοφωτάτοις
930 622 1234 676 συντετάχθαι
1279 624 1377 666 τῶν
1415 620 1554 666 δικῶν

214 682 423 739 ῥήτοοσιν
452 680 605 725 αὐτοὺς
634 682 790 734 ἐῶμεν,
830 678 892 720 οἶς
927 677 1192 737 οἰκειότερόν
1222 681 1347 721 ἐστιν
1375 675 1402 732 ἢ
1442 677 1554 721 κατὰ

213 725 528 782 τούςκπολλοὺς
559 736 609 779 τὸ
639 738 735 778 τῶν
767 735 914 776 θείων
937 732 1177 791 δογμάτων
1208 732 1362 793 ὀρθῶς
1391 733 1553 777 αἰσθά-

213 795 402 845 νεσθαι,
455 791 632 850 ὅσῳπερ
684 794 757 833 καὶ
801 788 882 832 τὸν
925 794 1029 843 βίον
1074 792 1124 831 ἐν
1171 788 1313 848 λόγοις
1366 791 1552 844 ἔχουσιν.

213 854 237 891 9
292 847 421 892 ’Λλλοὶ
462 854 534 892 καὶ
573 845 672 890 τούς
712 843 846 889 ὄντας
880 847 964 901 μὲν
994 844 1238 902 αἱρετικούς
1266 849 1340 888 καὶ
1370 848 1437 889 ἔτι
1467 845 1554 904 πρὸ

211 904 386 948 τούτων
408 901 619 957 ’Έλληνας
657 900 683 956 ἢ
710 898 942 944 Ἰουδαίους
979 897 1007 955 ἢ
1035 903 1317 959 Σαμαρείτας
1350 907 1425 945 καὶ
1454 902 1556 945 τούς

211 959 382 1014 τρύτοις
425 958 615 1015 ὁμοίους,
659 955 963 1013 μετασχόντας
1006 954 1060 999 δέ
1094 972 1215 1000 τινος
1251 955 1335 1012 ἤδη
1378 956 1556 1002 τούτων

213 1016 364 1075 ὦνπερ
405 1015 691 1072 ἐμνήσθημεν
731 1017 804 1055 καὶ
847 1011 1063 1066 τυχόντας
1115 1009 1366 1069 ἀξιώματος
1407 1011 1434 1069 ἢ
1475 1015 1554 1057 τοῦ

211 1072 456 1130 καταλόγου
493 1073 588 1113 τῶν
624 1069 700 1112 τὰς
740 1067 865 1112 δίκας
902 1067 1213 1128 άγορευόντων
1247 1066 1274 1123 ἢ
1313 1075 1556 1128 στρατείαν

210 1127 608 1195 περιβεβλημένους
645 1123 672 1178 ἢ
712 1123 863 1179 ζώνην
891 1121 1136 1168 ὁποιανοῦν
1173 1124 1453 1182 ἐκβληθῆναι
1482 1128 1556 1179 τῆς

210 1198 319 1242 προς
362 1186 504 1226 ταῦτα
547 1187 781 1237 μετουσίας
823 1182 1094 1239 παραχρῆμα
1143 1181 1555 1240 παρακελευόμεθα.

217 1244 262 1282 10
321 1237 609 1297 Καθαρεύειν
659 1236 742 1296 γὰρ
797 1236 854 1279 τὰ
901 1238 1106 1296 ῥηθέντα
1148 1236 1299 1280 πάντα
1341 1240 1418 1291 τῆς
1461 1239 1557 1280 τῶν

207 1292 427 1337 τοιούτων
465 1297 547 1336 νῦν
582 1311 630 1336 τε
670 1298 744 1335 καὶ
781 1290 857 1335 διὰ
893 1291 1064 1335 παντὸς
1101 1291 1362 1349 βουλόμεθα
1400 1309 1555 1336 κοινω-

208 1355 318 1403 νίας,
349 1347 427 1392 οὐκ
457 1352 533 1393 ἐπὶ
562 1348 700 1406 μόνης
726 1347 888 1404 ταύτης
915 1350 992 1404 τῆς
1020 1346 1202 1400 ἐνδόξου
1231 1348 1415 1400 πόλεως,
1454 1346 1552 1392 ἀλλ’

213 1411 255 1448 11
319 1409 394 1449 ἐπὶ
423 1404 564 1459 πάσης
592 1403 704 1448 ὅλως
730 1407 941 1462 ἐπαρχίας
961 1408 1036 1448 καὶ
1056 1404 1197 1449 τόπου
1213 1404 1395 1449 παντός.
1417 1401 1556 1463 ςὈπερ

207 1464 331 1504 ἐστὶν
376 1459 425 1503 οὐ
471 1459 690 1511 καθάπαξ
732 1459 912 1504 καινόν·
956 1460 1014 1504 τὰ
1052 1463 1161 1520 γοῦν
1189 1465 1286 1504 ταῖς
1327 1460 1557 1505 πλείσταις

206 1519 303 1560 τῶν
344 1520 595 1576 στρατειῶν
634 1518 744 1560 θεῖα
782 1515 997 1587 διδόμενα
1045 1519 1123 1572 τῆς
1162 1515 1307 1572 ζώνης
1354 1517 1555 1574 σύμβολα

205 1578 525 1633 προσκείμενον
553 1574 641 1626 ἔχει
668 1573 720 1616 τὸ
753 1571 848 1616 δεῖν
872 1571 1126 1632 ορθόδοξον
1148 1574 1263 1617 εἶναι
1292 1573 1373 1616 τὸν
1394 1572 1556 1626 ταύτης

212 1635 258 1673 12
316 1628 735 1685 μεταλαμβάνοντα.
800 1628 928 1684 Πλὴν
969 1626 1067 1672 ἀλλ’
1111 1626 1326 1689 ἡμέτερον
1355 1627 1412 1671 ἂν
1440 1630 1554 1672 εἶναι

206 1690 279 1728 καὶ
317 1687 450 1728 τοῦτο
491 1684 640 1740 δοκοίη
679 1687 776 1729 τῶν
813 1682 1197 1742 ἀνακτησαμένων
1237 1683 1345 1729 αύτὸ
1385 1689 1459 1728 καὶ
1494 1684 1556 1741 μὴ

206 1739 520 1799 περιιδόντων,
569 1738 779 1800 καθάπερ
820 1743 1107 1799 ἑζιιπροσθεν,
1161 1739 1464 1798 άμελούιιενόν
1507 1758 1555 1783 τε

206 1795 316 1858 παρ’
361 1800 495 1840 ἐνίων
534 1802 608 1840 καὶ
646 1802 772 1857 μέχρι
810 1797 967 1854 μόνων
1003 1797 1282 1858 γραμμάτων
1329 1803 1554 1854 κείμενον·

204 1854 263 1897 τὰ
304 1853 547 1921 πράγματα
588 1853 672 1914 γὰρ
712 1851 791 1908 οὐχ
820 1851 962 1897 οὕτως
990 1857 1217 1910 νομίζοιτο
1251 1851 1309 1897 ἂν
1337 1852 1430 1896 ἰ’δια
1458 1855 1556 1896 τῶν

204 1911 288 1965 τὴν
330 1910 469 1968 ἀρχην
511 1906 760 1969 εὑρόντων,
807 1907 866 1953 ῶς
915 1912 1013 1953 τῶν
1051 1914 1143 1953 τοῖς
1181 1906 1405 1970 εὑρεθεῖσι
1442 1926 1554 1966 χρω-

208 1971 258 2011 13
317 1971 470 2022 μένων
508 1965 682 2025 ἄριστα.
751 1968 808 2009 Εἰ
847 1963 898 2008 δέ
930 1965 1053 2026 παρὰ
1080 1965 1134 2009 τὸ
1164 1970 1556 2027 προστεταγμένον

206 2018 287 2080 ὑφ’
331 2020 462 2078 ἡμῶν
489 2019 772 2093 ἁμαρτηθείη
801 2039 859 2075 τι,
888 2021 970 2065 τὸν
997 2026 1082 2078 μὲν
1109 2024 1208 2066 τῶν
1235 2021 1556 2078 κεκωλυμένων

206 2078 495 2136 ἐφαψάμενον
552 2095 630 2121 ουκ
687 2077 909 2132 ἀνόνητον
963 2077 1105 2135 μόνον
1148 2080 1226 2150 της
1275 2077 1556 2138 ἐγχειρήσεως

205 2133 533 2191 ἀποδείκνυμεν
561 2140 637 2177 καὶ
666 2134 899 2179 παντελῶς
920 2139 1120 2191 μετέχειν
1152 2133 1290 2178 αυτὸν
1314 2133 1555 2189 κωλύομεν,

210 2197 259 2235 14
316 2187 425 2234 ἀλλὰ
456 2195 528 2232 καὶ
560 2190 595 2233 λ’
626 2196 805 2250 χρυσίου
833 2189 1004 2250 λιτρῶν
1030 2193 1165 2250 ποινῇ
1195 2193 1450 2247 ζημιοῦμεν.
1483 2189 1556 2233 Οἷς

207 2246 257 2290 δὲ
286 2245 486 2305 διαφέρει
515 2246 567 2289 τὸ
606 2245 707 2291 τούς
734 2244 961 2290 τοιούτους
994 2246 1230 2306 ἐγγράφειν
1257 2248 1324 2301 τῷ
1356 2244 1554 2302 δημοσίῳ

207 2308 279 2345 καὶ
308 2301 670 2362 ἀπογράφεσθαι,
701 2302 888 2353 τούτοις,
919 2304 958 2345 εἰ
988 2300 1220 2359 μαθόντες
1246 2301 1299 2345 τὸ
1329 2301 1555 2355 πεπλανη·

204 2364 341 2416 μένον
386 2358 521 2402 αὐτοῦ
567 2361 643 2413 τῆς
685 2357 814 2414 δόξης
857 2358 978 2415 ὅμως
1020 2358 1306 2418 προσήκαντο
1352 2363 1424 2399 καὶ
1479 2355 1556 2400 οὐκ

204 2415 420 2460 ἀντεῖπον
455 2412 558 2458 οὐδὲ
595 2414 856 2470 ἀπήλασαν,
885 2414 1048 2469 ποινὴν
1082 2415 1349 2470 ἐπιτίθεμεν
1377 2419 1556 2473 χρυσίου

206 2529 257 2583 (1)
289 2525 557 2583 αἰσθόμενοι
588 2559 597 2568 .
615 2557 653 2569 ..
681 2531 910 2583 μετέχουσι
957 2545 1036 2574 scr.

207 2668 370 2712 reticos
409 2681 551 2724 neque
581 2666 838 2723 defensoris
866 2679 1011 2724 neque
1040 2665 1196 2724 patris
1236 2665 1430 2709 civitatis
1459 2678 1552 2708 mu-

208 2737 293 2766 nus
335 2723 562 2780 suscipere
598 2723 923 2783 permittimus,
968 2735 1024 2766 ne
1057 2726 1312 2779 praetextu
1347 2724 1552 2779 potesta-

212 2780 267 2822 tis
295 2778 399 2820 inde
423 2779 712 2834 competentis
733 2778 920 2834 reliquis
946 2775 1213 2821 Christianis
1242 2782 1287 2821 et
1302 2777 1554 2841 praecipue

210 2833 560 2890 reliqiosissimis
603 2833 827 2890 episcopis
869 2837 1088 2885 noceant,
1132 2837 1178 2876 et
1213 2831 1446 2875 iudicandi
1486 2831 1556 2875 vel

212 2887 538 2932 condemnandi
545 2892 818 2944 potestatem
832 2888 917 2931 sibi
925 2892 1110 2945 parent,
1126 2886 1496 2951 quemadmodum
1513 2890 1558 2930 et

214 2948 238 2987 8
297 2958 325 2987 a
349 2942 773 3001 praedecessoribus
801 2944 969 2987 nostris
993 2947 1284 2986 constitutum
1312 2947 1390 2987 est.
1437 2935 1555 2995 Quin

213 3000 346 3044 etiam
389 3013 445 3043 ne
481 2998 825 3056 sapientissimis
863 3012 1102 3043 causarum
1132 2999 1349 3057 patronis
1377 2997 1555 3055 quidem

213 3069 290 3100 eos
333 3054 535 3098 adscribi
552 3055 864 3112 permittimus,
909 3068 1024 3112 quos
1052 3068 1106 3098 eo
1136 3054 1281 3112 maqis
1303 3068 1422 3113 prae
1444 3060 1556 3098 cete-

213 3112 277 3155 ris
319 3110 470 3155 divina
503 3114 755 3168 praecepta
797 3115 918 3154 recte
962 3109 1221 3168 intelleqere
1264 3110 1411 3163 decet,
1465 3123 1556 3174 quo

213 3174 237 3212 9
296 3167 430 3212 vitam
468 3166 515 3209 in
555 3166 718 3209 litteris
757 3171 910 3223 ayunt.
980 3165 1032 3210 Si
1061 3166 1140 3223 qui
1174 3180 1278 3211 vero
1310 3165 1556 3210 haeretico-

212 3237 312 3267 rum
355 3236 496 3279 eoque
537 3221 684 3279 maqis
717 3234 1012 3286 paqanorum
1058 3221 1128 3266 vel
1170 3220 1444 3266 Iudaeorum
1489 3221 1558 3266 vel

215 3279 544 3323 Samaritarum
583 3284 625 3322 et
662 3291 737 3335 qui
776 3278 834 3321 iis
870 3277 1037 3321 similes
1073 3282 1181 3322 sunt
1216 3278 1306 3321 iam
1344 3277 1456 3335 quid
1482 3291 1556 3322 eo-

213 3349 311 3379 rum
351 3348 467 3391 quae
505 3334 943 3378 commemoravimus
985 3338 1166 3378 teneant
1206 3338 1253 3378 et
1292 3333 1556 3391 diqnitatem

214 3391 336 3434 nacti
379 3390 447 3434 vel
489 3389 536 3432 in
579 3389 861 3434 matriculam
905 3389 1235 3434 causidicorum
1277 3389 1446 3448 recepti
1488 3389 1558 3435 vel

215 3447 373 3490 militia
412 3445 646 3503 cinqulove
684 3459 962 3510 quocumque
995 3446 1136 3503 potiti
1168 3451 1297 3498 sunt,
1337 3459 1415 3490 eos
1451 3459 1556 3490 con-

223 3507 267 3545 10
322 3502 476 3559 festim
498 3515 652 3545 eorum
676 3515 983 3546 communione
1030 3502 1172 3546 rivari
1185 3501 1397 3546 iubemus.
1429 3501 1557 3546 Pura

215 3558 329 3602 enim
358 3571 412 3602 ea
442 3571 557 3614 quae
587 3556 706 3600 dicta
734 3562 841 3601 sunt
874 3571 903 3601 a
934 3563 981 3601 ta
998 3558 1089 3600 ium
1119 3559 1429 3603 communione
1456 3559 1556 3602 red-

217 3614 322 3657 dere
350 3626 468 3656 nunc
497 3618 540 3656 et
567 3618 784 3671 perpetuo
811 3613 1027 3666 volumus,
1057 3627 1149 3657 non
1171 3614 1219 3656 in
1240 3613 1326 3658 hac
1350 3615 1556 3672 qloriosa

217 3669 323 3713 urbe
357 3669 525 3721 solum,
561 3668 641 3712 sed
680 3669 728 3712 in
768 3668 971 3713 omnibus
1000 3670 1253 3728 provinciis
1287 3676 1331 3715 et
1359 3671 1406 3714 in
1437 3671 1556 3714 omni

223 3730 264 3768 11
328 3730 460 3769 terra.
511 3722 642 3777 Quod
669 3738 952 3782 nequaquam
980 3738 1142 3770 novum
1171 3731 1261 3770 est:
1297 3740 1407 3771 sane
1436 3726 1556 3770 codi-

217 3781 331 3825 cillis
390 3781 556 3832 sacris,
614 3781 693 3837 qui
749 3781 987 3839 plerisque
1037 3781 1208 3825 militiis
1260 3782 1315 3826 de
1371 3782 1555 3841 cinqulo

218 3837 497 3888 tribuuntur,
540 3835 735 3880 adicitur
774 3836 1082 3882 orthodooeum
1129 3851 1223 3881 esse
1260 3838 1419 3883 debere
1455 3852 1555 3883 eum

222 3897 268 3936 12
327 3893 405 3950 qui
442 3892 491 3935 id
528 3892 815 3936 nanciscitur.
883 3892 985 3937 Nisi
1023 3898 1068 3937 et
1103 3892 1189 3937 hoc
1223 3901 1425 3939 nostrum
1461 3909 1555 3939 esse

219 3949 434 4000 videatur,
465 3948 589 4005 quod
616 3962 645 3991 a
673 3948 803 3992 nobis
830 3949 1142 4006 confirmatum
1171 3964 1314 4007 neque
1342 3957 1394 3995 ut
1419 3957 1555 3995 antea

215 4005 575 4063 praetermissum
605 4009 684 4057 est,
724 4018 823 4048 cum
858 4019 888 4048 a
915 4005 1145 4049 nonnullis
1174 4007 1485 4064 neqleqeretur
1512 4014 1555 4051 et

217 4061 305 4103 nisi
333 4060 380 4102 in
411 4060 572 4103 litteris
600 4074 691 4103 non
722 4060 1060 4106 observaretur:
1097 4075 1169 4105 res
1197 4063 1312 4105 enim
1342 4076 1434 4107 non
1465 4069 1554 4106 tam

217 4130 370 4160 eorum
395 4116 614 4173 propriae
642 4116 959 4161 eoeistimantur
997 4116 1074 4174 qui
1107 4117 1248 4175 primi
1276 4132 1353 4162 eas
1380 4119 1554 4163 invene-

218 4178 346 4224 runt,
401 4185 534 4228 quam
586 4185 738 4215 eorum
792 4173 870 4229 qui
912 4172 1103 4216 inventis
1148 4174 1310 4231 optime
1351 4179 1553 4219 utuntur.

225 4233 270 4271 13
329 4225 461 4281 Quod
495 4227 536 4270 si
570 4227 680 4283 quid
715 4234 874 4271 contra
911 4233 1083 4272 statuta
1119 4234 1277 4273 nostra
1316 4230 1555 4275 committe-

223 4290 316 4336 tur,
356 4282 451 4327 eius
489 4283 567 4339 qui
599 4282 834 4340 prohibita
877 4289 1037 4327 nactus
1076 4290 1143 4328 est
1179 4298 1270 4328 non
1307 4286 1452 4330 solum
1487 4287 1554 4329 in·

221 4339 369 4382 utilem
410 4338 678 4382 creationem
719 4338 989 4383 ostendimus
1026 4345 1071 4383 et
1098 4340 1239 4397 recipi
1260 4355 1457 4398 prorsus
1485 4356 1555 4386 ve-

225 4399 385 4446 tamus,
422 4393 502 4438 sed
537 4395 670 4438 etiam
700 4393 840 4437 XXX
871 4396 974 4438 auri
1013 4395 1228 4438 librarum
1258 4411 1413 4454 poena
1456 4411 1555 4442 eum

229 4452 272 4489 14
347 4463 609 4493 coercemus.
682 4447 880 4502 Quorum
939 4456 1085 4493 antem
1137 4451 1223 4495 erit
1275 4453 1385 4496 tales
1433 4453 1556 4498 viros

224 4504 399 4560 publico
445 4507 710 4557 inscribere,
756 4506 835 4558 iis,
882 4508 921 4550 si
970 4508 1184 4552 certiores
1216 4508 1335 4565 facti
1371 4511 1425 4555 de
1445 4525 1554 4569 per-

227 4572 355 4602 versa
392 4563 483 4603 cius
515 4562 606 4617 side
644 4560 785 4605 nihilo
824 4562 969 4606 minus
996 4576 1095 4606 eum
1123 4562 1385 4609 admiserint
1413 4581 1556 4623 neque

229 4615 587 4660 contradixerint
638 4631 781 4673 neque
832 4631 930 4661 eum
980 4618 1227 4671 reiecerint,
1283 4619 1409 4664 VIII
1453 4622 1555 4665 auri

1568 137 1635 193 54
2436 181 2439 184 >
2535 159 2608 195 DE
2646 159 2974 199 mmmmm

1642 291 1688 330 15
1764 286 1931 347 λιτρῶν
1972 287 2034 343 η’.
2108 290 2168 336 Οὔ
2219 291 2310 349 μὴν
2353 289 2455 336 οὐδὲ
2506 290 2583 336 τὰς
2624 290 2756 354 ἀρχὰς
2797 291 2978 340 &statuve

1634 342 1837 401 ἀφίεμεν,
1881 344 2018 411 εἴπερ,
2061 345 2134 391 οὓς
2177 352 2224 392 ἐκ
2262 350 2358 392 τῶν
2391 346 2710 404 κεκωλυμένων
2736 346 2816 409 ὑφ’
2849 348 2978 408 ἡμῶν

1636 399 1768 442 ὄντας
1802 414 2090 458 γινωσκουσι,
2138 403 2318 449 τούτους
2361 400 2626 457 ἀνάσχοιντο
2662 409 2760 449 ταῖς
2800 407 2978 450 οἰκείαις

1638 455 1990 512 έναριθμεῖσθαι
2039 457 2219 510 τάξεσιν
2262 457 2604 518 (ὑπεξῃρημένης
2653 457 2859 512 δηλονότι
2901 463 2977 516 τῆς

1636 512 1733 554 τῶν
1771 508 2074 567 κοορταλίνων
2115 520 2387 573 στρατείας),
2426 511 2536 557 ἀλλὰ
2571 514 2731 570 ποινὴν
2758 521 2834 559 καὶ
2862 512 2973 575 παρ’

1643 571 1690 610 16
1751 563 1902 608 αὐτῶν
1943 565 1991 608 ν’
2042 577 2220 628 χρυσίου
2266 570 2434 630 λιτρῶν
2471 570 2807 630 εἰσπράττομεν.
2873 567 2975 630 Ἐφ’

1637 618 1816 666 ὁπόσοις
1860 619 1910 664 δέ
1950 618 2008 664 ἂν
2049 627 2146 668 τῶν
2187 627 2434 685 εἰρημένων
2483 625 2743 683 κεφαλαίων
2789 623 2980 687 ἁρμόσαι

1638 682 1833 734 συμβαίη
1862 676 1944 731 τὴν
1974 678 2147 734 ποινήν,
2185 680 2210 725 ὁ
2237 681 2710 752 μεγαλοπρεπέστατος
2737 681 2874 738 κόμης
2900 683 2979 726 τοῦ

1638 731 1880 792 ἱερωτάτου
1928 739 2110 790 ταμείου
2152 736 2235 792 τὴν
2277 743 2521 791 απαίτησιν
2567 735 2700 792 αὐτῆς
2749 737 2980 793 ποιήσεται

1645 795 1686 834 17
1762 794 1836 830 καὶ
1892 793 1983 831 τοῖς
2039 791 2181 836 θείοις
2230 795 2410 837 εἰσοίσει
2463 793 2708 851 πριβάτοις.
2772 794 2982 837 Ἐννοιαν

1636 850 1791 901 μέντοι
1815 842 2130 900 λαμβάνοντες,
2159 844 2231 891 ὅτι
2251 849 2451 893 Γότθους
2479 848 2688 892 πολλάκις
2711 852 2803 892 τοῖς
2825 849 2981 893 καθω-

1639 904 1871 957 σιωμένοις
1909 900 2186 961 ἐγγράφομεν
2224 903 2523 964 φοιδεράτοις,
2564 904 2627 948 οἷς
2665 904 2766 948 οὔτε
2801 901 2827 960 ἡ
2901 902 2984 948 ’σις

1639 957 1740 1000 οὔτε
1781 954 1804 999 ὁ
1845 957 2030 1014 φθάσας
2065 963 2162 1014 βίος
2198 959 2299 1003 τοὺς
2335 960 2561 1004 τοιούτους
2599 961 2788 1014 ἐνέθηκε
2817 959 2981 1020 λογους,

1639 1014 1924 1072 συγχωρῆσαί
1958 1030 2004 1056 τι
2041 1016 2117 1067 τῆς
2153 1011 2379 1075 ἀκριβείας
2417 1014 2566 1060 αὐτοῖς
2608 1014 2868 1073 συνείδομεν
2908 1019 2982 1059 καὶ

1638 1073 1887 1128 γινομένων
1915 1064 2159 1122 ἀνέχεσθαι
2188 1070 2468 1141 φοιδεράτων
2497 1076 2571 1114 καὶ
2606 1089 2723 1128 τιμω
2759 1077 2889 1124 ένων,
2930 1069 2984 1115 ὃν

1648 1130 1691 1168 18
1750 1121 1807 1167 ἂν
1836 1121 1942 1179 ἡμῖν
1971 1132 2227 1184 παρασταίη
2257 1143 2440 1186 τροπον.
2499 1126 2682 1172 Εἱδότες
2710 1090 2773 1182 δέ,
2805 1125 2863 1172 ὥς
2892 1125 2983 1171 διά·

1640 1197 1768 1240 φοροι
1798 1179 2006 1224 πολλάκις
2033 1186 2125 1224 τοῖς
2153 1179 2231 1226 οὐκ
2267 1179 2530 1242 ὂρθοδόξοις
2557 1186 2764 1242 γονεῦσιν
2794 1184 2844 1227 αἱ
2869 1184 2983 1243 γνῶ·

1637 1255 1720 1294 μαι
1758 1242 1984 1295 γίνονται,
2022 1238 2100 1280 τοῦ
2139 1240 2224 1293 μὲν
2261 1238 2430 1297 πατρὸς
2468 1235 2495 1292 ἢ
2530 1242 2606 1293 τῆς
2644 1256 2694 1299 γε
2727 1239 2895 1306 μητρὸς
2928 1240 2983 1298 τῇ

1638 1296 1735 1336 τῶν
1791 1288 2059 1351 ὀρθοδόξων
2117 1298 2267 1337 πίστει
2308 1299 2622 1363 προσενεγκεῖν
2663 1311 2765 1340 τους
2817 1294 2987 1338 κοινοὺς

1640 1347 1803 1394 παῖδας
1841 1347 2111 1404 βουλομένου
2123 1383 2135 1401 ,
2175 1349 2375 1407 θατέρου
2415 1347 2464 1392 δέ
2491 1355 2832 1404 αντιτείνοντος,
2870 1353 2985 1404 ἰσχυ-

1640 1409 1828 1465 ροτέραν
1857 1405 1972 1447 εἶναι
2002 1409 2076 1446 καὶ
2106 1409 2197 1447 τοῖς
2225 1401 2342 1448 ὅλοις
2366 1407 2744 1464 έπικρατεστέοαν
2771 1406 2856 1462 τὴν
2869 1405 2986 1467 γνώ-

1637 1480 1728 1517 μην
1766 1460 2105 1519 προστάττομεν
2144 1462 2223 1504 τοῦ
2262 1477 2298 1506 π
2326 1460 2371 1504 ὸς
2409 1461 2494 1515 τὴν
2535 1446 2788 1519 ὄρθόδοξον
2828 1467 2988 1506 πίστιν

1639 1517 1739 1560 τοὺς
1781 1515 1945 1561 παῖδας
1989 1516 2193 1575 ἄγοντος·
2235 1535 2290 1574 με
2333 1517 2417 1569 ε’ξει
2458 1533 2509 1559 τε
2550 1515 2634 1576 γὰρ
2678 1520 2728 1560 ἐν
2769 1521 2892 1577 μέρει
2934 1516 2987 1560 τὸ

1639 1570 1874 1632 γινόμενον
1918 1575 1994 1627 τῆς
2034 1575 2132 1616 τῶν
2169 1572 2398 1616 τεκόντων
2426 1572 2605 1631 γνώμης
2639 1578 2713 1616 καὶ
2743 1577 2988 1633 προσέσται

1646 1636 1692 1672 19
1751 1628 1803 1672 τὸ
1843 1628 1898 1671 τὰ
1937 1627 2104 1684 βελτίω
2142 1634 2431 1684 νενικηκέναι.
2501 1631 2787 1683 Βοηθοῦντες
2825 1627 2877 1673 δὲ
2914 1626 2988 1672 κᾶ-

1640 1690 1799 1728 κείνοις
1841 1689 1932 1728 τοῖς
1975 1690 2158 1737 παισίν,
2203 1683 2275 1729 οὓς
2317 1685 2362 1729 οἱ
2393 1684 2456 1742 μὴ
2493 1690 2750 1742 μετέχοντες
2788 1687 2864 1740 τῆς
2892 1682 2988 1728 sita-

1639 1744 1739 1800 γοῦς
1777 1737 1903 1797 ἡμῶν
1942 1746 2137 1785 πίστεως
2173 1743 2353 1796 μισοῦσι
2391 1745 2600 1799 πατέρες,
2642 1737 2879 1802 ἁμάρτημα
2907 1743 2990 1797 μὲν

1639 1795 1770 1840 οὐδὲν
1814 1798 1987 1850 ἔχοντες
2023 1797 2257 1855 ἐγκαλέσαι
2297 1799 2396 1840 τῶν
2425 1801 2474 1840 ἐν
2501 1802 2592 1840 τοῖς
2620 1798 2774 1853 νόμοις
2801 1796 2988 1840 κεκωλυ-

1637 1858 1809 1909 μένων,
1869 1851 1986 1896 διότι
2044 1851 2095 1896 δὲ
2150 1855 2226 1907 τῆς
2288 1855 2386 1896 τῶν
2437 1857 2609 1912 γονέων
2664 1854 2989 1910 αἰσθανόμενοι

1639 1908 1828 1964 πλάνης,
1870 1910 1947 1963 τῆς
1974 1906 2155 1968 εύαγοῧς
2183 1906 2310 1965 ἡμῶν
2339 1912 2623 1966 μετέχοντεςι
2665 1915 2878 1962 πίστεως,
2917 1907 2991 1951 διὰ

1640 1964 1771 2008 τοῦδε
1807 1967 1887 2008 τοῦ
1924 1965 2055 2008 θείου
2095 1968 2404 2025 πραγματικοῦ
2434 1965 2571 2020 νόμου
2602 1966 2887 2022 θεσπίζομεν
2916 1968 2991 2007 καὶ

1640 2023 1804 2089 τροφῆς
1841 2021 1923 2064 τὸν
1962 2025 2137 2081 πατέρα
2177 2025 2267 2064 τοῖς
2303 2020 2516 2064 τοιούτοις
2549 2018 2844 2076 μεταδιδόναι
2879 2018 2991 2080 πρὸς

1639 2095 1691 2121 το
1720 2079 1796 2131 τῆς
1824 2074 1975 2120 οὐσίας
2004 2080 2080 2120 τ”ς
2110 2078 2267 2120 ἑαυτοῦ
2292 2081 2463 2146 μέτρον
2502 2081 2576 2118 καὶ
2605 2079 2702 2120 τῶν
2730 2073 2991 2136 ἀναγκαίων

1639 2135 1698 2177 εἰς
1735 2132 1820 2187 τὴν
1857 2131 1996 2187 ἄλλην
2065 2139 2238 2185 ίαιταν,
2279 2132 2390 2176 αλλὰ
2425 2132 2487 2189 μὴ
2525 2131 2736 2189 καθάπερ
2765 2137 2991 2192 τιμωρίαν

1639 2187 1942 2241 ἀπαιτοῦντα,
1985 2187 2099 2232 διότι
2137 2188 2221 2243 τὴν
2258 2189 2403 2246 ψυχὴν
2447 2187 2890 2249 ἐπηνωρθώθησαν,
2929 2186 2989 2231 λι·

1637 2244 1903 2302 μώττοντας
1938 2246 2151 2303 περιορᾶν
2189 2248 2262 2286 καὶ
2301 2247 2397 2287 τῶν
2437 2246 2497 2287 εἰς
2531 2243 2614 2288 τὸν
2641 2249 2746 2301 βίον
2774 2240 2989 2302 ἀποροῦν-

1638 2316 1739 2352 τας,
1779 2306 1856 2343 καί
1890 2317 1976 2345 που
2007 2298 2067 2344 δι’
2102 2299 2281 2344 ἔνδειαν
2310 2300 2582 2344 ἐπανελθεῖν
2611 2303 2687 2346 ἐπὶ
2715 2299 2799 2356 τὴν
2828 2301 2990 2360 ἔμπρο-

1640 2359 1729 2400 σθε
1771 2356 1969 2410 πλάνην,
2008 2354 2034 2400 ὃ
2067 2355 2181 2412 μηδὲ
2218 2356 2269 2399 λέ
2295 2374 2361 2399 ειν
2402 2355 2559 2409 καλόν,
2597 2354 2988 2416 ἀναγκαζομένους.

1640 2417 1691 2457 20
1747 2410 1877 2456 Ἀλλά
1915 2417 2078 2472 προῖκα
2117 2417 2215 2456 ταῖς
2283 2412 2328 2456 ιά
2356 2415 2489 2456 τοῦτο
2519 2411 2821 2468 λελυπηκυίαις
2848 2413 2990 2472 θυγα-

1644 2669 1690 2708 15
1750 2663 1968 2708 librarum
1997 2663 2184 2708 multam
2213 2664 2495 2723 imponimus.
2541 2663 2662 2709 Sane
2678 2679 2735 2710 ne
2749 2665 2990 2724 maqistra-

1640 2725 1712 2764 tus
1794 2719 1941 2764 uidem
1993 2720 2240 2778 impunitos
2285 2719 2569 2773 dimittimus,
2616 2721 2678 2774 si,
2719 2734 2835 2778 quos
2871 2721 2991 2766 inter

1631 2774 1772 2834 prohi
1803 2776 1893 2820 itos
1936 2775 2138 2819 anobis
2181 2789 2276 2820 esse
2319 2776 2636 2834 coqnoverint‚
2691 2790 2770 2820 eos
2821 2790 2847 2820 o
2871 2777 2990 2833 ficiis

1637 2832 1733 2875 suis
1769 2830 2062 2888 adnumerari
2098 2831 2254 2875 sinant
2289 2834 2512 2890 (eoecepta
2547 2831 2750 2876 videlicet
2779 2845 2832 2876 co
2866 2838 2990 2878 orta-

1639 2886 1748 2931 lium
1775 2886 1978 2941 militia),
2007 2885 2090 2930 sed
2116 2891 2161 2930 et
2190 2886 2245 2931 ab
2275 2886 2334 2930 iis
2351 2901 2553 2946 poenam
2571 2886 2611 2931 L
2640 2888 2744 2932 auri
2772 2887 2989 2933 librarum

1644 2946 1694 2986 16
1751 2941 1989 2999 eoeiqimus.
2058 2940 2141 2987 Ex
2167 2943 2328 3000 quovis
2359 2949 2508 2987 autem
2536 2949 2886 2989 memoratorum
2915 2957 2990 2989 ca-

1630 2997 1888 3057 pitulorum
1917 3011 2119 3062 poenam
2158 3004 2408 3064 competere
2450 3000 2706 3057 contiqerit‚
2737 3000 2988 3045 illustrissi-

1639 3068 1738 3098 mus
1771 3053 2068 3098 sacratissimi
2095 3055 2262 3098 aerarii
2302 3068 2448 3100 comes
2475 3055 2572 3100 eius
2599 3056 2884 3101 exactionem
2909 3057 2990 3115 fa-

1648 3114 1690 3154 17
1761 3110 1848 3154 ciet
1884 3115 1930 3153 et
1965 3109 2109 3153 sacris
2150 3110 2346 3168 privatis
2387 3111 2568 3211 igeret.
2645 3110 2990 3157 Considerantes

1640 3170 1811 3218 autem,
1855 3165 1980 3222 quod
2020 3164 2192 3210 Gothos
2228 3180 2365 3225 saepe
2464 3168 2580 3212 votis
2615 3167 2871 3225 foederatis
2909 3167 2988 3213 ad-

1639 3222 1730 3266 scri
1761 3221 1916 3274 simus,
1955 3221 2118 3279 quibus
2155 3236 2300 3279 neque
2338 3222 2516 3268 indoles
2551 3237 2696 3281 neque
2734 3224 2828 3269 vita
2848 3237 2988 3283 prae-

1642 3236 1758 3322 ter-lg
1789 3290 1842 3321 sa
1883 3277 2003 3323 tales,
2034 3277 2210 3322 animos
2246 3278 2475 3337 imposuit,
2514 3278 2570 3324 de
2608 3279 2843 3325 severitate
2876 3293 2988 3325 non-

1639 3291 1786 3398 nihilp
1803 3333 1869 3377 eis
1920 3333 2146 3397 remittere
2197 3333 2471 3380 decrevimus
2518 3340 2562 3380 et
2597 3335 2870 3400 foederatos
2910 3350 2990 3382 eos

1634 3390 1736 3447 fieri
1777 3388 2025 3433 honoribus
2059 3403 2115 3434 ue
2156 3389 2366 3435 decorari
2399 3392 2727 3450 permittimus,
2777 3392 2988 3450 quemad-

1647 3449 1692 3489 18
1750 3444 1930 3489 modum
1967 3459 2027 3490 no
2058 3446 2098 3489 is
2134 3446 2276 3491 visum
2311 3447 2470 3504 fuerit.
2538 3445 2740 3492 Scientes
2777 3461 2884 3493 vero
2920 3447 2986 3492 di-

1639 3515 1793 3546 versas
1849 3506 2097 3566 parentum
2163 3516 2256 3547 non
2319 3502 2684 3547 orthodoxorum
2751 3503 2988 3562 opiniones

1638 3572 1775 3616 saepe
1812 3557 2092 3616 discrepare,
2135 3563 2190 3602 ut
2216 3563 2357 3616 pater
2395 3563 2476 3602 aut
2502 3564 2646 3602 mater
2675 3557 2840 3606 liberos
2869 3572 2986 3604 com-

1639 3627 1794 3658 munes
1821 3613 1884 3657 ad
1913 3612 2219 3658 orthodoxam
2244 3613 2380 3670 fidem
2399 3613 2654 3672 perducere
2682 3613 2800 3667 velit,
2840 3614 2986 3660 altera

1639 3684 1744 3715 vero
1777 3683 1897 3735 pars
1925 3674 2159 3727 repuqnet,
2185 3669 2432 3726 firmiorem
2461 3674 2506 3714 et
2534 3670 2582 3714 in
2611 3670 2733 3715 omni
2759 3684 2811 3715 re
2828 3671 2985 3730 potio-

1638 3740 1732 3771 rem
1760 3739 1857 3770 eius
1883 3725 2149 3769 sententiam
2178 3739 2274 3770 esse
2292 3725 2504 3778 iubemus,
2534 3726 2614 3783 qui
2643 3725 2808 3771 liberos
2835 3725 2899 3771 ad
2912 3739 2984 3771 or-

1641 3781 1890 3827 thodoxam
1908 3780 2043 3837 fidem
2068 3780 2216 3825 ducit:
2243 3795 2334 3839 quo
2356 3782 2488 3839 facto
2513 3787 2559 3826 et
2580 3795 2642 3827 ex
2658 3786 2799 3842 parte
2812 3796 2984 3841 paren-

1640 3844 1732 3883 tum
1760 3837 1971 3882 iudicium
2001 3836 2218 3881 obtinebit
2254 3843 2300 3882 et
2337 3837 2540 3891 accedet,
2585 3843 2638 3882 ut
2678 3837 2837 3883 melior
2907 3851 2988 3883 ars

1646 3898 1692 3938 19
1749 3893 1960 3952 superior
1998 3892 2211 3937 discedat.
2269 3894 2504 3939 Auxilium
2540 3907 2646 3939 vero
2686 3898 2732 3938 et
2757 3893 2850 3938 illis
2903 3893 2986 3938 'be-

1638 3950 1705 3995 ris
1729 3950 1955 4007 ferenteS,
1996 3962 2112 4006 quos
2143 3954 2307 4007 patres
2344 3955 2529 3994 sanctae
2553 3949 2663 4006 fidei
2689 3954 2874 3994 nostrae
2901 3963 2986 3994 ex-

1633 4011 1788 4065 pertes
1818 4005 2024 4058 oderunt,
2054 4019 2325 4063 quamquam
2346 4005 2529 4064 peccati
2558 4004 2729 4063 leqibus
2755 4004 2981 4050 interdicti

1638 4075 1716 4107 eos
1753 4074 1970 4105 accusare
1997 4074 2090 4105 non
2110 4061 2314 4120 possint,
2353 4061 2435 4106 sed
2462 4061 2569 4118 quia
2599 4074 2652 4105 co
2723 4061 2780 4106 ‘to
2808 4060 2979 4118 qenito-

1637 4131 1737 4161 rum
1780 4131 1936 4162 errore
1977 4123 2163 4161 sanctae
2202 4117 2312 4173 fidei
2354 4122 2539 4161 nostrae
2580 4116 2642 4160 ad
2672 4121 2850 4168 aerent,
2891 4129 2980 4174 per

1639 4174 1755 4218 hanc
1791 4186 1969 4217 sacram
2008 4172 2148 4231 leqem
2179 4173 2514 4232 praqmaticam
2559 4171 2892 4225 constituimus,
2930 4177 2983 4217 ut

1638 4235 1682 4274 et
1709 4229 1921 4273 alimenta
1951 4228 2115 4272 talibus
2134 4234 2276 4287 pater
2293 4242 2388 4287 pro
2418 4227 2550 4272 modo
2577 4227 2852 4285 facultatum
2873 4240 2979 4272 sua-

1638 4299 1738 4329 rum
1765 4290 1971 4343 praestet
2008 4289 2052 4329 et
2089 4298 2205 4342 quae
2234 4289 2479 4343 praeterea
2509 4282 2576 4348 ‚ad
2611 4283 2978 4348 sustentationem

1637 4342 1890 4385 necessaria
1917 4345 2037 4393 sunt,
2075 4354 2217 4398 neque
2250 4354 2355 4385 vero
2385 4352 2515 4397 quasi
2537 4351 2736 4397 poenam
2762 4351 2980 4396 irroqans

1636 4396 1759 4449 ideo,
1798 4396 1921 4454 quod
1950 4397 2143 4439 animam
2171 4396 2471 4445 salvaverunt,
2501 4395 2747 4439 esurientes
2773 4399 2819 4438 et
2844 4393 2979 4439 rebus

1636 4452 1698 4519 ad
1711 4453 1845 4519 vitam
1860 4453 2125 4499 necessariis
2139 4458 2344 4518 carentes
2357 4451 2582 4509 neqleqat,
2606 4451 2873 4550 ut‘sorsitan
2886 4465 2979 4510 per

1635 4523 1743 4608 32'301'
1747 4508 2203 4611 ἒῖῗόγὲἴιοῖιὲὗιώοῗ
2205 4507 2409 4622 ,mi-7²
2430 4507 2688 4607 &ffatim
2703 4512 2976 4619 &iiim

1637 4620 1722 4665 hac
1752 4635 1889 4665 causa
1919 4620 2181 4665 detrimento
2213 4619 2388 4675 affectis
2419 4623 2464 4663 et
2490 4621 2595 4663 ante
2622 4618 2805 4677 nvcptias
2832 4617 2972 4663 dona-
