3094 4732
224 117 298 157 nn
335 115 504 158 cunsu
541 119 777 158 rustico
1538 106 1635 164 431

277 250 308 299 6
353 253 491 299 ¹Idem
527 258 618 301 AA.
658 265 703 301 ec
733 256 978 302 Gratianus
1006 260 1056 302 A.
1097 258 1158 302 ad
1183 259 1432 318 Ampelium
1467 273 1543 317 pu.

219 308 507 355 Evectionum
545 313 719 368 copiam
755 313 952 364 senatui,
999 327 1098 357 cum
1140 315 1450 370 proficiscendi
1490 316 1546 360 ad

219 378 301 410 nos
330 368 574 412 necessitas
594 369 742 421 fuerit,
774 370 987 413 serenitas
1012 375 1164 414 nostra
1193 373 1349 428 largita
1378 374 1458 426 est,
1483 372 1546 415 ita

219 427 388 478 tamen,
425 428 477 468 ut
507 426 635 468 cum2
672 438 700 468 a
728 425 855 468 nobis
886 431 1094 469 evocatur
1123 432 1200 470 aut
1236 440 1264 471 a
1292 429 1546 472 clementiae

224 482 240 521 1
302 484 480 524 nostrae
508 480 789 524 veneratione
816 480 1028 524 discedat.
1090 482 1135 525 Si
1166 484 1260 537 quis
1291 496 1392 539 ergo
1421 486 1545 538 post-

217 533 305 579 hac
353 540 509 581 contra
547 537 729 580 vetitum
771 536 856 581 sibi
905 550 1081 581 cursum
1122 539 1349 594 publicum
1391 539 1548 583 illicita

216 592 463 635 temeritate
490 592 846 648 praesumpserit,
877 595 1043 651 motum
1067 595 1113 637 in
1142 607 1189 638 se
1217 600 1395 639 nostrae
1423 607 1544 638 man-

218 647 462 692 suetudinis
493 648 712 692 excitabit.
778 647 833 691 D.
866 649 960 691 IJl³
988 650 1045 693 id.
1073 649 1176 695 Deo.
1211 650 1404 696 Triveris
1434 649 1545 694 Gra-

221 702 345 748 tiano
374 705 427 748 A.
458 715 506 747 11
531 710 577 748 et
603 702 757 748 Probo
787 716 928 747 conss.
1358 711 1414 759 [a.
1446 708 1543 757 371]

274 755 304 805 7
346 758 491 804 ⁴Idem
529 759 661 804 AAA.
703 758 764 802 ad
800 759 1067 817 Hesperium
1098 776 1181 820 pp.
1253 763 1306 806 In
1344 762 1544 805 omnibus

221 819 240 858 1
285 815 522 871 provinciis
550 815 807 859 veredorum
836 829 940 871 pars
971 823 1127 871 quarta
1155 820 1400 874 reparetur.
1445 816 1544 860 Sta-

217 871 324 915 bula
351 875 498 915 autem
534 875 585 915 ut
611 871 819 925 impensis
854 873 1043 927 publicis
1085 876 1358 926 extruantur,
1390 877 1546 917 contra

216 926 434 972 rationem
463 931 543 980 est,
574 939 671 971 cum
700 927 1033 983 provincialium
1064 932 1254 985 sumptu,
1283 930 1331 973 in
1360 941 1545 985 quorum

216 981 327 1027 locis
356 983 532 1027 stabula
563 983 804 1027 constituta
834 990 939 1027 sunt
950 987 978 1039 ⁵,
1010 985 1142 1029 citius
1172 985 1436 1029 arbitremur
1465 997 1543 1039 ap-

216 1038 419 1094 paranda
459 1039 533 1082 “et
567 1039 748 1083 utilius⁷
787 1045 876 1083 tam
914 1041 1092 1095 publico
1131 1054 1261 1096 quam
1300 1041 1394 1095 his,
1435 1052 1544 1096 quos

218 1097 388 1139 stercus
424 1094 677 1138 animalium
713 1109 792 1150 pro
832 1109 912 1140 suo
944 1097 1110 1141 solacio
1145 1097 1308 1141 habere
1338 1095 1543 1141 concedi-

215 1162 327 1194 mus.
385 1149 441 1194 D.
473 1162 543 1193 ΙΙΙ
567 1149 610 1194 lc.
641 1149 777 1195 Mart.
822 1151 1013 1196 Triveris
1044 1151 1263 1197 Gratiano
1293 1153 1345 1197 A.
1377 1164 1469 1196 HJJ
1503 1155 1548 1196 et

216 1204 490 1250 Merobaude
518 1219 660 1250 conss.
1358 1212 1411 1261 [a.
1448 1210 1543 1259 377]

273 1258 304 1308 8
336 1260 532 1326 ⁸Imppp.
556 1261 719 1306 Valens
737 1261 981 1308 Gratianus
996 1270 1040 1308 et
1061 1260 1398 1308 Valentinianus
1412 1264 1543 1307 AAA.

216 1315 278 1361 ad
314 1320 559 1361 Ausonium
622 1332 672 1375 p.
741 1319 826 1363 ⁹Ut
864 1319 1020 1375 agendi
1058 1319 1229 1363 itineris
1266 1321 1410 1376 possit
1449 1331 1546 1363 esse

215 1372 473 1426 moderatio,
504 1373 603 1418 dem
621 1376 653 1400 ¹⁰
677 1375 823 1419 veredi
838 1378 872 1403 ¹¹
900 1389 980 1431 per
1009 1376 1101 1419 dies
1126 1375 1320 1431 singulos
1347 1389 1401 1418 ex
1422 1380 1544 1418 utra-

217 1441 302 1484 que
346 1433 474 1486 parte
487 1430 522 1456 ¹2
566 1429 863 1475 dimittantur:
916 1444 1059 1486 poena
1103 1432 1293 1486 quinque
1333 1431 1546 1476 librarum

215 1485 314 1529 auri
342 1486 518 1529 minime
547 1485 754 1530 defutura
783 1493 937 1531 contra
967 1500 1063 1539 eos,
1096 1487 1170 1542 qui
1197 1490 1364 1532 statuta
1392 1492 1545 1531 nostra

214 1542 497 1596 neglexerint.
556 1541 610 1585 D.
644 1555 725 1586 XII
759 1542 802 1586 lc.
833 1542 940 1586 Mai.
975 1542 1167 1587 Triveris
1206 1542 1391 1587 Valente
1428 1555 1476 1586 VI
1502 1547 1549 1587 et

227 1596 543 1641 Valentiniano
575 1610 621 1641 II
644 1599 737 1642 AA.
770 1612 911 1642 conss.
1361 1602 1415 1650 [a.
1448 1602 1543 1650 378]

271 1651 302 1700 9
338 1652 505 1712 ¹³Impp
543 1687 552 1697 .
592 1652 836 1698 Gratianus
877 1654 1217 1699 Valentinianus
1259 1660 1304 1698 et
1347 1653 1545 1698 Theodo-

212 1710 308 1752 sius
330 1710 462 1753 AAA.
495 1667 634 1753 floro
655 1724 739 1767 pp.
799 1710 1023 1754 Iudicibus
1053 1709 1280 1753 faciendae
1311 1711 1545 1753 evectionis

215 1764 389 1820 copiam
419 1765 697 1819 denegamus,
731 1779 831 1809 cum
851 1766 898 1809 id
926 1768 1100 1808 tantum
1123 1769 1275 1808 nostro
1305 1765 1474 1807 numini
1503 1767 1548 1808 et

212 1823 316 1863 tuae
332 1820 425 1864 sedi
439 1832 522 1863 nec
546 1833 635 1864 non
649 1821 742 1864 viro
757 1821 922 1865 illustri
942 1821 1152 1876 magistro
1176 1820 1422 1863 officiorum
1439 1821 1497 1863 sit
1511 1821 1546 1846 ¹⁴

211 1875 535 1929 reservandum,
568 1888 667 1918 cum
689 1889 830 1931 neque
852 1877 1078 1932 praefecto
1094 1875 1216 1920 urbis
1240 1888 1384 1931 neque
1409 1875 1544 1930 magi-

212 1931 316 1975 stris
345 1931 529 1974 militum
565 1942 708 1985 neque
737 1931 922 1975 ducibus
959 1944 1102 1989 neque
1129 1930 1302 1974 vicariis
1341 1943 1423 1974 nec
1454 1931 1544 1974 cui-

212 1998 344 2042 quam
372 1986 448 2030 alii
483 1990 661 2042 praeter
686 1993 950 2031 memoratas
981 1988 1091 2031 duas
1134 1991 1375 2042 potestates
1405 1987 1491 2030 hoc
1519 1999 1546 2030 a

215 2045 239 2089 1
303 2043 432 2088 nobis
462 2054 720 2086 concessum
750 2044 869 2087 sit¹⁵.
927 2043 1010 2088 His
1040 2042 1155 2087 enim
1192 2046 1361 2086 tantum
1391 2045 1544 2088 ambu-

211 2098 334 2143 landi
367 2099 624 2142 facultatem
662 2098 828 2143 iudices
860 2112 914 2142 ex
952 2112 1034 2143 suo
1072 2099 1255 2143 arbitrio
1295 2099 1542 2153 praebituri

213 2160 330 2206 sunt,
361 2167 471 2210 quos
486 2154 532 2197 in
554 2155 881 2198 transmissione
907 2155 1187 2210 publicarum
1215 2154 1493 2198 functionum
1511 2154 1546 2180 ¹⁶

212 2215 522 2266 prosecutores
551 2210 740 2253 viderint
779 2211 1064 2255 constitutos:
1106 2210 1282 2262 scituri,
1324 2210 1362 2254 si
1391 2210 1543 2253 defini-

213 2267 376 2310 tionem
406 2270 604 2310 nostram
633 2267 924 2317 excesserint,
956 2279 1004 2310 se
1033 2266 1207 2320 quidem
1236 2266 1389 2320 viginti
1417 2266 1542 2321 quin-

212 2322 427 2422 satiri
454 2322 579 2422 {bn}
591 2321 790 2421 ’ffflffa
818 2321 1548 2422 Vffinsiffissigffifflissssiiffuss}

215 2433 311 2492 Sya
343 2412 413 2477 rio
444 2412 587 2478 conss.
757 2392 788 2435 ‘q
1134 2392 1173 2436 p
1282 2489 1290 2496 ¹
1355 2436 1411 2484 [a.
1443 2435 1540 2484 382]

271 2448 342 2538 lg
371 2488 532 2534 ¹⁷Idem
546 2489 678 2533 AAA.
696 2488 934 2546 Philaqrio
951 2489 1101 2533 comiti
1120 2486 1323 2534 Orientis.
1363 2488 1544 2532 Gravis-

214 2548 352 2592 simae
381 2558 550 2602 poenae
565 2546 600 2571 ¹⁸
628 2545 871 2590 acerbitate
893 2545 1124 2601 proposita
1144 2543 1414 2588 evectionum
1441 2557 1544 2588 con-

213 2606 406 2657 tractus,
442 2601 693 2646 animalium
735 2613 908 2657 quoque
943 2601 1220 2657 publicorum
1235 2601 1270 2626 ¹⁹
1305 2613 1473 2644 merces
1502 2602 1548 2643 et

216 2659 397 2703 ementis
451 2662 496 2702 et
546 2657 829 2701 distrahentis
884 2656 1150 2701 coercitione
1162 2656 1201 2682 2⁰
1246 2656 1544 2712 prohibemus.

215 2714 309 2759 PP.
349 2714 536 2772 Beryto.
603 2713 643 2757 d.
686 2725 767 2756 ΧΠ
800 2711 843 2756 lc.
888 2712 980 2757 Oct.
1031 2712 1227 2756 Antonio
1267 2716 1313 2756 et
1348 2710 1546 2819 Syayrgifi

215 2783 358 2816 conss.
1377 2782 1417 2811 a.
1449 2773 1471 2810 3

274 2826 332 2873 11
369 2824 535 2870 2¹Idem
574 2825 705 2869 AAA.
740 2823 936 2882 Cyneqio
973 2839 1051 2882 pp.
1124 2822 1283 2867 Nullus
1323 2771 1547 2867 eiectione

216 2889 368 2928 utatur
403 2883 624 2938 privatus,
666 2880 845 2924 tametsi
872 2880 1062 2924 valuerit
1097 2879 1348 2935 impetrare.
1406 2878 1461 2923 D.
1500 2891 1550 2921 VJ

186 2952 320 2984 non.
360 2937 497 2982 Mart.
547 2936 939 2994 Constantinopoli
973 2936 1209 2980 Rioomere
1249 2940 1294 2979 et
1332 2933 1544 2979 Clearoho

217 3009 360 3096 60κῖῗο
380 3048 599 3149 2211ηρέρ.
643 3047 984 3092 Valentinianus
1021 3046 1297 3112 Dzeodosius
1331 2994 1546 3090 εξαᾎῗὲἓ

217 3106 318 3150 dius
345 3106 476 3149 AAA.
540 3104 706 3170 yneqio
736 3117 820 3161 pp.
890 3102 1104 3158 Quonlam
1143 3102 1402 3146 veredorum
1439 3116 1546 3158 quo-

218 3174 302 3218 que
331 3173 440 3205 cura
463 3173 563 3215 pari
585 3159 758 3203 ratione
785 3159 1018 3202 tractanda
1048 3161 1127 3210 est,
1158 3158 1383 3213 sexaginta
1411 3158 1546 3201 libras

217 3218 328 3263 sella
343 3229 444 3260 cum
467 3215 616 3266 frenis,
647 3214 873 3269 sexaginta
895 3215 1046 3258 itidem
1057 3216 1095 3241 2³
1116 3219 1265 3257 averta
1285 3227 1374 3258 non
1403 3218 1546 3256 trans-

218 3276 311 3318 eat:
352 3284 406 3316 ea
435 3271 713 3320 condicione,
743 3274 815 3322 ut,
846 3270 884 3314 si
914 3271 1011 3326 quis
1040 3269 1318 3325 praescripta
1346 3269 1546 3312 modera-

217 3330 346 3374 minis
368 3326 638 3383 imperatorii
665 3326 926 3370 libramenta
953 3325 1285 3378 transcenderit,
1318 3325 1409 3368 eius
1441 3325 1548 3367 sella

217 3386 265 3430 in
291 3385 436 3428 frusta
465 3383 689 3435 caedatur,
730 3386 879 3425 averta
907 3395 1010 3426 vero
1047 3381 1146 3425 fisci
1172 3381 1336 3425 viribus
1366 3381 1546 3435 depute-

218 3447 315 3485 tur:
348 3440 582 3495 2“exceptis
611 3437 709 3481 auri
739 3438 1014 3489 centenariis,
1045 3449 1157 3492 quae
1185 3449 1365 3481 necesse
1394 3439 1462 3479 est
1489 3437 1547 3480 ab

218 3496 491 3553 hippocomis
517 3494 563 3538 in
587 3494 727 3538 solitis
754 3494 942 3538 sacculis
968 3492 1199 3549 reportari.
1244 3492 1298 3536 D.
1316 3490 1440 3535 xvlc.
1458 3489 1546 3535 Iul.

223 3550 613 3608 Constantinopoli
628 3549 824 3593 Arcadio
840 3551 891 3593 A.
909 3555 953 3594 et
968 3549 1179 3592 Bautone
1203 3561 1339 3592 conss.
1373 3551 1429 3599 [a.
1449 3550 1545 3598 385]

279 3606 341 3654 13
374 3606 540 3651 ²⁵Idem
568 3606 700 3649 AAA.
732 3604 872 3648 Floro
894 3619 976 3663 pp.
1035 3603 1138 3648 Non
1169 3605 1361 3659 patimur
1389 3602 1545 3658 hippo-

221 3677 367 3709 comos
396 3676 476 3719 per
504 3674 580 3706 eos
611 3661 685 3716 qui
715 3659 882 3704 veredis
912 3664 1140 3704 uterentur
1174 3659 1356 3714 indigna
1384 3657 1546 3713 spolia-

219 3721 338 3765 t10ne
353 3719 515 3770 vexari,
545 3717 583 3761 si
613 3717 786 3771 quidem
810 3717 1011 3760 nonnulli
1031 3715 1243 3759 veredarii
1267 3727 1372 3769 saga
1398 3726 1548 3756 eorum

226 3783 243 3819 l
303 3776 508 3821 dicuntur
535 3773 710 3816 auferre
739 3771 807 3814 vel
844 3772 1098 3826 praecidere
1107 3771 1159 3814 2⁶.
1226 3770 1441 3826 Quocirca
1469 3781 1549 3833 per

219 3844 369 3877 omnes
397 3830 563 3874 iudices
592 3833 637 3872 et
667 3827 865 3872 curiosos
889 3826 1149 3872 miserabilis
1178 3830 1452 3870 removeatur
1480 3837 1547 3867 111-

221 3976 274 4028 (1)
301 3994 356 4010 =
388 3973 461 4014 Th.
494 3973 531 4022 8,
562 3983 595 4020 5,
627 3981 694 4013 32:
738 3973 855 4024 iunqe
887 3969 960 4010 Th.
990 3973 1030 4019 9,
1055 3976 1172 4018 16,10
1275 3967 1330 4019 (2)
1361 3968 1407 4005 ut
1440 3966 1547 4015 cum]

222 4044 315 4072 cum
344 4031 416 4069 aut
443 4027 680 4068 Russardus
752 4027 807 4077 (3)
836 4037 919 4065 vm
950 4024 1024 4065 Th.
1056 4026 1092 4074 9,
1125 4031 1179 4073 16,
1209 4032 1250 4064 10
1318 4023 1371 4072 (4)
1399 4041 1454 4055 ==
1476 4021 1549 4061 Th.

222 4089 262 4138 8,
292 4096 326 4136 5,
355 4093 400 4127 34
512 4085 564 4134 (5)
593 4083 665 4122 in.
685 4113 693 4122 .
714 4083 836 4121 .sunt
866 4096 938 4121 om.
974 4080 1046 4119 Th.
1148 4080 1203 4127 (6)
1232 4094 1340 4131 seqq.
1372 4092 1441 4116 om.
1476 4075 1549 4116 Th.

223 4146 277 4194 (7)
305 4143 365 4182 sic
393 4139 491 4189 ΚΟ,
521 4139 576 4178 sit
604 4140 680 4179 ins.
714 4140 804 4178 dett.
891 4136 947 4186 (8)
974 4153 1031 4171 ==
1065 4135 1136 4174 Th.
1167 4135 1207 4183 8,
1237 4143 1273 4185 5,
1302 4142 1345 4174 35
1419 4133 1475 4181 (9)
1504 4133 1552 4193 ulf

225 4229 235 4238 .
253 4231 262 4239 .
281 4196 570 4237 ‚dimittantur
600 4209 647 4234 ex
678 4191 750 4235 Th.
783 4194 821 4242 8,
852 4201 887 4241 5,
917 4199 962 4231 40
992 4198 1147 4242 sumpta
1176 4198 1267 4229 sunt
1359 4190 1432 4237 (10)
1464 4198 1552 4225 sem

226 4253 300 4295 Th.
372 4253 440 4302 (11)
470 4249 656 4300 singulae
686 4248 808 4288 etiam
836 4245 980 4286 raedae
1010 4247 1083 4285 ins.
1120 4244 1191 4284 Th.
1262 4245 1337 4294 (12)
1368 4254 1414 4282 ex
1446 4244 1553 4280 utra-

224 4320 304 4360 que
331 4310 448 4360 parte
478 4322 549 4346 om.
575 4305 644 4345 Th.
731 4304 804 4355 (13)
834 4322 888 4337 =
922 4301 994 4340 Th.
1024 4302 1062 4345 8,
1093 4309 1127 4345 5,
1158 4307 1201 4340 40
1290 4300 1363 4349 (14)
1393 4299 1554 4358 tantum

227 4394 238 4404 .
254 4393 263 4403 .
283 4393 294 4404 .
317 4364 386 4413 sit]
425 4365 564 4402 nostro
605 4358 769 4399 numini
802 4359 842 4397 et
880 4355 1025 4396 vestris
1054 4357 1217 4393 tantum
1253 4354 1308 4394 sit
1344 4354 1553 4405 potestati-

225 4418 302 4459 bus
328 4419 404 4459 Th.
506 4418 578 4467 (15)
608 4428 700 4455 cum
729 4425 885 4464 neque.
904 4411 1013 4450 ..sit
1042 4425 1113 4450 om.
1149 4409 1221 4449 Th.
1321 4409 1394 4458 (16)
1424 4413 1554 4446 trans-

226 4474 417 4515 missione
445 4470 770 4523 largitionalium
792 4466 1009 4507 titulorum
1026 4465 1101 4506 Th.
1159 4465 1232 4514 (17)
1246 4484 1300 4500 ..--
1318 4464 1389 4505 Th.
1409 4464 1446 4511 8,
1465 4471 1498 4506 5,
1515 4470 1555 4502 41

226 4531 304 4582 (18)
337 4528 536 4580 Capitalis
570 4524 750 4579 periculi·
778 4524 852 4565 Th.
966 4522 1039 4571 (19)
1071 4517 1310 4559 animalium
1349 4532 1386 4569 q.
1426 4516 1554 4569 publ.]

228 4586 518 4635 asinorumque
552 4584 621 4623 ΤΙι.
709 4581 788 4631 (20)
816 4590 948 4630 poena
980 4576 1052 4617 Th.
1141 4576 1214 4626 (21)
1244 4595 1298 4611 =
1315 4575 1388 4615 Th.
1407 4576 1445 4624 8,
1463 4582 1496 4623 5,
1515 4580 1557 4613 44

318 4651 366 4686 11.

2754 114 2855 169 XII
2892 117 2956 170 50

1629 261 1762 325 iuria,
1803 262 2042 306 scientibus
2085 266 2279 317 cunctis,
2322 266 2438 321 quod
2451 266 2501 318 ²⁷,
2539 267 2577 311 si
2606 266 2836 310 observata
2870 280 2957 311 non

1629 316 1763 360 fuerlt
1799 323 1952 361 nostra
1990 319 2185 372 sanctio,
2226 334 2313 364 non
2354 322 2492 365 solum
2533 322 2690 366 damna
2729 323 2955 376 resarcire,

1629 385 1778 416 verum
1807 374 1940 417 etiam
1968 377 2117 418 notam
2147 378 2191 419 et
2220 377 2399 420 multam
2430 378 2503 433 qui
2542 378 2781 433 neglexerit
2811 379 2957 422 subire

1631 434 1820 483 cogetur.
1890 428 1982 473 PP.
2015 443 2086 474 XV
2117 430 2158 474 lc.
2192 431 2276 475 Iul.
2323 432 2515 477 Triveris
2554 432 2864 477 Valentiniano
2903 438 2954 478 A.

1632 495 1720 526 ιιι]
1746 490 1790 528 et
1818 485 2030 530 Neoterio
2061 500 2203 531 conss.
2771 493 2825 540 [a.
2859 493 2954 542 390]

1689 538 1756 605 14.
1797 540 1959 584 2⁸Idem
2000 543 2130 586 AAA.
2178 542 2384 588 Potamio
2461 544 2662 600 raefeoto
2706 545 2956 601 Auqustali.

1629 594 1801 638 Publici
1830 609 1987 640 cursus
2020 598 2230 643 exhibitio
2270 613 2404 643 secun
2437 612 2509 642 um
2546 600 2743 642 locorum
2774 612 2955 643 consue-

1628 650 1825 694 tudinem
1854 653 1923 696 vel
1953 653 2192 698 curialibus
2221 655 2288 699 vel
2329 655 2629 698 cohortalibus
2670 655 2799 698 debet
2838 668 2956 699 com-

1628 705 1743 748 mitti
1781 707 1848 749 vel
1891 707 1984 759 his,
2031 709 2105 762 qui
2150 723 2228 753 suo
2273 710 2470 764 periculo
2515 710 2571 753 ab
2618 710 2956 755 eminentissima

1659 762 1910 804 raefectura
1940 763 2020 805 sub
2054 766 2318 820 competenti
2349 765 2522 808 cautela
2552 765 2785 820 excipiunt.
2818 766 2870 809 I).
2890 777 2959 809 111

1661 850 1670 859 .
1702 817 1816 872 Auq.
1873 816 2265 877 Constantinopoli
2300 820 2498 864 Arcadio
2539 822 2588 864 A.
2630 833 2676 864 ΙΙ
2711 827 2754 865 et
2789 820 2955 876 Rufino

1629 884 1772 915 conss.
2787 890 2825 919 a.
2858 879 2937 920 392

1686 925 1748 972 15
1782 926 1890 970 ²⁹Im
1915 942 1967 985 p.
1985 929 2207 973 Arcadius
2234 934 2279 974 et
2303 929 2537 974 Honorius
2557 932 2647 974 AA.
2675 882 2850 975 Dealcro
2875 880 2954 990 pp].

1629 982 1676 1026 Si
1705 983 1800 1037 quis
1831 942 1920 1027 vefj
1936 997 2016 1040 per
2044 997 2176 1027 unam
2209 986 2493 1030 mutationem
2521 986 2725 1030 veredum
2739 988 2775 1012 ³⁰
2805 999 2955 1042 super-

1629 1039 1876 1082 ducendum
1904 1052 2000 1083 esse
2026 1040 2270 1093 crediderit,
2294 1042 2339 1084 in
2356 1042 2649 1098 quadruplum
2669 1043 2955 1097 superducto-

1628 1108 1724 1138 rum
1754 1095 2005 1153 animalium
2034 1096 2221 1152 pretium
2250 1097 2347 1141 fisci
2377 1099 2540 1142 viribus
2569 1099 2744 1142 inferat.
2803 1097 2856 1141 D.
2890 1111 2961 1141 XV

1627 1150 1724 1195 lc.A
1759 1151 1829 1194 ril.
1860 1150 2118 1196 Mediolano
2138 1150 2320 1209 Olybrio
2335 1158 2380 1197 et
2392 1152 2591 1197 Probino
2611 1167 2752 1198 conss.
2785 1158 2841 1206 [a.
2859 1158 2955 1206 395]

1687 1165 1756 1254 lg
1793 1205 1957 1251 ³¹Idem
1992 1208 2084 1251 AA.
2123 1206 2376 1252 Remistheo
2414 1210 2516 1252 duci
2553 1210 2800 1253 Armeniae.
2878 1209 2955 1253 His

1627 1262 1930 1307 tantummodo
1959 1263 2110 1307 utendi
2141 1276 2294 1308 cursus
2326 1265 2494 1319 publici
2523 1265 2712 1308 facultas
2744 1278 2957 1309 concessa

1630 1322 1719 1373 est,
1761 1318 1835 1374 qui
1863 1319 1994 1374 legati
2024 1319 2078 1362 de
2108 1319 2287 1364 diversis
2315 1321 2519 1374 gentibus
2549 1321 2605 1364 ad
2642 1326 2838 1364 nostram
2868 1322 2954 1365 cle-

1629 1375 1835 1418 mentiam
1864 1387 2103 1431 properare
2140 1375 2363 1419 festinant.
2410 1375 2464 1420 D.
2505 1389 2552 1421 VJ
2587 1375 2628 1420 lc.
2660 1376 2794 1420 Mart.
2844 1376 2955 1421 Con-

1628 1431 1926 1487 stantinopoli
1957 1431 2168 1475 Caesario
2199 1432 2419 1476 et-Attioo
2450 1445 2589 1488 conss.
2771 1437 2824 1484 [a.
2859 1436 2953 1484 397]

1687 1484 1748 1531 17
1784 1485 1947 1530 ³²Idem
1985 1487 2075 1530 AA.
2118 1486 2348 1531 Vincentio
2379 1502 2462 1546 pp.
2497 1509 2506 1514 »
2538 1488 2676 1531 Nemo
2719 1488 2956 1531 mulionem

1628 1542 1945 1585 mutationibus
1987 1541 2244 1597 deputatum
2282 1543 2348 1586 vel
2382 1553 2463 1599 per
2502 1544 2851 1588 sollicitationem
2887 1545 2957 1588 vel

1627 1610 1708 1652 per
1721 1599 1758 1624 ³³
1785 1598 2081 1653 receptionem
2092 1599 2128 1624 ³⁴
2157 1599 2417 1642 subtrahere
2439 1600 2612 1653 audeat,
2643 1600 2792 1643 decem
2819 1600 2956 1644 libras

1628 1653 1798 1708 argenti
1837 1658 2005 1708 poenae
2034 1654 2208 1697 nomine
2236 1655 2527 1699 reformidans
2556 1655 2732 1699 inferre.
2791 1654 2844 1699 D.
2877 1667 2958 1699 xl!

1627 1708 1670 1751 lc.
1702 1708 1838 1753 Mart.
1882 1707 2130 1753 Mediolani
2160 1709 2367 1754 Honorio
2397 1715 2446 1754 A.
2479 1723 2570 1754 ΗΠ
2596 1717 2641 1755 et
2669 1710 2954 1769 Eutychiano

1628 1777 1770 1808 conss.
2768 1771 2823 1819 [a.
2857 1771 2953 1819 398]

1687 1817 1751 1866 18
1785 1818 1949 1863 ³⁵Idem
1977 1820 2069 1863 AA.
2111 1818 2334 1863 Messalae
2354 1836 2435 1878 pp.
2503 1822 2724 1866 Animalia
2759 1822 2954 1877 publica,

1629 1875 1733 1918 dum
1760 1875 1889 1930 longe
1917 1875 2081 1918 maiore
2110 1888 2162 1918 ac
2191 1875 2422 1931 periniquo
2460 1878 2599 1932 pretio
2633 1878 2797 1933 pabula
2824 1879 2954 1922 aesti-

1628 1932 1805 1974 mantur
1820 1944 1898 1986 per
1912 1931 2136 1985 mancipes
2154 1935 2287 1986 atque
2308 1933 2596 1988 apparitores,
2627 1938 2779 1989 aperte
2794 1945 2954 1978 vexan-

1627 1990 1714 2030 tur.
1781 1999 1837 2029 ne
1872 1986 1920 2029 id
1959 1987 2204 2042 contingat,
2243 1988 2487 2031 sublimitas
2525 1992 2603 2033 tua
2643 1990 2866 2044 disponat,
2905 1994 2956 2033 ut

1626 2054 1769 2097 neque
1790 2042 1954 2098 pabula
1977 2043 2292 2086 mutationibus
2319 2043 2474 2098 desint,
2505 2057 2645 2100 neque
2668 2045 2956 2101 provinciales

1627 2098 1746 2141 ultra
1775 2111 1906 2154 quam
1932 2098 2128 2142 iustitiae
2157 2099 2262 2142 sinit
2289 2101 2403 2144 ratio
2432 2105 2786 2156 praegraventur.
2845 2101 2899 2146 D.
2930 2113 2961 2145 V

1627 2153 1669 2198 lc.
1701 2153 1805 2197 Deo.
1838 2153 2084 2198 Stilichone
2113 2159 2157 2198 et
2183 2155 2428 2199 Aureliano
2458 2169 2603 2200 conss·
2769 2162 2825 2210 [a.
2856 2161 2953 2210 400]

1686 2207 1750 2255 19
1775 2207 1945 2267 ἔθΙιίεφη
1973 2211 2064 2253 AA.
2105 2214 2150 2253 et
2179 2209 2451 2254 Theodosius
2477 2213 2528 2255 A.
2567 2210 2626 2256 Se
2661 2212 2812 2256 timino
2839 2227 2954 2270 pro-

1629 2265 1803 2308 consuli
1817 2265 2017 2320 Afrioae.
2077 2265 2375 2320 Comperimus
2403 2268 2626 2322 provincia
2645 2281 2690 2311 es
2720 2273 2765 2312 et
2792 2270 2956 2324 pabula

1628 2325 1672 2364 et
1699 2320 1931 2376 pecuniam
1953 2334 2034 2376 pro
2054 2334 2265 2377 equorum
2282 2324 2548 2366 cursualium
2564 2325 2761 2367 sollemni
2783 2325 2956 2369 ratione

1629 2376 1830 2420 conferre
1854 2380 1897 2419 et
1921 2376 2192 2421 extrinsecus
2222 2377 2355 2420 etiam
2365 2379 2402 2405 ³⁷
2429 2379 2796 2434 paraveredorum
2821 2393 2955 2425 onere

1631 2438 1650 2475 1
1709 2433 2003 2487 praegravari.
2057 2432 2385 2476 Provinciarum
2413 2433 2547 2489 igitur
2569 2440 2763 2479 rectores
2791 2449 2953 2491 procu-

1626 2493 1738 2540 rent,
1769 2499 1825 2530 ne
1853 2501 2057 2542 umquam
2098 2501 2253 2532 cursus
2289 2489 2492 2544 publicus
2522 2491 2666 2534 veniat
2701 2491 2748 2534 in
2783 2492 2954 2546 querel-

1626 2544 1715 2587 lam
1738 2547 1783 2587 et
1811 2543 1987 2587 occasio
2011 2544 2280 2598 deceptionis
2306 2544 2494 2588 curiales
2519 2547 2586 2589 vel
2644 2547 2903 2591 rovinciales
2915 2549 2955 2576 ³⁸

1627 2599 1836 2643 animalia
1850 2599 2046 2642 indebita
2068 2603 2293 2655 praestare
2310 2601 2556 2656 compellat.
2634 2637 2642 2645 .
2662 2614 2734 2645 νη
2748 2602 2790 2645 lc.
2807 2603 2951 2660 April.

1627 2655 1869 2699 Ravennae
1901 2654 2146 2698 Theodosio
2162 2656 2212 2698 A.
2244 2660 2289 2699 et
2314 2655 2563 2700 Rumorido
2593 2670 2734 2701 conss.
2781 2662 2836 2710 [a.
2855 2662 2951 2710 403]

1685 2708 1751 2757 20
1785 2708 1948 2753 ³⁹Ideni
1973 2711 2103 2753 AAA.
2133 2710 2367 2755 Anthemio
2387 2726 2471 2770 pp.
2528 2712 2668 2756 Nemo
2697 2713 2857 2756 ducum
2884 2714 2952 2757 in-

1627 2779 1803 2822 gressus
1824 2765 1957 2809 semel
1985 2765 2254 2820 provinciam
2277 2779 2402 2810 suam
2421 2768 2697 2823 postmodum
2724 2769 2953 2814 itineribus

1628 2821 1842 2865 faciendis
1867 2834 2000 2864 cursu
2030 2824 2161 2875 atque
2191 2822 2380 2876 angariis
2408 2823 2503 2878 ipse
2531 2824 2621 2868 sive
2649 2837 2775 2868 suum
2805 2830 2955 2869 utatur

1630 2877 1846 2930 officium,
1888 2877 1965 2920 sed
1994 2877 2313 2932 expeditionem
2342 2878 2573 2923 militarem
2608 2880 2812 2924 iumentis
2850 2893 2952 2935 pro·

1634 2938 1650 2977 1
1711 2933 1818 2989 priis
1849 2937 2161 2988 exsequantur.
2230 2932 2298 2976 De
2328 2935 2608 2978 cohortalinis
2638 2935 2767 2977 etiam
2798 2935 2954 2980 officiis

1629 2989 1781 3033 eadem
1809 2988 1903 3043 lege
1932 2989 2166 3039 sancimus,
2197 3001 2252 3032 ne
2281 2989 2377 3044 quis
2401 3002 2456 3032 ex
2481 2990 2549 3033 his
2579 3003 2658 3045 per
2685 2991 2953 3045 provinciam

1630 3057 1755 3089 suam
1779 3044 2028 3088 discurrens
2047 3043 2201 3088 veredo
2227 3045 2291 3086 uti
2308 3050 2489 3088 conetur
2512 3046 2558 3089 in
2587 3050 2820 3100 posterum,
2854 3059 2954 3090 cum

1632 3107 1654 3143 2
1715 3112 1842 3144 sacra
1870 3099 2139 3155 prohibitum
2167 3100 2394 3143 sanctione
2426 3105 2701 3155 cognoscant.
2762 3101 2886 3156 Quod
2916 3102 2952 3145 si

1632 3156 1727 3212 quis
1759 3155 1918 3199 ducum
1946 3155 2013 3198 vel
2044 3157 2343 3212 apparitorum
2356 3156 2423 3199 vel
2452 3157 2740 3200 cohortalium
2766 3161 2951 3200 temera-

1631 3213 1694 3255 rio
1712 3211 1855 3254 animo
1873 3223 1926 3254 ea
1949 3223 2063 3267 quae
2087 3211 2358 3254 decernimus
2380 3212 2695 3255 contemnenda
2719 3213 2950 3267 putaverit,

1632 3281 1710 3323 per
1741 3267 1912 3322 singula
1948 3266 2154 3309 animalia
2182 3267 2341 3320 quibus
2370 3279 2476 3310 usus
2515 3266 2649 3311 fuerit
2686 3268 2951 3322 singularum

1631 3324 1841 3367 librarum
1885 3323 1981 3365 auri
2032 3322 2227 3366 illatione
2270 3322 2536 3366 multabitur.
2617 3322 2671 3366 D.
2719 3334 2807 3366 1111
2846 3336 2948 3366 non.

1631 3382 1743 3436 Auq.
1788 3376 2177 3435 Constantinopoli
2207 3377 2413 3421 Honorio
2452 3390 2522 3421 VII
2558 3383 2603 3422 et
2632 3377 2878 3422 Theodosio
2909 3389 2955 3421 ΙΙ

1631 3437 1721 3478 AA.
1754 3447 1894 3477 conss.
2769 3438 2823 3485 [a.
2853 3437 2951 3485 407]

1687 3488 1745 3534 21
1784 3488 1852 3531 Im
1878 3503 1929 3547 p.
1964 3488 2236 3554 Theodosius
2265 3494 2316 3554 et-
2347 3487 2685 3553 Valentinianus
2712 3490 2800 3553 AA.
2833 3487 2951 3554 Cyro

1623 3559 1705 3643 {3131
1746 3544 2395 3643 sfft033.113?;²¹2¹22132338¹.¹2t
2411 3543 2584 3643 353¹&
2601 3544 2952 3655 ,9ξὲαῆἔὲἓῖῗὲ

1632 3655 1920 3711 expeditionis
1961 3655 2288 3699 excusationem
2317 3656 2592 3710 angariarum
2623 3668 2700 3698 seu
2738 3667 2953 3710 paranga-

1631 3712 1797 3754 riarum
1826 3711 2001 3755 habeat.
2626 3715 2681 3762 [a.
2713 3713 2951 3761 440—441]

1689 3764 1754 3811 22
1785 3765 1894 3823 Imp.
1915 3766 2004 3809 Leo
2022 3768 2072 3808 A.
2097 3764 2273 3809 Pusaeo
2289 3780 2369 3822 pp.
2431 3765 2615 3808 Cursum
2645 3766 2905 3809 clavularem
2916 3765 2955 3792 ⁴⁰

1633 3822 1688 3866 ab
1720 3822 1836 3865 omni
1869 3821 2080 3865 Orientali
2109 3824 2256 3863 tractu
2283 3834 2366 3863 nec
2396 3833 2482 3863 non
2512 3821 2569 3863 ab
2607 3821 2676 3864 his
2707 3820 2953 3864 civitatibus

1633 3964 1713 4014 (22)
1745 3983 1798 3998 =
1830 3962 1904 4002 Th.
1935 3963 1975 4012 8,
2006 3971 2039 4010 5,
2070 3970 2111 4001 47

1633 4031 1730 4058 vero
1762 4017 1836 4058 le.
1946 4018 2023 4067 (24)
2054 4032 2161 4069 seqq.
2194 4032 2264 4056 om.
2301 4017 2371 4056 Th.

2212 3962 2287 4012 (23)
2329 3962 2426 4001 idem
2457 3960 2525 4000 B:
2566 3961 2736 4011 triginta
2774 3959 2955 4011 quinque

2482 4018 2557 4065 (25)
2587 4036 2641 4050 ==
2674 4016 2743 4055 Th.
2776 4017 2814 4066 8,
2845 4026 2879 4066 5,
2909 4024 2954 4056 50

1635 4076 1713 4125 (26)
1744 4072 1810 4112 vel
1838 4071 2071 4123 praecidere
2101 4087 2173 4113 om.
2197 4072 2267 4112 Th.
2326 4073 2403 4119 (27)
2434 4071 2542 4121 quod
2560 4071 2647 4120 Th„
2677 4070 2796 4121 utK‚
2827 4086 2899 4111 om.
2920 4071 2955 4111 0

1634 4130 1712 4180 (28)
1743 4148 1799 4163 =
1829 4128 1903 4167 Th.
1920 4129 1960 4177 8,
1976 4137 2010 4178 5,
2027 4137 2066 4168 51
2151 4128 2230 4177 (29)
2258 4146 2313 4162 =
2333 4126 2402 4165 Th.
2421 4126 2460 4177 8,
2478 4136 2511 4175 5,
2525 4135 2568 4167 53
2647 4126 2725 4175 (30)
2754 4124 2956 4164 malamve

1635 4187 1707 4223 aut
1734 4183 1877 4223 bovem
1906 4184 1981 4223 ins.
2014 4183 2087 4223 Th.
2173 4184 2245 4232 (31)
2274 4201 2327 4216 =
2362 4181 2432 4221 Th.
2465 4183 2553 4231 8,5‚
2574 4190 2615 4222 57
2702 4181 2777 4230 (32)
2805 4200 2862 4216 =
2882 4180 2952 4221 Th.

1638 4241 1675 4289 S,
1705 4249 1738 4289 5,
1769 4247 1813 4279 58
1912 4239 1990 4288 (33)
2018 4250 2091 4289 per
2118 4238 2154 4288 I,
2186 4253 2255 4277 om.
2289 4236 2372 4277 ΚΟ
2472 4239 2548 4286 (34)
2577 4234 2641 4275 vel
2669 4235 2959 4276 sollicitatione

1636 4293 1701 4333 vcl
1730 4292 1961 4344 receptione
1996 4293 2066 4333 Th.
2154 4296 2227 4344 (35)
2259 4311 2313 4326 =
2343 4291 2417 4332 Th.
2450 4293 2487 4341 8,
2517 4300 2549 4342 5,
2581 4299 2626 4332 60
2712 4296 2789 4341 (36)
2811 4291 2958 4332 =Th.

1638 4351 1676 4399 8,
1695 4359 1726 4398 5,
1745 4357 1810 4389 64:
1843 4350 1960 4401 iunqe
1977 4349 2051 4388 Th.
2075 4351 2238 4395 13,1,19
2307 4347 2385 4396 (37)
2414 4346 2534 4386 etiam
2565 4361 2635 4386 om.
2656 4346 2728 4386 Th.
2801 4347 2880 4397 (38)
2895 4344 2960 4386 vel

1636 4405 1819 4456 provinc.
1850 4419 1921 4443 om.
1956 4403 2027 4443 Th.
2095 4405 2171 4453 (39)
2200 4422 2255 4436 =
2286 4402 2359 4441 Th.
2390 4403 2427 4451 8,
2445 4411 2477 4451 5,
2496 4410 2539 4442 66
2606 4403 2682 4452 (40)
2714 4400 2961 4441 clabularem

1640 4462 1745 4506 dett,
1775 4458 2025 4498 ambularem
2047 4460 2093 4507 Ο,
2124 4456 2430 4497 ambularentur
2444 4457 2500 4507 K,
2530 4452 2604 4496 διὰ
2631 4451 2866 4509 ὀχημάτων
2891 4457 2960 4496 Β.·

1641 4517 1682 4555 in
1714 4515 1788 4555 Th.
1819 4515 1858 4565 8,
1889 4523 1923 4564 5,
1955 4522 1996 4555 23
2029 4515 2173 4555 dicitur
2202 4511 2449 4552 clabularius
2478 4524 2619 4551 cursus

2582 4626 2631 4664 61
