3094 4732
142 165 245 215 XII
276 168 341 214 40

138 315 254 356 mota
292 310 399 352 duas
438 305 635 351 dominus
675 301 877 358 propriae
915 302 1090 353 domus,
1129 297 1260 342 tertia
1296 293 1461 358 hospiti

140 369 366 422 deputata,
414 367 593 406 eatenus
630 357 874 412 intrepidus
914 370 967 401 00
1005 367 1186 401 0001111ιο
1235 349 1462 414 possideat

137 420 378 478 portiones,
416 421 466 460 ut
502 415 547 458 in
583 419 671 457 tres
710 413 862 455 domus
893 411 1058 455 divisae
1094 411 1244 464 partes
1274 415 1460 460 primam

138 474 318 531 eligendi
343 471 542 516 dominus
565 469 728 512 habeat
748 466 1018 516 facultatem,
1045 462 1281 526 secundam
1296 460 1460 514 hospes

138 543 264 589 quam
292 527 476 573 voluerit
504 528 778 579 exsequatur,
808 521 940 564 tertia
965 518 1138 582 domino
1159 514 1459 580 relinquenda.

137 587 311 643 plenum
339 584 453 628 enim
480 580 700 635 aequitate
729 581 861 630 atque
883 576 1050 618 iustit1a
1074 574 1247 636 estnut,
1280 583 1354 625 qui
1384 571 1462 612 aut

140 639 416 687 successione
434 637 596 681 fruitur
621 637 697 691 aut
721 635 864 686 empto
890 630 957 672 vel
986 631 1261 671 extruct1one
1283 625 1459 680 gaudet,

140 698 319 741 electam
357 693 593 750 praecipue
630 687 787 733 iudicio
826 697 950 729 suam
978 696 1068 728 rem
1086 685 1099 709 ¹
1124 684 1289 746 ‘teneat
1317 683 1363 724 et
1390 692 1461 724 re-

142 758 160 796 1
217 751 375 794 lictam.
434 746 688 803 Ergasteria
715 754 829 793 vero,
861 752 972 796 quae
1000 738 1291 803 mercimoniis
1322 737 1460 792 depu-

137 810 301 858 tantur,
331 804 387 849 ad
408 801 703 859 praedictam2
725 796 945 841 divisionis
970 795 1174 838 in1ur1am
1197 806 1288 858 non
1301 805 1460 859 vocen-

140 869 223 913 tur,
254 861 330 906 sed
371 859 519 915 quieta
557 857 643 901 sint
681 859 724 899 et
758 853 894 897 libera
925 855 967 895 et
995 851 1051 893 ab
1092 862 1208 893 omm
1237 849 1461 904 hospitum

138 918 297 963 iniuria
326 916 550 960 defensata
580 912 682 956 solis
712 909 894 953 dominis
926 905 1356 970 conductoribusque
1386 903 1460 970 de·

139 974 342 1018 serviant.
400 983 504 1013 sane
533 968 570 1012 si
600 966 832 1017 stabulum,
863 967 912 1006 ut
940 962 1128 1014 adsolet,
1158 961 1340 1026 1111111011
1367 972 1460 1026 viro

138 1031 184 1073 in
212 1028 342 1073 tertia
378 1027 530 1070 domus
569 1027 694 1079 parte
725 1020 930 1070 defuerit,
976 1031 1030 1061 ex
1060 1019 1333 1072 ergasterns,
1373 1029 1461 1081 n1s1

137 1085 184 1128 id
221 1084 415 1128 dominus
451 1079 641 1136 qualibet
679 1076 910 1121 occasione
948 1073 1206 1130 providerit,
1243 1085 1324 1128 pro
1357 1084 1460 1138 ⁴am-

137 1140 315 1184 malium
361 1148 539 1182 numero
582 1134 647 1178 vel
697 1133 850 1176 domus
903 1130 1114 1186 qualitate
1157 1128 1460 1184 deputab1tur.

139 1201 164 1240 2
221 1193 466 1238 Illustribus
494 1202 601 1235 sane
628 1188 732 1232 viris
760 1199 851 1231 non
878 1186 1053 1230 tertiam
1088 1187 1259 1249 partem
1289 1184 1459 1249 domus,

138 1251 216 1296 sed
241 1249 424 1293 mediam
438 1244 749 1301 hospitalitatis
765 1241 909 1298 gratia
933 1241 1135 1296 deputari
1160 1240 1458 1304 decernimus:

138 1319 191 1351 ea
219 1306 442 1350 dumtaxat
470 1300 724 1346 condicione
749 1300 934 1350 servata,
964 1302 1014 1340 ut
1043 1297 1153 1340 alter
1166 1308 1236 1362 ‘ex
1264 1296 1335 1340 his
1353 1309 1460 1362 ’11111-

137 1363 254 1412 libet,
284 1359 410 1414 quive
437 1356 659 1408 maluerit,
690 1354 943 1398 divisionem
971 1353 1208 1396 arbitraria
1237 1356 1461 1407 aequitate

139 1422 161 1461 3
218 1416 374 1468 faciat,
415 1413 527 1456 alter
565 1410 750 1466 eligendi
787 1410 952 1453 habeat
989 1408 1225 1464 optionem.
1293 1408 1357 1452 Et
1383 1407 1458 1451 fir-

135 1471 371 1516 missimum
399 1472 611 1525 perpetuo
641 1465 757 1522 quod
784 1464 995 1509 iussimus
1023 1466 1287 1521 perseveret,
1317 1464 1381 1507 ita
1409 1466 1462 1507 ut

135 1527 312 1582 triginta
339 1525 473 1568 libras
497 1525 593 1567 auri
622 1522 695 1578 qui
717 1520 879 1566 illustri
900 1523 1006 1565 sunt
1030 1520 1221 1576 praediti
1250 1520 1462 1575 dignitate

136 1584 242 1626 fisco
271 1585 421 1624 nostro
451 1591 498 1624 se
524 1579 726 1623 illaturos
755 1589 853 1621 esse
882 1580 1163 1632 cognoscant,
1194 1577 1330 1620 ceteri
1357 1587 1460 1620 vero

118 1638 287 1682 ,militia
324 1636 466 1680 sciant
499 1645 548 1679 se
576 1645 680 1689 ‚esse
718 1631 977 1688 privandos,
1017 1631 1055 1676 si
1090 1632 1295 1687 generale
1331 1643 1460 1688 prae-

137 1698 308 1749 ceptum
337 1691 523 1757 amplius
551 1687 806 1746 usurpando
837 1700 969 1745 quam
991 1688 1198 1732 iussimus
1223 1688 1461 1744 reprehen-

137 1749 250 1794 sibili
276 1751 521 1792 temerltate
549 1745 817 1792 violaverint.
883 1743 938 1788 D.
977 1755 1073 1788 VIII
1097 1744 1157 1788 id.
1188 1744 1315 1789 Febr.
1351 1742 1462 1788 Con·

134 1805 330 1849 stantino
368 1803 428 1847 oli
437 1802 644 1846 Honorio
661 1812 755 1845 ιιι]
767 1806 812 1845 et
820 1798 1108 1858 Eutychiano
1125 1813 1268 1844 conss.
1289 1803 1346 1852 [a.
1364 1803 1461 1851 398]

192 1857 221 1907 3
253 1861 270 1886 ³
300 1817 394 1903 dgm
423 1858 515 1902 AA.
544 1856 776 1902 Vincentio
799 1870 882 1922 pp.
929 1854 1122 1920 Cunctos
1149 1855 1320 1900 iudices
1351 1855 1465 1900 scire

135 1916 334 1961 volumus
355 1927 383 1957 a
406 1913 641 1969 praetoriis
663 1911 988 1956 ordinariorum
1015 1911 1210 1955 iudicum
1238 1912 1306 1956 his
1334 1923 1463 1967 prae-

135 1971 329 2016 sentibus
365 1969 685 2013 abstinendum.
752 1967 808 2012 D.
839 1979 932 2012 XVI
965 1966 1008 2011 lc.
1040 1966 1170 2012 Febr.
1213 1966 1465 2012 Mediolani

136 2025 379 2072 Stilichone
407 2030 452 2070 et
477 2025 724 2069 Aureliano
752 2036 818 2069 vv.
849 2036 910 2067 cc.
942 2036 1085 2067 conss.
1277 2027 1334 2076 [a.
1366 2027 1463 2076 400]

189 2081 221 2129 4
251 2081 392 2126 ⁴Idem
402 2081 495 2125 ΑΑ.
506 2079 755 2124 Aemiliano
770 2080 987 2136 maqistro
1005 2079 1275 2136 officiorum.
1307 2079 1466 2123 Fabri-

137 2138 329 2183 censium
348 2137 548 2182 domibus
570 2135 733 2191 ubique
757 2135 1006 2179 constitutis
1031 2148 1200 2179 omnem
1220 2135 1465 2180 molestiam

134 2194 356 2249 hospitum
393 2191 687 2248 praecipimus
716 2190 925 2241 amoveri,
966 2193 1083 2246 quo⁵
1120 2195 1164 2234 et
1193 2191 1464 2235 Antiochen-

134 2251 255 2295 sibus
291 2253 338 2293 et
373 2251 620 2292 ceterarum
649 2246 874 2291 civitatum
909 2246 1092 2290 fabricis
1131 2246 1283 2290 similis
1314 2246 1464 2291 domo-

133 2318 229 2350 rum
279 2303 506 2349 excusatio
559 2303 836 2359 praebeatur,
891 2301 1073 2345 absente
1125 2302 1296 2360 scilicet
1338 2315 1465 2347 sacro

134 2360 358 2406 comitatu.
415 2358 470 2404 D.
489 2371 550 2403 x!
565 2357 608 2402 Ic.
641 2357 767 2402 Febr.
801 2358 1190 2415 Constantinopoli
1220 2357 1467 2403 Stilichone

133 2422 179 2462 et
204 2415 449 2460 Aureliano
480 2427 622 2459 conss.
1293 2419 1349 2467 [a.
1364 2417 1462 2467 400]

188 2471 219 2518 5
251 2470 415 2529 ⁶Impp.
458 2470 691 2515 Honorius
727 2473 773 2514 et
816 2469 1091 2514 Theodosius
1130 2470 1221 2514 AA.
1270 2469 1467 2514 Iohanni

129 2542 194 2627 ¹1⁹²⁹
198 2527 499 2628 ‘nbssil‘lissm
508 2524 1114 2637 Ρξῖἰὲθῗὲῑῖἱὶωοέἒίηέωέἓ
1138 2526 1467 2638 ῃῗιῗὲἐῗῖξὲὲῗ

134 2639 279 2684 dium⁷
323 2639 547 2695 publicum
588 2638 656 2682 vel
707 2637 926 2693 privatum
980 2637 1135 2681 domus
1175 2643 1357 2682 nostrae
1398 2637 1467 2683 vel

134 2695 447 2750 cuiuscumque
474 2694 581 2738 iuris
609 2694 758 2738 nullus
782 2696 1000 2738 metator-⁸
1022 2692 1222 2745 accedat,
1253 2694 1291 2738 si
1311 2707 1338 2737 a
1357 2707 1465 2750 quo-

138 2757 191 2795 la
247 2763 376 2817 quam
403 2750 538 2795 fuerit
566 2750 826 2794 destinatus.
869 2749 1116 2793 Licentiam
1146 2750 1260 2794 enim
1290 2750 1465 2795 domino

134 2811 276 2851 actori
311 2806 480 2862 ipsique
524 2806 642 2863 plebi
685 2804 899 2849 serenitas
942 2810 1095 2850 nostra
1134 2807 1373 2859 commisit,
1417 2809 1469 2851 ut

134 2876 247 2915 011111,
277 2863 352 2918 qui
410 2861 673 2919 raeparandi
699 2861 842 2916 gratia
862 2861 917 2905 ad
939 2861 1264 2917 possessionem
1284 2862 1466 2915 venerit,

137 2876 408 2975 ‘’expellemfi
454 2919 618 2963 habeat
653 2917 911 2961 facultatem
954 2930 1037 2961 nec
1083 2918 1246 2962 crimen
1289 2918 1467 2973 aliquod

133 2975 432 3030 pertimescat,
472 2987 573 3018 cum
611 2973 695 3019 sibi
732 2973 965 3019 arbitrium
1001 2975 1179 3018 ultionis
1217 2987 1324 3018 suae
1353 2975 1466 3019 sciat

135 3043 232 3075 esse
261 3043 537 3075 concessum:
567 3032 774 3086 recteque
796 3030 1072 3084 sacrilegium
1101 3031 1272 3087 111101ιο
1302 3034 1465 3085 010001,

137 3086 186 3130 1b
245 3087 319 3142 qui
348 3088 512 3152 primus
542 3086 767 3130 invenerit.
813 3085 1202 3131 Administrantem
1218 3099 1320 3131 vero
1350 3087 1465 3132 eius-

134 3155 218 3198 que
234 3141 370 3187 officii
392 3154 611 3198 proceres,
643 3154 828 3197 quorum
885 3146 1090 3198 raecepto
1118 3143 1351 3187 inhibitam
1365 3155 1465 3200 per·

133 3211 287 3243 sonam
325 3198 383 3243 ad
424 3210 576 3253 agrum
613 3199 803 3254 aliquem
870 3198 1147 3253 estinaverit,
1186 3199 1233 3243 in
1268 3203 1467 3256 tempore

134 3258 158 3297 2
208 3254 427 3309 proscribi
456 3255 614 3298 debere
644 3254 891 3299 censuimus
908 3256 956 3297 ¹¹.
1003 3254 1150 3299 Solam
1180 3268 1287 3299 sane
1315 3256 1398 3300 hos
1430 3256 1465 3299 i-

133 3310 346 3354 talitatem
375 3310 457 3354 sub
496 3310 582 3353 hac
610 3310 915 3354 observatione
945 3311 1247 3365 concedimus,
1279 3316 1329 3355 ut
1391 3312 1400 3321 “
1437 3312 1467 3355 ’1

133 3366 190 3410 ab
219 3366 408 3421 hospite,
440 3366 556 3420 quod
584 3366 652 3409 vel
681 3366 905 3410 hominum
933 3367 1002 3409 vel
1032 3368 1288 3411 animalium
1317 3367 1467 3423 pastui

133 3422 430 3466 necessarium
462 3421 664 3476 creditur,
695 3421 956 3477 postuletur,
988 3424 1267 3479 omniumque
1304 3424 1362 3467 sit
1390 3435 1465 3468 ac-

135 3479 370 3522 celeratum
399 3478 482 3520 iter
509 3483 642 3533 atque
671 3478 926 3522 continuum
966 3491 1048 3523 1100
1079 3480 1159 3522 11111
1195 3481 1328 3523 110001
1355 3480 1465 3524 1001-

135 3534 259 3586 11010,
299 3547 355 3577 110
394 3533 656 3577 diuturnitas
698 3534 1064 3578 commanentium
1107 3536 1197 3579 ulla
1240 3548 1295 3579 ex
1339 3539 1466 3592 parte

135 3592 159 3632 3
216 3589 441 3644 praedium
456 3592 596 3633 vexet.
641 3589 806 3633 Decem
823 3591 953 3634 etiam
979 3591 1189 3634 librarum
1217 3592 1315 3635 auri
1328 3592 1468 3636 multa

135 3644 330 3697 ferietur,
361 3645 556 3700 quisquis
585 3645 913 3690 administrator
942 3651 1118 3700 togatus
1147 3649 1373 3703 apparitor
1398 3648 1465 3691 111-

134 3700 203 3744 1110
238 3705 317 3744 0111
345 3701 535 3745 1111Ιί10110
565 3701 632 3745 vel
667 3701 751 3745 iter
789 3713 922 3757 agens
962 3703 1050 3746 ullo
1085 3702 1133 3746 in
1171 3704 1270 3747 loco
1300 3704 1467 3759 aliquid

136 3761 163 3799 4
218 3758 273 3800 ab
304 3757 480 3812 hospite
509 3757 807 3812 postulaverit.
852 3758 904 3800 In
932 3761 1105 3802 tantum
1135 3759 1249 3803 enim
1279 3759 1467 3804 inhiberi

136 3812 397 3856 sceleratum
421 3826 584 3856 morem
608 3812 824 3866 iubemus,
854 3818 904 3856 ut
928 3814 1036 3870 ipsis
1063 3828 1235 3870 quoque
1252 3817 1466 3871 praeben-

135 3867 251 3911 tibus
279 3868 540 3924 impunitum
565 3881 661 3912 esse
684 3882 773 3913 non
803 3869 1035 3924 patiamur,
1060 3871 1098 3914 si
1127 3871 1232 3926 quid
1247 3873 1281 3897 ¹2
1309 3877 1469 3927 sponte

139 3927 290 3967 contra
350 3930 601 3979 raeceptum
624 3927 825 3969 nostrum
846 3926 1022 3980 probati
1050 3926 1217 3970 fuerint
1239 3927 1465 3973 obtulisse.

138 3977 190 4021 D.
218 3938 348 4036 pria?
367 3979 426 4023 id.
461 3980 558 4023 Iun.
591 3980 831 4025 Ravennae
862 3987 974 4038 post
1002 3983 1282 4027 consulatum
1313 3983 1467 4028 Hono—

137 4047 193 4076 rzz
232 4047 347 4078 VIIII
373 4042 417 4079 et
449 4035 684 4079 Theodosii
721 4048 747 4079 V
774 4038 866 4079 AA.
1278 4043 1335 4092 [a.
1370 4044 1466 4092 413]

193 4086 224 4135 6
259 4090 418 4135 ¹³ldem
447 4092 537 4134 ΛΑ.
573 4091 810 4135 Hadriano
835 4106 916 4149 pp.
985 4093 1162 4138 Africae
1178 4096 1211 4122 ¹⁴
1250 4096 1335 4139 hoc
1365 4110 1468 4151 pro-

139 4150 336 4199 spectum
366 4151 444 4200 est,
476 4151 525 4189 ut
554 4146 747 4190 infausta
785 4147 1100 4202 hospitalitatis
1139 4151 1354 4205 praebitio
1385 4154 1468 4196 tol-

138 4199 299 4244 leretur
336 4214 418 4245 nec
455 4202 660 4246 balneum
699 4203 977 4259 quisquam¹⁵
1015 4217 1043 4247 a
1081 4205 1254 4251 domino
1294 4207 1468 4251 aedium

880 4347 1035 4397 partem
1073 4344 1171 4386 [fob

490 4398 542 4447 (31
576 4418 626 4433 -=
659 4399 731 4438 ΤΙι.
764 4402 801 4447 7,
833 4410 867 4450 8,
899 4409 919 4441 0

143 4342 191 4390 (ι)
220 4354 303 4381 rcm
336 4343 423 4393 Th„
458 4346 614 4393 partem
653 4357 737 4382 rem
773 4345 844 4393 0⁰,

173 4395 180 4401 .
1265 4350 1320 4400 (2)
1350 4362 1465 4401 prae-

144 4394 272 4434 (110100
306 4398 378 4436 Th.

145 4450 198 4498 (5)
227 4462 307 4499 qno
340 4452 425 4500 Th„
457 4453 565 4503 quod
597 4453 690 4494 libri
772 4456 826 4505 (0)
855 4476 911 4491 ==
945 4457 1015 4497 Th.
1048 4457 1085 4503 7,
1119 4466 1152 4502 8.
1186 4467 1224 4498 10
1310 4461 1364 4509 (7)
1394 4472 1467 4511 per
1550 4463 1639 4500 tum
1670 4459 1840 4512 quisque
1873 4461 1945 4501 Th.

147 4504 320 4543 Ai'ricam
352 4506 415 4546 vel
446 4509 517 4547 ins.
538 4509 609 4548 Th.
669 4510 726 4561 (8)
756 4523 915 4550 mensor
937 4512 1122 4552 Cuiacius
1145 4512 1214 4551 Th.
1273 4515 1329 4565 (9)
1363 4514 1466 4554 mul-

147 4558 259 4596 tandi
291 4562 360 4598 ins.
396 4562 469 4601 Th.
562 4562 637 4613 (10)
667 4564 779 4614 prior
810 4581 880 4605 om.
920 4567 987 4605 Th.
1089 4567 1158 4617 (11)
1189 4569 1246 4607 sic
1277 4570 1341 4619 K,
1372 4582 1465 4609 cen-

150 4624 280 4649 semus
310 4615 398 4663 Th„
427 4615 678 4656 decernimus
700 4619 733 4658 Ο
791 4621 863 4667 (12)
896 4621 957 4659 vel
990 4623 1061 4660 ins.
1087 4622 1158 4661 Th.
1218 4625 1290 4674 (13)
1319 4644 1373 4660 ===
1392 4624 1466 4665 Th.

1463 138 1568 196 476

2018 153 2092 191 DE
2125 153 2359 192 METATIS
2395 154 2466 191 ΕΤ
2498 154 2882 196 RPIDEMETIOIS

1546 290 1754 347 postulet.
1813 287 1867 332 D.
1906 299 1938 331 V
1959 302 2063 333 non.
2094 287 2233 333 Mart.
2275 285 2518 332 Ravennae
2549 287 2810 338 Constantio
2841 296 2889 339 et

1552 346 1792 391 Constante
1821 358 1964 390 conss,
2696 350 2754 398 [a.
2784 351 2883 403 414]

1605 398 1634 446 7
1671 399 1834 444 ¹⁸Idem
1861 401 1955 445 ΛΑ.
1971 398 2214 446 Eustathio
2270 413 2322 458 p.
2378 397 2698 444 Devotissimos
2726 402 2886 450 milites

1548 469 1604 501 ex
1642 456 1875 511 procinctu
1913 455 2149 501 redeuntes
2187 468 2238 499 ve
2299 453 2633 511 proficiscentes
2672 455 2730 500 ad
2769 457 2888 505 bella

1547 512 1664 555 muri
1688 511 1790 556 novi
1813 511 2138 556 sacratissimae
2153 513 2275 555 urbis
2294 510 2491 566 singulae
2519 514 2665 555 turres
2685 511 2733 556 in
2755 513 2887 568 pede-

1547 567 1693 624 planis
1734 566 1827 611 suis
1868 567 2122 624 suscipiant.
2183 568 2237 612 D.
2278 579 2305 610 V
2329 579 2433 610 non.
2464 565 2602 610 Mart.
2637 565 2889 613 Constanti-

1547 637 1606 667 no
1644 622 1706 667 oli
1725 622 1933 667 Honorio
1946 635 2051 667 xus
2062 628 2108 668 et
2123 623 2372 667 Theodosio
2385 634 2421 666 x
2431 623 2523 666 AA.
2540 634 2684 666 conss.
2717 627 2774 676 [a.
2790 626 2888 678 422]

1673 677 1856 736 ¹⁷Impp.
1876 677 2152 723 Theodosius
2167 684 2212 723 et
2238 677 2581 722 Valentinianus
2595 678 2688 722 ΑΛ.
2705 678 2891 724 Helioni

1547 734 1768 792 maqistro
1811 747 1837 778 o
1863 734 2083 791 ficiorum.
2152 734 2411 779 Archiatros
2441 734 2584 778 nostri
2623 734 2781 790 palatii
2807 745 2891 780 nec

1547 804 1637 834 non
1665 790 1789 834 urbis
1858 802 1983 833 omae
2014 792 2060 833 et
2086 792 2319 846 magistros
2349 791 2597 833 litterarum
2624 803 2706 846 pro
2737 802 2890 836 neces·

1548 847 1677 891 sariis
1706 846 1879 890 artibus
1920 850 1964 889 et
1999 845 2254 891 liberalibus
2284 845 2529 901 disciplinis
2565 858 2650 890 nec
2679 858 2770 890 non
2795 846 2891 912 pic-

1547 907 1674 946 turae
1715 902 2013 958 professores,
2054 901 2093 946 si
2132 903 2261 946 modo
2300 902 2481 958 ingenui
2519 905 2644 956 sunt,
2681 903 2892 959 hospitali

1546 958 1749 1003 molestia
1809 957 1926 1002 uoad
1953 958 2099 1001 vivent
2126 957 2305 1002 liberari
2331 957 2642 1015 praecipimus.
2681 957 2736 1002 D.
2768 970 2896 1004 XIIII

1547 1014 1589 1057 lc.
1624 1014 1744 1097 Sept.
1826 1014 1938 1058 ierio
1969 1019 2014 1058 et
2040 1013 2297 1058 Ardaburio
2329 1027 2473 1058 conss.
2702 1019 2757 1067 [a.
2789 1018 2889 1068 427]

1605 1068 1635 1117 9
1690 1069 1834 1113 ‘'Idem
1849 1070 1941 1113 AA.
1962 1069 2108 1114 Nomo
2134 1070 2352 1127 maqistro
2378 1069 2651 1127 officiorum.
2713 1070 2890 1122 Omnes,

1548 1127 1624 1183 qui
1652 1128 1815 1169 metata
1850 1126 1898 1169 in
1937 1125 2029 1169 suis
2060 1125 2260 1169 domibus
2290 1129 2543 1182 praestant,
2576 1126 2666 1170 sive
2696 1126 2892 1183 hospitia

1546 1182 1832 1239 praebuerint
1860 1182 2151 1226 metatoribus
2190 1193 2269 1225 seu
2299 1182 2496 1238 quolibet
2524 1186 2657 1239 pacto
2690 1182 2798 1227 satis
2827 1182 2891 1228 eis

1547 1239 1747 1288 fecerint,
1777 1238 1945 1281 nullam
1966 1238 2035 1281 vel
2063 1237 2290 1294 pensionis
2320 1238 2389 1282 vel
2418 1238 2705 1282 discussionis
2736 1237 2892 1284 domus

1550 1298 1569 1339 1
1630 1294 1773 1350 gratia
1800 1293 2049 1338 molestiam
2078 1293 2296 1338 sustinere
2327 1298 2554 1348 cogantur.
2614 1293 2785 1338 Deinde
2813 1306 2891 1339 ne-

1547 1351 1708 1394 minem
1749 1350 1953 1394 volumus
1999 1349 2232 1393 cuiuslibet
2274 1349 2361 1394 loci
2398 1351 2468 1394 vel
2512 1350 2679 1395 ordinis
2723 1350 2771 1394 in
2807 1350 2894 1396 1100

1545 1404 1859 1451 florentissima
1886 1406 1998 1450 urbe
2028 1405 2205 1449 domum
2264 1405 2459 1461 ropriam
2489 1409 2774 1451 excusantem
2801 1416 2892 1451 me·
2943 1414 2947 1415 ’

1547 1466 1692 1506 10111111
1736 1462 1820 1506 01111
1865 1461 1913 1506 111
1961 1461 2116 1506 01101110
2169 1474 2223 1506 00
2255 1462 2354 1506 ibus
2368 1462 2404 1488 ¹⁹
2444 1462 2670 1519 privilegio
2713 1462 2894 1508 militiae

1548 1518 1782 1562 vindicare.
1843 1518 1962 1573 quod
2002 1522 2049 1561 et
2082 1518 2129 1561 in
2167 1517 2403 1574 provinciis
2441 1519 2666 1563 observari
2703 1532 2728 1563 o
2763 1522 2891 1564 ortet.

1551 1577 1575 1618 2
1634 1574 1801 1619 Ceteris
1830 1586 1948 1628 vero,
1990 1574 2150 1630 quibus
2185 1574 2369 1617 illustris
2409 1573 2598 1630 dignitas
2635 1575 2770 1619 01111“ο
2799 1575 2892 1620 cin-

1547 1630 1649 1686 gulo
1679 1630 1749 1675 vel
1779 1630 1891 1675 citra
1932 1630 2155 1686 cingulum
2192 1643 2273 1686 pro
2306 1630 2401 1674 solo
2431 1631 2601 1676 honore
2636 1631 2784 1676 delata
2811 1635 2893 1687 est,
2937 1634 2938 1637 ’

1549 1685 1904 1731 excusandarum
1935 1687 2110 1730 aedium
2138 1686 2363 1730 licentiam
2401 1687 2579 1742 penitus
2609 1686 2891 1743 denegamus.

1551 1747 1574 1786 3
1632 1743 1730 1787 Hoc
1753 1742 1863 1786 iuris
1886 1743 1933 1786 in
1955 1743 2023 1786 his
2050 1743 2180 1786 etiam
2205 1743 2500 1799 praecipimus
2518 1743 2757 1798 observari,
2781 1756 2894 1799 quos

1548 1798 1649 1855 ipsa
1727 1798 1874 1843 uidem
1926 1798 2318 1843 administrationis
2373 1799 2573 1843 condicio
2629 1800 2895 1856 spectabiles

1549 1854 1684 1907 novit,
1748 1867 1859 1899 onor
1887 1858 2036 1899 tamen
2064 1854 2240 1899 additus
2266 1868 2295 1899 a
2314 1859 2470 1899 nostra
2497 1855 2764 1901 liberalitate
2792 1856 2892 1901 red-

1549 1915 1578 1955 4
1635 1910 1699 1954 dit
1726 1911 1934 1956 illustres.
1981 1911 2167 1955 Scituris
2191 1911 2408 1964 omnibus,
2440 1911 2558 1967 quod
2581 1913 2619 1955 si
2648 1912 2763 1968 quis,
2793 1925 2893 1958 cum

1552 1966 1725 2022 cingulo
1756 1966 2012 2022 perfruatur
2041 1971 2086 2011 et
2115 1967 2445 2012 excusationem
2472 1967 2537 2010 ita
2574 1968 2784 2024 propriae
2813 1968 2892 2013 do-

1549 2035 1648 2067 mus
1676 2023 1990 2079 impetraverit,
2021 2028 2072 2066 ut
2100 2035 2128 2067 a
2157 2024 2370 2079 pensione
2398 2023 2529 2067 etiam
2558 2025 2774 2079 portionis
2801 2027 2894 2069 ter-

1551 2078 1640 2122 tiae
1668 2078 1724 2123 sit
1752 2079 1969 2131 immunis,
2001 2083 2044 2123 et
2072 2079 2255 2123 militiae
2281 2091 2420 2123 causa
2443 2083 2657 2124 metatum
2675 2081 2723 2124 in
2738 2080 2894 2126 alienis

1552 2134 1754 2179 domibus
1770 2135 1856 2178 sibi
1873 2135 2107 2179 crediderit
2121 2135 2446 2188 vindicandum,
2477 2135 2515 2179 si
2533 2135 2710 2200 quidem
2723 2135 2895 2182 honore

1551 2190 1781 2290 praeditus
1797 2191 2096 2235 excusationis
2110 2191 2181 2235 ius
2206 2191 2384 2239 habeat,
2416 2191 2585 2234 carebit
2602 2191 2747 2246 legum
2760 2191 2898 2248 privi-

1571 2246 1698 2302 egiis,
1728 2258 1839 2302 quas
1868 2246 2080 2290 fraudare
2111 2250 2296 2291 conatus
2337 2248 2425 2290 est:
2467 2246 2506 2290 si
2532 2258 2636 2291 vero
2673 2247 2790 2292 inter
2819 2260 2895 2293 eos

1553 2302 1712 2358 quibus
1742 2302 1864 2346 nulla
1893 2302 2164 2356 suffragatur
2191 2302 2380 2358 dignitas
2411 2305 2679 2356 numeretur,
2718 2307 2896 2349 centum

1551 2358 1766 2402 librarum
1782 2357 1880 2402 auri
1894 2357 2205 2402 sacratissimis
2230 2358 2540 2414 largitionibus
2563 2359 2895 2415 pendendamm

1551 2414 1748 2458 illatione
1775 2414 2053 2459 multabitur.
2111 2412 2167 2459 D.
2199 2426 2315 2458 XVII
2339 2413 2383 2458 lc.
2415 2413 2544 2459 Febr.
2578 2413 2894 2462 Constantino-

1549 2470 1649 2527 poli
1680 2469 1931 2515 Theodosio
1961 2471 2013 2514 Α.
2045 2481 2184 2514 xVJJJ
2209 2483 2329 2515 cons,
2703 2476 2760 2525 [a.
2791 2476 2892 2526 444]

1613 2524 1675 2574 10
1709 2525 1858 2584 Impp.
1900 2525 2242 2570 Valentinianus
2279 2532 2325 2571 et
2352 2525 2618 2573 Marcianus
2645 2529 2726 2573 ΑΑ
2729 2562 2850 2573 .....
2855 2529 2893 2558 ²¹

1552 2582 1770 2640 maqistro
1802 2582 2074 2640 officioram.
2118 2582 2216 2627 Hac
2245 2582 2340 2639 lege
2371 2584 2608 2640 sancimus,
2639 2587 2703 2637 ut,
2734 2585 2771 2630 si
2795 2585 2894 2641 quis

1554 2638 1832 2682 consularem
1870 2642 1916 2682 et
1955 2637 2190 2694 patriciam
2225 2639 2436 2684 meruerit
2480 2640 2760 2697 dignitatem,
2802 2647 2893 2687 tres

1554 2694 1705 2739 domos
1734 2695 1938 2750 proprias
1959 2735 1962 2739 ,
1980 2694 2084 2738 dum
2113 2707 2165 2738 su
2200 2699 2317 2739 erest
2353 2695 2521 2740 habeat
2559 2697 2785 2753 hospitum
2811 2697 2894 2742 im-

1551 2751 1767 2794 munitate
1796 2763 2002 2805 securas,
2044 2751 2147 2794 here
2178 2763 2226 2794 es
2254 2763 2358 2795 vero
2400 2751 2495 2796 eius
2534 2752 2614 2796 filii
2649 2756 2730 2797 aut
2766 2757 2896 2810 pater

1553 2811 1632 2851 aut
1658 2811 1799 2850 mater
1820 2811 2004 2862 nepotes
2027 2810 2106 2851 aut
2132 2806 2272 2851 frater
2294 2811 2373 2851 aut
2392 2820 2520 2852 soror
2541 2813 2620 2853 aut
2643 2822 2756 2854 uxor
2785 2809 2893 2854 (1110-

1557 2867 1576 2907 1
1635 2875 1734 2906 rum
1765 2862 1994 2907 domorum
2021 2874 2204 2907 suarum
2232 2864 2520 2908 excusatione
2549 2865 2790 2920 potiantur.
2847 2865 2895 2910 Si

1581 2918 1651 2963 uis
1667 2931 1770 2963 vero
1796 2919 2031 2963 consulatu
2045 2919 2349 2964 tantummodo
2368 2920 2595 2976 gloriatur,
2625 2921 2736 2965 duas
2762 2922 2894 2967 semis

1583 2987 1707 3019 omos
1747 2988 1850 3019 suas
1885 2975 2101 3020 immunes
2139 2975 2329 3019 habeat:
2372 2980 2477 3032 post
2518 2976 2614 3020 fata
2649 2989 2753 3021 vero
2797 2977 2892 3022 eius

1551 3031 1780 3075 memorati
1807 3032 1989 3076 heredes
2019 3043 2154 3075 unam
2179 3031 2312 3075 semis
2342 3031 2518 3076 domum
2548 3045 2672 3077 suam
2699 3032 2895 3078 habeant

1553 3091 1578 3132 2
1635 3087 1767 3132 nullis
1797 3087 2001 3144 hospitiis
2028 3092 2377 3144 praegravatam.
2423 3087 2529 3132 Pari
2545 3089 2774 3145 privilegio
2791 3101 2893 3146 per-

1551 3142 1727 3188 fruatur
1756 3156 1856 3187 cum
1884 3144 2135 3188 memoratis
2165 3143 2428 3197 heredibus,
2467 3143 2544 3201 qui
2579 3145 2716 3190 solius
2753 3145 2892 3202 patri-

1553 3199 1648 3243 ciae
1686 3199 1912 3256 dignitatis
1951 3200 2045 3248 sine
2084 3200 2321 3245 consulatu
2356 3199 2594 3245 decoratur
2632 3201 2892 3257 insignibus.

1553 3260 1576 3300 3
1634 3255 1925 3300 Praefectorii
1967 3268 2071 3300 vero
2114 3268 2199 3300 nec
2240 3268 2334 3301 non
2377 3259 2423 3300 et
2464 3257 2664 3313 magistri
2705 3257 2893 3301 militum

1552 3312 1662 3356 duas
1692 3311 1848 3356 domus
1888 3324 1992 3356 suas
2019 3312 2215 3356 habeant
2252 3311 2401 3368 quoad
2427 3311 2614 3356 vixerint
2641 3313 2892 3369 hospitibus

1550 3369 1783 3413 liberatas:
1825 3368 2010 3413 heredes
2047 3379 2150 3413 vero
2189 3380 2342 3412 eorum
2375 3368 2607 3413 memorati
2644 3381 2776 3413 unam
2815 3369 2890 3414 de-

1551 3424 1734 3468 fendant
1777 3423 1953 3468 domum
1991 3437 2119 3470 suam
2164 3424 2297 3468 simili
2333 3424 2621 3469 excusatione
2662 3424 2889 3470 munitam.

1552 3485 1578 3524 4
1636 3480 1832 3536 Magistri
1845 3493 1949 3524 vero
1966 3479 2214 3525 officiorum
2227 3482 2297 3524 vel
2323 3485 2580 3537 quaestores
2603 3493 2736 3525 unam
2759 3481 2890 3526 semis

1552 3537 1729 3581 domum
1759 3547 1886 3581 suam
1915 3536 2061 3592 quoad
2081 3536 2272 3581 vixerint
2299 3537 2495 3581 habeant
2512 3537 2736 3593 hospitum
2757 3549 2892 3582 onere
2972 3535 2977 3554 ²

1551 3593 1804 3637 liberatam:
1846 3592 2032 3637 heredes
2067 3604 2171 3637 vero
2211 3605 2363 3637 eorum
2408 3592 2626 3649 praedicti
2663 3605 2795 3637 unam
2830 3593 2889 3638 ab

1554 3654 1576 3692 5
1635 3648 1881 3705 hospitibus
1897 3648 1995 3693 iure
2019 3648 2269 3693 defendant.
2325 3648 2517 3693 Comites
2545 3653 2692 3693 autem
2717 3649 2888 3694 domes-

1551 3705 1741 3749 ticorum
1778 3708 1823 3747 et
1859 3709 2160 3759 protectorum
2189 3708 2235 3748 et
2262 3717 2491 3749 sacrarum
2525 3705 2808 3762 largitionum
2845 3708 2891 3749 et

1551 3762 1820 3817 privatarum
1850 3763 1895 3803 et
1923 3761 1988 3804 vir
2017 3761 2270 3817 spectabilis
2309 3761 2585 3816 primicerius
2613 3761 2888 3806 notariorum

1552 3817 1747 3872 singulas
1790 3816 1945 3860 domus
1985 3829 2088 3861 suas
2128 3817 2184 3860 ab
2223 3817 2449 3873 hospitum
2486 3817 2739 3872 gravamine
2783 3817 2889 3860 dum

1551 3873 1703 3917 vivunt
1737 3873 1960 3928 gaudeant
1989 3885 2087 3918 esse
2123 3885 2325 3917 securas:
2363 3873 2592 3917 memorati
2619 3885 2723 3918 vero
2760 3872 2887 3917 here·

1554 3929 1631 3973 des
1660 3941 1811 3973 eorum
1839 3929 2026 3972 mediam
2053 3933 2222 3985 partem
2251 3928 2384 3972 unius
2425 3928 2580 3973 domus
2609 3941 2716 3973 suae
2744 3929 2889 3974 sciant

1554 3984 1839 4029 excusatione
1881 3985 2065 4036 muniri,
2108 3985 2313 4029 residuae
2350 3997 2452 4028 vero
2500 3984 2704 4029 dimidiae
2745 3983 2886 4040 partis

1554 4041 1730 4084 tertiam
1767 4041 2014 4096 portionem
2051 4040 2300 4095 hospitibus
2339 4040 2637 4096 deputandam
2675 4051 2772 4085 esse
2811 4051 2885 4083 00-

1558 4101 1582 4141 6
1639 4100 1866 4154 gnoscant.
1935 4097 1982 4141 Si
2021 4095 2096 4153 qui
2125 4097 2318 4141 illustres
2355 4096 2613 4141 honorarias
2652 4094 2886 4152 dignitates

1558 4164 1853 4208 quascumque
1894 4153 1987 4196 sine
2025 4156 2129 4196 actu
2167 4153 2351 4197 caelitus
2389 4153 2449 4195 im
2485 4153 2705 4204 etrarunt,
2744 4162 2884 4206 aequo

1556 4209 1703 4253 animo
1730 4220 1835 4252 01100
1867 4208 2020 4252 (10111110
2049 4208 2298 4264 hospitibus
2326 4213 2430 4265 post
2490 4221 2573 4252 auc
2608 4207 2746 4263 legem
2774 4217 2885 4262 pan-
2932 4272 2933 4275 Ἴ

1552 4353 1590 4400 7,
1623 4359 1657 4402 s,
1688 4358 1747 4391 12:
1780 4349 1896 4402 iunye
1929 4350 2001 4391 Th.
2035 4352 2073 4400 6,
2105 4359 2164 4399 29,
2195 4358 2243 4391 11.
2276 4353 2314 4398 7,
2332 4358 2365 4399 4,
2382 4358 2425 4392 30
2511 4350 2582 4400 (14)
2612 4347 2762 4388 africae
2794 4348 2884 4401 Th„

1034 4401 1089 4451 (4)
1118 4421 1173 4436 ==
1207 4403 1277 4443 Th.
1310 4406 1347 4454 7,
1380 4415 1414 4454 8,
1445 4414 1467 4447 4
1552 4421 1623 4446 om.
1658 4405 1762 4454 libri,
1793 4407 1911 4456 quasi
1935 4421 2037 4458 pars
2067 4415 2166 4447 esset
2194 4406 2464 4458 inscriptionis
2540 4403 2614 4457 (15)
2645 4415 2720 4444 nee
2747 4404 2883 4456 priva-

2046 4461 2121 4512 (16)
2151 4480 2205 4496 =
2242 4461 2311 4501 Th.
2343 4463 2383 4511 7,
2415 4469 2449 4510 s,
2480 4468 2519 4501 1³
2618 4458 2692 4511 (17)
2723 4479 2778 4495 ==
2807 4459 2882 4502 Th.

1556 4518 1618 4562 13.
1650 4525 1683 4563 3,
1713 4523 1754 4557 18
1842 4516 1915 4566 (18)
1945 4536 1999 4552 ε-
2029 4517 2133 4558 Νου.
2167 4516 2313 4557 Theod.
2333 4517 2383 4557 25
2471 4514 2547 4567 (19)
2577 4513 2763 4555 domibus
2777 4514 2881 4556 Νου.

1552 4572 1635 4622 (2ο)
1665 4582 1757 4611 011111
1788 4570 1891 4612 Νου.
1977 4571 2051 4621 (21)
2082 4583 2141 4611 aa.
2173 4570 2350 4621 vingolo
2385 4571 2455 4621 0⁶,
2486 4582 2546 4610 aa.
2576 4569 2726 4610 vincl’o
2761 4568 2817 4612 θ’
