3138 4776
203 204 231 217 ⁴„

232 197 250 207 ,μ

232 187 276 285 u
315 218 516 271 51-53

253 365 344 412 PP.
390 375 459 408 111
498 375 601 407 non.
644 360 747 406 Dec.
792 355 1057 403 Alexandro
1100 360 1150 404 A.
1199 368 1244 401 11
1282 360 1327 400 et
1366 352 1584 398 Marcello

255 433 396 467 conss.
1397 413 1453 462 [a.
1486 411 1583 460 226]

308 474 340 522 2
371 472 514 536 Impp.
545 469 853 515 Diocletianus
889 471 935 511 et
962 465 1272 512 Maximianus
1299 463 1390 508 AA.
1430 468 1476 508 et
1506 462 1583 508 CC.

253 528 538 586 Quintiliano.
603 524 680 575 Ei,
726 535 840 578 quae
883 522 1126 581 diutissime
1164 523 1248 565 fuit
1292 532 1391 563 cum
1428 519 1586 564 marito

255 587 328 643 qui
367 583 542 627 militiae
571 591 750 634 operam
792 577 940 629 daret,
985 591 1074 622 non
1115 577 1255 623 officit
1296 575 1585 630 praescriptio

253 641 370 696 longi
407 635 636 692 temporis:
678 632 754 677 sed
794 633 895 687 quia
925 633 1174 677 huiusmodi
1205 631 1399 675 diutinae
1429 631 1586 674 absen-

253 698 341 742 tiae
379 696 620 738 commenta
663 687 821 731 callide
849 687 1047 731 adhibita
1075 694 1207 753 atque
1237 686 1480 742 composita
1507 687 1587 730 ob-

256 765 350 797 esse
392 747 564 792 omnino
607 750 713 787 non'
740 743 923 793 debent,
968 743 1266 795 decernimus,
1306 747 1378 796 ut,
1418 742 1456 786 si
1486 742 1587 786 talis

253 806 406 851 mulier
435 804 608 846 domum
637 799 692 842 ad
723 811 770 842 se
799 798 1018 854 pertinere
1046 797 1369 852 monstraverit,
1401 810 1514 854 quae
1542 799 1588 841 in

253 860 452 906 absentia
494 857 587 900 eius
631 854 807 899 vendita
850 858 936 907 est,
978 853 1128 897 refuso
1173 854 1338 909 pretio,
1383 854 1501 910 quod
1539 866 1589 897 re

252 929 353 961 vera
381 914 570 958 solutum
600 914 680 964 est,
710 909 894 954 eandem
922 909 1122 965 recipiat.
1181 908 1237 953 D.
1276 920 1373 953 VH!
1407 909 1451 953 lc.
1481 908 1586 953 Deo.

252 972 362 1030 ipsis
389 970 479 1014 AA.
511 980 655 1012 conss.
1194 969 1249 1022 [a.
1282 970 1362 1012 290
1388 966 1460 1011 vel
1490 968 1587 1017 293]

760 1080 851 1128 LII
888 1081 1077 1141 (LIII).¹

250 1167 327 1208 DE
357 1162 712 1206 TEMPORIBUS
741 1162 804 1203 IN
835 1162 1133 1203 INTEGRUM
1162 1161 1589 1204 RESTITUTIONIS

250 1222 366 1264 TAM
378 1219 641 1261 MINORUM
653 1218 1024 1264 ALIARUMQUE
1039 1218 1429 1267 PERSONARUM,
1439 1218 1591 1264 QUAE

250 1275 508 1318 RESTITUI
543 1274 814 1326 POSSUNT‚
854 1273 1014 1320 QUAM
1051 1274 1336 1314 HEREDUM
1382 1273 1590 1315 EORUM.

307 1357 331 1406 1
369 1356 481 1415 Imp.
501 1354 760 1400 Gordianus
772 1355 824 1400 A.
842 1354 1037 1399 Pudenti
1053 1354 1194 1399 militi.
1242 1354 1294 1397 In
1314 1355 1396 1407 his,
1422 1355 1469 1398 in
1494 1354 1590 1410 qui-

250 1416 333 1460 bus
357 1414 504 1457 laesus
530 1425 591 1465 es,
622 1425 722 1455 cum
746 1411 888 1455 minor
911 1411 1038 1454 annis
1062 1410 1214 1466 viginti
1236 1412 1426 1466 quinque
1455 1423 1590 1463 esses,

249 1476 343 1515 toto
380 1468 580 1512 militaris
617 1467 907 1524 expeditionis
945 1471 1142 1523 tempore
1171 1467 1382 1509 auxilium
1411 1467 1590 1510 restitu-

249 1525 379 1570 tionis
409 1524 635 1580 postulare
663 1528 814 1579 potes:
845 1526 1018 1577 tempus
1048 1522 1208 1565 etenim
1237 1527 1340 1578 post
1367 1522 1592 1578 impletam

249 1582 459 1626 minorem
487 1585 678 1623 aetatem
706 1579 1018 1635 praestitutum
1047 1590 1102 1622 ex
1128 1578 1198 1621 die
1222 1577 1442 1622 missionis
1466 1578 1592 1622 iuxta

250 1638 464 1682 rationem
501 1636 610 1679 iuris
650 1634 899 1691 computari
935 1634 1077 1678 debet.
1134 1632 1229 1678 PP.
1262 1645 1331 1678 111
1357 1647 1462 1678 non.
1497 1633 1590 1679 Oct.

251 1692 337 1738 Pio
367 1699 411 1737 et
440 1691 667 1736 Pontiano
697 1704 842 1735 conss.
1403 1694 1459 1742 [a.
1491 1691 1597 1742 238]

307 1746 339 1795 2
380 1747 505 1792 Idem
543 1748 593 1792 A.
626 1746 883 1792 Secundino
921 1745 1064 1790 militi.
1133 1745 1181 1790 Si
1208 1745 1328 1790 intra
1355 1745 1593 1802 legitimam

251 1810 438 1850 aetatem
481 1803 573 1856 vel,
617 1815 671 1847 ea
712 1803 915 1859 impleta,
960 1801 1156 1846 nondum
1195 1807 1352 1847 exacto
1395 1808 1592 1858 tempore

283 1860 515 1906 raestituto
559 1864 686 1915 pater
728 1861 834 1903 tuus
878 1859 924 1902 in
964 1858 1059 1901 fata
1103 1858 1325 1902 concessit
1372 1860 1511 1914 tuque
1552 1857 1594 1902 ei

250 1876 378 1963 fleres
407 1915 590 1960 extitisti
620 1919 663 1959 et
690 1914 808 1958 intra
836 1914 990 1970 viginti
1018 1914 1210 1970 quinque
1234 1927 1375 1958 annos
1401 1914 1467 1959 vel
1490 1918 1594 1970 post

251 1987 348 2018 eam
385 1978 574 2016 aetatem
609 1971 727 2014 intra
755 1970 801 2014 id
829 1975 1024 2025 tempus,
1066 1970 1185 2026 quod
1215 1970 1272 2013 ad
1299 1970 1347 2013 in
1375 1971 1594 2024 integrum

251 2029 574 2074 restitutionem
603 2027 812 2071 defuncto
843 2030 1086 2082 supererat,
1120 2039 1280 2070 nomen
1308 2027 1488 2069 militiae
1518 2026 1591 2070 de-

252 2085 377 2138 disti,
421 2096 600 2140 praeses
641 2082 896 2148 provinciae
941 2095 1077 2126 causa
1116 2083 1290 2137 cognita
1323 2095 1407 2148 per
1444 2082 1491 2125 in
1526 2083 1590 2124 in-

251 2147 422 2197 tegrum
462 2139 782 2183 restitutionem
818 2150 872 2182 ex
943 2150 1101 2182 ersona
1137 2138 1336 2182 defuncti
1370 2138 1595 2182 subveniri

250 2197 332 2241 tibi
374 2195 632 2252 providebit.
706 2193 762 2238 D.
803 2205 863 2237 11
935 2227 944 2238 .
991 2194 1105 2238 Nov.
1150 2192 1238 2237 Pio
1283 2199 1328 2238 et
1364 2193 1593 2238 Pontiano

255 2265 397 2298 conss.
1406 2254 1462 2302 [a.
1495 2252 1592 2301 238]

309 2305 340 2356 3
375 2305 530 2351 ¹'Idem
552 2306 604 2350 A.
621 2304 865 2349 Muciano²
892 2304 1033 2349 militi.
1092 2305 1139 2349 Si
1167 2305 1285 2349 intra
1314 2318 1468 2358 annos,
1498 2305 1594 2360 qui-

252 2366 335 2410 bus
378 2363 425 2407 in
466 2363 681 2418 integrum
723 2361 1019 2406 restitutionis
1067 2362 1280 2405 auxilium
1331 2361 1594 2416 indulgetur,

255 2419 520 2465 constitutus
561 2430 607 2462 es
646 2417 712 2460 vel
752 2430 803 2461 eo
843 2422 1040 2472 tempore
1087 2430 1247 2461 nomen
1292 2417 1474 2460 militiae
1519 2416 1594 2460 de-

255 2475 358 2520 disti
387 2480 431 2519 et
460 2474 739 2529 expeditione
770 2478 1015 2528 occupatus
1045 2485 1105 2525 es,
1137 2473 1442 2517 continuatum
1460 2474 1594 2516 bene-

253 2531 402 2576 ficium
430 2529 718 2574 restitutionis
749 2541 829 2584 per
857 2529 1185 2583 usucapionem,
1217 2529 1322 2572 licet
1351 2533 1453 2572 ante
1482 2528 1594 2571 mili-

254 2588 361 2631 tiam
389 2586 592 2642 suppleta
622 2586 701 2638 sit,
730 2598 820 2629 non
848 2585 1016 2640 patitur
1045 2590 1089 2628 te
1119 2585 1346 2642 dispendio
1377 2585 1440 2628 rei
1469 2583 1595 2627 fami-

254 2643 375 2688 liaris
415 2642 574 2698 adfligi.
641 2640 698 2685 D.
737 2641 881 2684 V1111³
925 2639 968 2685 lc.
1000 2640 1113 2686 Nov.
1153 2640 1240 2685 Pio
1279 2646 1325 2685 et
1366 2640 1594 2740 Pontiango

256 2712 398 2744 conss.
1420 2710 1461 2740 a.
1497 2700 1550 2740 23

314 2752 346 2799 4
377 2751 522 2816 Impp.
552 2751 863 2796 Diocletianus
901 2755 947 2796 et
972 2749 1285 2796 Maximianus
1311 2700 1418 2795 AA.[
1442 2757 1486 2796 et
1516 2699 1594 2796 00].

257 2808 492 2865 Dionysio.
550 2808 622 2850 Ex
649 2820 840 2862 persona
868 2807 1066 2858 fratrum,
1106 2807 1143 2850 si
1171 2807 1252 2850 tibi
1280 2819 1432 2850 eorum
1462 2820 1595 2862 quae·

259 2863 346 2908 sita
399 2863 620 2906 successio
673 2867 763 2914 est,
818 2868 944 2917 potes
1000 2867 1154 2905 contra
1198 2875 1327 2918 quem
1371 2863 1596 2917 supplicas

260 2929 411 2984 agere,
456 2931 545 2961 non
581 2918 812 2972 ignorans,
854 2917 991 2972 quod,
1037 2917 1076 2960 si
1111 2918 1300 2961 minores
1332 2918 1524 2973 quinque
1553 2922 1598 2960 et

260 2973 413 3028 viginti
449 2973 574 3016 annis
613 2973 908 3016 militaverunt
946 2972 1106 3016 fratres
1145 2973 1212 3015 tui
1251 2978 1382 3028 atque
1410 2974 1456 3015 in
1484 2973 1597 3016 mili-

260 3030 324 3073 tia
367 3028 479 3072 diem
521 3028 661 3072 functi
700 3034 826 3081 sunt,
868 3029 914 3071 in
952 3029 1169 3084 integrum
1204 3029 1495 3072 restitutionis
1534 3029 1596 3072 eis

259 3089 434 3140 tempus
462 3097 551 3128 non
575 3085 768 3137 cesserit,
796 3083 873 3127 sed
898 3097 1024 3128 omne
1048 3084 1105 3127 ad
1128 3097 1429 3128 successorem
1452 3090 1597 3127 trans-

261 3141 469 3184 miserint.
503 3139 548 3183 S.
567 3138 957 3183 Vllllc.lan.Pltili
984 3153 1048 3198 po
1085 3140 1148 3183 oli
1158 3139 1234 3183 CC.
1249 3142 1415 3183 conss.⁴
1432 3143 1595 3193 [α.294]

317 3194 346 3242 5
389 3194 522 3253 ⁶Imp.
566 3194 886 3239 Constantinus
923 3155 986 3239 s
1006 3154 1079 3238 abJ
1095 3194 1304 3239 Bassum.
1370 3195 1454 3248 Ea,
1485 3209 1599 3251 quae

261 3252 316 3297 de
365 3251 634 3306 temporibus
685 3251 731 3294 in
781 3251 999 3305 integrum
1050 3252 1377 3295 restitutionum
1428 3252 1598 3307 legibus

262 3311 394 3352 cauta
422 3312 536 3360 sunt,
567 3306 777 3350 custodiri
808 3307 1021 3360 convenit,
1053 3311 1097 3350 et
1125 3307 1164 3350 si
1193 3306 1307 3350 forte
1336 3308 1435 3363 quis
1464 3308 1598 3351 bene-

261 3363 362 3407 ficio
391 3368 543 3406 nostro
573 3362 731 3406 aetatis
761 3363 931 3406 veniam
960 3363 1095 3406 fuerit
1134 3369 1420 3415 consecutus,
1462 3376 1516 3407 ex
1546 3377 1598 3408 eo

263 3419 356 3471 die,
411 3431 497 3474 quo
539 3418 810 3473 indulgentia
852 3422 1004 3462 nostra
1042 3419 1087 3461 in
1127 3418 1288 3462 iudicio
1334 3419 1600 3474 competenti

262 3473 398 3518 fuerit
434 3473 635 3516 intimata
671 3474 795 3528 eique
823 3473 1140 3517 administratio
1170 3475 1234 3518 rei
1262 3476 1468 3530 propriae
1497 3489 1599 3531 per-

263 3529 398 3573 missa
409 3530 439 3583 ⁰,
478 3532 530 3572 ut
567 3529 623 3572 ad
659 3530 981 3584 persequendas
1019 3531 1064 3572 in
1102 3530 1318 3585 integrum
1354 3531 1597 3576 restitutio-

264 3586 396 3628 num⁷
426 3584 726 3640 finiendasque
755 3598 914 3629 causas
941 3586 1064 3629 iure⁸
1091 3590 1264 3641 tempus
1288 3587 1453 3631 habeat
1474 3600 1599 3653 prae·

265 3640 488 3693 stitutum,
526 3641 589 3684 ita
626 3645 797 3692 tamen,
834 3646 884 3684 ut
912 3655 1149 3697 numquam
1176 3642 1418 3687 minoribus
1447 3643 1599 3698 viginti

265 3696 456 3752 quinque
499 3696 624 3740 annis
670 3696 921 3740 constitutis
965 3696 1018 3740 de
1060 3697 1151 3751 his,
1204 3711 1318 3753 quae
1370 3703 1474 3742 ante
1516 3700 1597 3742 im-

265 3757 482 3807 petratam
518 3752 688 3796 veniam
725 3753 881 3795 aetatis
920 3757 1163 3808 gesserunt,
1202 3754 1412 3798 auxilium
1446 3755 1494 3798 in
1529 3756 1596 3798 in-

270 3812 286 3850 1
346 3812 517 3862 tegrum
553 3808 844 3852 restitutionis
880 3808 1126 3864 denegetur.
1194 3809 1241 3854 Si
1276 3811 1453 3866 quando
1493 3822 1600 3855 sane

264 3864 309 3906 in
358 3863 537 3908 minoris
586 3864 686 3907 iura
748 3864 1010 3908 successerit
1054 3864 1215 3917 minor,
1269 3867 1445 3910 minime
1496 3880 1598 3923 pro-

264 3919 487 3972 hibeatur,
532 3932 632 3963 cum
676 3919 874 3975 quintum
911 3924 956 3964 et
997 3920 1247 3965 vicesimum
1291 3923 1450 3966 aetatis
1493 3935 1600 3966 suae

266 3987 429 4019 annum
466 3975 714 4027 transierit,
753 3976 799 4018 in
827 3976 1042 4030 integrum
1070 3978 1358 4022 restitutionis
1387 3978 1600 4023 beneficio

267 4033 291 4073 2
348 4030 415 4073 1111
441 4034 637 4086 tempore
665 4031 847 4075 illibato.
914 4031 1041 4086 Quod
1077 4032 1115 4075 si
1152 4034 1329 4078 maioris
1358 4034 1493 4078 fuerit
1519 4035 1598 4077 mi-

265 4098 349 4129 nor
381 4085 480 4129 iura
517 4092 697 4141 nactus,
738 4090 949 4143 quantum
988 4087 1045 4130 ad
1082 4100 1155 4131 eas
1192 4091 1384 4144 pertinet
1427 4103 1600 4143 causas,

267 4153 376 4198 quas
412 4154 466 4187 ex
498 4155 689 4199 persona
725 4143 902 4187 maioris
938 4142 1073 4187 fuerit
1103 4149 1391 4200 consecutus,
1428 4150 1600 4190 tantum

268 4282 319 4332 (ι)
349 4281 392 4322 Β
411 4282 532 4333 10,34
620 4283 682 4333 (s)
713 4284 831 4337 {unqe
860 4285 899 4335 3,
915 4291 1011 4335 32,4
1105 4284 1159 4335 (2)
1187 4286 1389 4328 muniano
1418 4289 1458 4337 3,
1487 4296 1547 4339 32,
1577 4297 1599 4330 4

268 4339 322 4388 (3)
350 4349 417 4377 111
434 4339 472 4388 3,
486 4345 544 4388 32,
560 4346 580 4379 4
652 4340 705 4389 (4)
719 4339 759 4378 k.
776 4339 870 4380 Iun.
887 4340 974 4381 AA.
990 4351 1119 4379 conss.
1136 4342 1207 4391 (τι
1222 4357 1260 4385 α,
1278 4346 1363 4394 293)
1381 4343 1599 4384 Mommsen

269 4394 323 4443 (5)
350 4412 407 4429 ==
440 4391 511 4434 Th.
540 4394 580 4444 2,
610 4401 663 4441 16,
695 4402 716 4435 2
829 4396 883 4447 (6)
913 4398 1089 4435 reserata
1104 4396 1175 4436 Th.
1290 4399 1341 4449 (7)
1372 4399 1599 4440 restitutio-

271 4459 341 4487 nes
370 4449 460 4489 dete.
491 4465 574 4489 cum
609 4449 679 4489 le.
712 4458 850 4491 contra
873 4451 915 4491 B
1017 4452 1072 4502 (8)
1101 4451 1197 4503 iuge
1225 4453 1313 4503 Th„
1343 4454 1601 4508 νομίμωςΒ

273 4504 327 4551 (9)
355 4504 413 4543 sic
444 4502 545 4544 CMv
575 4519 659 4545 cum
690 4504 747 4554 B,
776 4505 1054 4547 restitutiones
1084 4506 1234 4548 Male.
1405 4511 1479 4562 (ιο)
1509 4522 1601 4551 011111

273 4560 382 4596 oreta
410 4559 535 4599 suerit
563 4559 628 4600 vel
657 4559 769 4599 adita
802 4561 871 4601 Th.
986 4563 1055 4613 (11)
1085 4561 1123 4602 d.
1140 4574 1205 4602 vn
1234 4563 1274 4604 k.
1305 4567 1411 4618 Aug.
1442 4565 1600 4606 Naisso.

273 4621 342 4703 3⁴13.
356 4611 518 4674 ‘Romae
547 4627 642 4655 non.
673 4616 760 4656 Oct.
797 4614 868 4656 le.
1018 4619 1092 4667 (12)
1125 4617 1397 4661 Constantino
1427 4624 1474 4662 A.
1504 4634 1532 4660 v
1563 4623 1604 4661 et

315 4676 439 4706 1011110
470 4668 513 4707 C.
556 4682 680 4709 conss.
720 4672 791 4722 (-
819 4686 857 4712 a.
889 4674 971 4724 ³1⁹)
1011 4687 1088 4714 scr.
1134 4683 1211 4714 tam
1252 4686 1421 4728 propter
1466 4678 1603 4727 Iocum,

1565 201 1683 259 ‘116

1717 0 1799 14 ····‘··
1821 0 2222 27 W
2288 0 2372 17 Ἣ-πσ
2462 0 2467 1 ’
2553 0 2629 10 -r

1668 353 1880 408 temporis
1925 353 1983 399 ad
2027 358 2306 414 exponendas
2353 357 2400 401 in
2437 355 2652 410 integrum
2687 355 3006 400 108111111101110ο
3079 358 3093 382 ²

1670 408 2019 475 decidendasque
2048 425 2203 458 causas
2233 414 2434 469 accipere
2464 411 2652 462 debebit,
2692 418 2900 467 quantum
2929 411 3004 457 de·
3068 423 3097 463 'i

1672 464 1839 517 functo,
1882 478 2007 510 cuius
2044 467 2170 514 heres
2211 475 2290 514 aut
2329 471 2543 512 bonorum
2573 479 2803 521 possessor
2830 466 3005 512 docebi-

1671 526 1694 563 3
1753 524 1827 563 1111·
1866 521 2084 576 extitisse,
2118 526 2335 582 reliquum
2371 525 2530 567 fuerat.
2598 521 2708 565 Cum
2737 534 2839 566 vero
2867 522 3008 566 maior
3059 538 3078 575 ,-

1671 575 1994 620 successionem
2030 577 2166 624 fuerit
2201 581 2385 636 adeptus
2416 576 2619 629 minoris,
2664 577 2704 620 si
2742 577 2916 633 quidem
2944 577 3006 627 ci·
3078 616 3082 621 .

1670 631 1746 674 vili
1781 631 1877 674 iure
1915 632 1972 675 ab
2010 633 2216 680 intestato
2254 636 2322 679 vel
2352 648 2405 678 ex
2439 637 2700 677 testamento
2731 632 3008 686 successerit,
3071 635 3074 638 ’

2119 223 2196 259 nn
2230 189 2575 259 mmonisus
2610 220 2668 258 m
2695 220 2812 260 mr.
2849 222 2998 262 nnsr.
3070 214 3075 254 ἱ

1672 700 1775 730 mox
1813 700 1913 730 cum
1940 687 2272 741 fueritvadita.¹⁰
2299 690 2532 739 hereditas,
2573 689 2610 732 si
2639 701 2741 732 vero
2771 688 3007 732 honorario
3079 728 3081 730 .

1673 743 1790 796 iure,
1821 755 1876 786 ex
1905 756 1991 798 quo
2021 744 2235 792 bonorum
2263 746 2483 804 possessio
2513 743 2648 787 fuerit
2677 757 2781 787 acce
2814 748 2874 798 ta,
2904 756 3007 791 exa.-
3060 754 3097 777 ·'

1674 798 1879 842 minando
1908 799 1955 842 in
1983 799 2198 857 integrum
2226 801 2516 846 restitutionis
2546 800 2718 856 negotio
2745 812 2794 843 so
2816 798 2887 842 'da
2915 799 3009 844 sine
3072 833 3081 852 ,

1674 854 1764 896 ulla
1793 853 2077 900 diminutione
2104 862 2303 914 tempora
2331 859 2638 914 supputentur.
2698 854 2752 899 D.
2783 867 2887 899 non.
2914 853 3008 901 Oct.
3070 855 3083 866 ”
3119 839 3123 875 1

1674 909 1891 1008 gazae?
1937 910 2227 958 Constantino
2279 915 2331 958 A.
2391 918 2436 958 et
2482 911 2656 956 Licinio
2714 910 2917 968 utrisque
2966 921 3014 955 11

2824 970 2880 1020 [a.
2912 968 3010 1018 312]
3084 984 3087 986 -
3123 937 3125 983 ἕ

1731 1018 1763 1067 6
1797 1019 1958 1064 ”Idem
1986 1021 2038 1065 Α.
2069 1022 2130 1066 ad
2158 1021 2386 1068 Iulianum
2406 1037 2488 1082 pu.
2555 1022 2777 1067 petendae
2814 1021 2863 1065 in
2899 1021 3012 1066 inte-
3086 1007 3127 1067 ÷.j{

1673 1089 1800 1132 grum
1838 1076 2129 1122 restitutionis
2166 1080 2438 1136 temporibus
2477 1078 2743 1130 observatis,
2784 1076 2820 1121 si
2859 1076 3011 1121 dilatio

1675 1133 1730 1175 ab
1770 1136 1920 1176 actore
1962 1138 2159 1188 petatur,
2201 1148 2315 1189 quae
2351 1136 2469 1178 intra
2506 1140 2645 1179 metas
2674 1132 2962 1177 restitutionis
2978 1133 3012 1159 ¹⁴
3094 1155 3095 1159 =
3123 1156 3127 1163 ·

1676 1189 1798 1231 valet
1842 1189 2001 1242 artari,
2047 1190 2229 1233 eandem
2280 1204 2553 1245 quocumque
2594 1190 2824 1245 flagitante
2867 1187 3012 1236 causis

1677 1243 1861 1299 cognitis
1900 1244 2035 1288 tribui
2072 1246 2306 1301 oportebit.
2372 1247 2441 1289 sin
2477 1259 2578 1290 vero
2618 1245 2832 1290 eiusmodi
2858 1245 3013 1301 postu-

1675 1301 1823 1343 lantur
1880 1300 2125 1351 curricula,
2183 1314 2295 1357 quae
2335 1302 2454 1345 intra
2499 1301 2690 1357 spatium
2703 1303 2737 1328 ¹⁵
2787 1304 3014 1357 receptum

1676 1356 1906 1410 angustari
1934 1369 2024 1399 non
2053 1362 2220 1410 queunt
2259 1357 2437 1412 (quippe
2473 1357 2511 1400 si
2545 1357 2592 1400 in
2621 1355 2808 1400 confinio
2836 1354 3015 1411 legitimi

1677 1412 1886 1467 temporis
1930 1417 2163 1468 petantur,
2208 1416 2252 1456 et
2294 1412 2389 1456 eius
2426 1412 2636 1455 terminos
2682 1412 3013 1468 prorogabunt),

1677 1467 1931 1511 dilationem
1967 1467 2147 1523 petitori
2185 1468 2392 1522 denegari
2421 1467 2670 1512 conveniet:
2704 1468 2750 1510 in
2778 1467 2872 1511 eius
2901 1467 3014 1566 eng?

2788 1522 2922 1566 etitae

1682 1585 1698 1623 l
1745 1579 1921 1624 lationis
1946 1592 2070 1623 mora
2093 1580 2238 1635 spatio
2262 1580 2496 1636 superstite
2517 1583 2669 1635 posset
2681 1579 2753 1623 inc
2771 1578 2858 1622 udi.
2891 1577 3016 1634 Quod

1678 1635 1716 1679 si
1758 1635 1955 1679 defensio
2000 1636 2065 1679 rei
2083 1636 2115 1662 ¹⁶
2153 1636 2373 1679 dilationis
2418 1634 2673 1691 suffragium
2690 1633 3016 1690 postulaverit,

1678 1692 1862 1735 eandem
1892 1691 2070 1735 adserta
2098 1704 2233 1735 causa
2263 1692 2375 1735 citra
2404 1691 2682 1735 obstaculum
2705 1689 2916 1747 temporis
2941 1688 3016 1734 de-

1676 1747 1784 1791 ferri
1827 1748 2069 1801 sancimus,
2115 1748 2217 1803 quia
2260 1760 2538 1803 nequaquam
2580 1747 2626 1790 in
2659 1747 2799 1802 ipsius
2835 1747 3019 1790 steterat

1677 1808 1909 1859 potestate,
1940 1803 2114 1859 quando
2140 1804 2276 1859 litigio
2298 1805 2566 1859 pulsaretur.
2611 1802 2705 1846 dari
2727 1802 2859 1858 igitur
2874 1801 3017 1855 debet,

1679 1859 1761 1903 etsi
1798 1859 2035 1914 impetrata
2073 1859 2284 1903 dimensio
2323 1872 2420 1903 sese
2459 1860 2578 1902 ultra
2614 1858 2826 1914 temporis
2865 1856 3017 1901 defini-

1679 1916 1890 1959 tionem¹⁷
1925 1915 2136 1971 proferat.
2205 1928 2292 1971 qua
2322 1915 2552 1967 dilatione,
2591 1914 2629 1959 si
2661 1927 2688 1957 a
2715 1927 2791 1958 reo
2809 1916 2844 1942 ¹⁸
2880 1914 3018 1970 impe-

1678 1975 1842 2023 tretur,
1888 1972 2020 2015 etiam
2062 1976 2187 2016 actor
2228 1972 2275 2014 in
2312 1970 2585 2027 requirendis
2603 1971 2637 1996 ¹⁹
2681 1969 3020 2026 probationibus

1679 2028 1746 2071 uti
1782 2027 1958 2071 minime
1996 2028 2265 2084 prohibetur.
2333 2026 2389 2071 D.
2421 2038 2548 2071 XIIII
2582 2024 2625 2070 lc.
2656 2028 2771 2083 Auq.
2801 2039 2886 2084 pp.
2925 2023 3019 2070 Ro-

1678 2098 1777 2127 mae
1798 2084 1859 2127 ad
1881 2090 2085 2128 senatum
2104 2082 2363 2128 Constantio
2379 2087 2423 2127 et
2437 2081 2643 2127 Maximo
2661 2094 2804 2126 conss.
2843 2085 2900 2134 [a.
2919 2081 3018 2134 327]

1737 2137 1765 2185 7
1799 2138 1912 2197 Imp.
1943 2137 2226 2183 Iustinianus
2249 2140 2301 2183 A.
2334 2137 2529 2183 Iohanni
2549 2152 2632 2196 pp.
2692 2137 3018 2204 Supervacuam

1680 2195 1968 2239 differentiam
2011 2195 2132 2238 utilis
2177 2195 2282 2238 anni
2323 2194 2369 2238 in
2407 2194 2625 2249 integrum
2662 2193 2953 2238 restitutionis
2992 2205 3020 2236 a

1679 2256 1835 2295 nostra
1864 2264 1911 2295 re
1943 2251 2123 2306 publica
2151 2256 2408 2306 separantes
2439 2251 2659 2293 sancimus
2691 2253 2735 2293 et
2762 2249 2809 2292 in
2837 2249 2933 2292 anti
2961 2260 3020 2292 ua

1679 2307 1822 2350 Roma
1863 2312 1907 2350 et
1948 2308 1994 2349 in
2038 2307 2123 2350 hac
2159 2307 2275 2349 alma
2297 2307 2425 2358 ,urbe
2458 2310 2503 2350 et
2540 2306 2587 2349 in
2615 2305 2746 2348 Italia
2774 2309 2819 2349 et
2846 2305 2894 2349 in
2922 2303 3021 2348 aiis

1678 2362 1915 2418 provinciis
1946 2362 2280 2418 quadriennium
2321 2361 2575 2406 continuum
2611 2359 2912 2405 tantummodo
2941 2373 3022 2404 nu·

1679 2418 1841 2462 merari
1883 2431 1939 2462 ex
1981 2418 2068 2464 die.
2113 2431 2168 2461 ex
2198 2431 2284 2474 quo
2315 2430 2455 2461 annus
2485 2417 2606 2462 utilis
2637 2417 2861 2465 currebat.
2905 2421 2949 2460 et
2975 2415 3023 2462 id

1680 2479 1852 2530 tempus
1883 2474 2020 2518 totius
2049 2474 2134 2517 loci
2162 2486 2259 2518 esse
2283 2485 2530 2518 commune:
2562 2485 2616 2516 ex
2641 2472 2887 2516 differentia
2907 2470 3022 2516 enim

1679 2530 1877 2574 locorum
1913 2530 2094 2585 aliquod
2127 2529 2278 2573 induci
2307 2529 2542 2573 discrimen
2571 2528 2678 2573 satis
2707 2529 2835 2573 nobis
2864 2528 3020 2572 absur—

1688 2592 1702 2629 1
1765 2586 1868 2630 dum
1903 2598 1999 2630 esse
2027 2586 2168 2630 visum
2207 2590 2287 2630 est.
2346 2585 2473 2640 Quod
2512 2598 2600 2630 non
2638 2585 2781 2629 solum
2809 2584 2855 2628 in
2884 2584 3021 2629 mino·

1680 2655 1778 2686 rum
1805 2642 2183 2695 restitutionibus,
2224 2642 2383 2707 quibus
2413 2641 2532 2685 utilis
2563 2654 2706 2685 annus
2736 2640 2892 2696 incipit
2920 2653 3021 2684 cur·

1681 2711 1801 2750 rere,
1845 2710 1900 2741 ex
1938 2711 2024 2753 quo
2063 2697 2256 2742 vicesimi
2285 2697 2399 2741 sexti
2428 2698 2532 2740 anni
2561 2697 2654 2741 dies
2682 2696 2901 2750 illuxerit,
2945 2695 3024 2741 sed

1682 2754 1814 2797 etiam
1851 2753 1897 2796 in
1936 2753 2151 2797 maiorum
2187 2754 2272 2797 hoc
2311 2753 2427 2796 idem
2467 2753 2667 2797 adhiberi
2703 2753 2944 2804 sancimus,
2972 2756 3025 2796 ut

1682 2814 1727 2853 et
1755 2810 1827 2852 hic
1856 2822 1936 2864 pro
1967 2809 2063 2852 utili
2093 2822 2209 2852 anno
2237 2813 2480 2852 memorata
2510 2808 2782 2852 continuatio
2812 2807 3023 2864 temporis

1682 2866 1937 2908 observetur
1973 2863 2030 2907 ad
2065 2864 2429 2920 interponendam
2467 2864 2830 2908 contestationem
2867 2862 3022 2908 finien-

1683 2923 1707 2962 2
1776 2919 1964 2974 damque
2001 2919 2132 2962 litem.
2197 2920 2259 2963 Et
2295 2920 2659 2974 quemadmodum
2705 2919 2846 2963 omnis
2880 2919 3024 2965 minor

1682 2979 1805 3019 aetas
1835 2975 2052 3030 excipitur
2078 2976 2125 3019 in
2154 2975 2371 3019 minorum
2400 2975 2774 3029 restitutionibus,
2812 2975 2878 3018 ita
2906 2979 2950 3019 01
2976 2974 3024 3020 111

1682 3032 1896 3074 maiorum
1924 3035 2112 3086 tempus,
2150 3031 2197 3075 in
2225 3045 2312 3086 quo
2341 3031 2404 3075 rei
2432 3032 2636 3087 publicae
2665 3044 2801 3076 causa
2828 3030 3025 3076 afuerint

1683 3087 1751 3131 vel
1781 3087 1878 3130 aliis
1906 3086 2108 3141 legitimis
2139 3087 2299 3141 causis,
2330 3100 2442 3143 quae
2471 3088 2690 3131 veteribus
2718 3087 2887 3142 legibus
2918 3099 3022 3131 enu-

1682 3148 1880 3186 meratae
1920 3146 2044 3195 sunt,
2087 3142 2251 3186 fuerint
2287 3143 2513 3199 occupati,
2552 3155 2680 3187 omne
2712 3143 3022 3198 praecipiatur,

1683 3203 1728 3241 et
1762 3199 1823 3243 sit
1859 3211 1950 3241 non
1978 3198 2191 3243 absimilis
2226 3198 2273 3242 in
2301 3199 2386 3243 hac
2413 3204 2541 3256 parte
2568 3199 2786 3243 minorum
2814 3203 2859 3242 et
2886 3198 3022 3243 maio-

1682 3267 1779 3298 rum
1822 3253 2056 3298 restitutio.
2127 3254 2183 3298 D.
2228 3254 2271 3298 lc.
2318 3253 2440 3313 Sept.
2488 3253 2879 3313 Constantinopoli
2911 3256 3026 3313 post

1684 3309 1965 3354 consulatum
1991 3308 2234 3369 lampadii
2262 3314 2308 3354 et
2338 3309 2523 3355 Orestae
2551 3325 2615 3356 vv.
2646 3323 2708 3354 oo.
2837 3313 2894 3364 [a.
2925 3312 3022 3362 531]

1677 1523 1860 1567 arbitrio
1890 1524 2037 1567 fuerat
2065 1528 2173 1568 tunc
2201 1524 2365 1567 inferre
2394 1523 2586 1578 litigium,
2627 1536 2728 1566 cum

2165 3481 2284 3530 LIII
2319 3479 2555 3547 (Ln11).²⁰

1736 3563 1939 3610 QUIBUS
1967 3562 2050 3604 EX
2081 3561 2273 3603 CAUSIS
2303 3562 2549 3604 MAIORES
2578 3563 2641 3602 IN
2670 3559 2969 3603 INTEGRUM

2136 3618 2578 3659 RESTITUUNTUR.

1742 3699 1766 3747 1
1803 3699 1918 3759 Imp.
1948 3700 2206 3744 Antoninus
2233 3700 2284 3743 A.
2315 3698 2577 3744 Aemiliano.
2637 3698 2685 3743 Si
2712 3703 2897 3757 propter
2924 3697 3023 3744 offi-

1686 3757 1802 3801 cium
1842 3755 2074 3812 legationis
2118 3755 2178 3799 ad
2218 3767 2288 3799 me
2329 3755 2447 3799 bona
2489 3755 2576 3799 fide
2612 3754 2761 3800 factae
2791 3756 2952 3800 absens
2981 3759 3025 3800 et

1683 3811 1937 3857 indefensus
1981 3810 2297 3856 condemnatus
2349 3823 2418 3865 es,
2470 3811 2831 3868 instaurationem
2874 3810 3024 3855 iudicii

1683 3869 1779 3913 iure
1807 3868 2042 3922 desideras,
2079 3872 2131 3911 ut
2166 3879 2222 3911 ex
2250 3868 2418 3934 integro
2449 3867 2778 3912 defensionibus
2806 3866 2896 3911 tuis
2925 3871 3022 3910 uta-

1683 3924 1760 3968 ris.
1818 3936 1920 3967 nam
1950 3936 2026 3968 eos
2085 3936 2251 3979 uoque,
2289 3936 2365 3979 qui
2398 3922 2628 3978 legationis
2658 3923 2804 3968 officio
2834 3921 3022 3977 fungun-

1683 3986 1769 4034 tur,
1799 3979 1846 4023 in
1875 3991 1927 4023 eo
1957 3980 2067 4037 privi
2086 3980 2181 4035 egio
2210 3992 2321 4033 esse,
2363 3992 2450 4035 quo
2489 3982 2595 4023 sunt
2622 3979 2696 4035 qui
2723 3978 2789 4023 rei
2817 3977 3023 4034 publicae

1686 4047 1822 4080 causa
1850 4036 2027 4090 absunt,
2056 4039 2284 4092 receptum
2312 4039 2394 4080 est.
2451 4033 2546 4079 PP.
2571 4046 2601 4078 ν
2624 4047 2728 4079 non.
2744 4032 2882 4079 Mart.
2912 4032 3022 4078 duo-

1685 4091 1766 4135 bus
1793 4091 1858 4135 As
1890 4092 1956 4135 ris
1984 4104 2128 4135 conss.
2836 4092 2892 4142 [a.
2923 4090 3021 4141 212]

1741 4143 1774 4193 2
1813 4145 1846 4191 I
1871 4160 1939 4192 em
1974 4147 2027 4192 A.
2066 4146 2302 4206 Dionysio.
2368 4146 2417 4191 Si
2452 4145 2617 4190 idcirco
2657 4143 2776 4202 apud
2808 4144 3022 4189 arbitrum

1684 4302 1761 4341 quo
1798 4288 1898 4329 data
1927 4297 1986 4330 est
2014 4289 2238 4331 constitutio
2268 4289 2365 4342 (not.
2395 4291 2462 4339 11),
2492 4302 2608 4341 quam
2633 4295 2800 4342 propter
2827 4287 3022 4327 urbanam

1686 4343 1820 4384 Bassi
1839 4346 2138 4398 praefecturam
2251 4344 2325 4396 (13)
2353 4363 2410 4380 ==
2443 4341 2481 4383 T
2479 4343 2518 4386 11.
2548 4343 2587 4393 2,
2604 4351 2638 4394 ’1,
2662 4351 2683 4384 2
2795 4343 2868 4395 (14)
2896 4343 3024 4382 metu

1685 4397 1775 4451 lege
1803 4400 2113 4452 comprehensas
2146 4400 2219 4441 Th.
2333 4398 2406 4453 (15)
2435 4397 2525 4450 lege
2554 4399 2626 4439 ins.
2657 4398 2730 4440 Th.
2839 4397 2916 4448 (ιθ)
2944 4395 3020 4447 tei]

1684 4454 1981 4507 possidentium
2000 4455 2071 4496 Th.
2156 4456 2228 4507 (17)
2259 4454 2370 4496 ultra
2398 4453 2705 4494 constitutionis
2733 4450 2917 4504 regulam
2947 4449 3016 4494 Th.

1687 4511 1763 4559 (18)
1793 4522 1818 4550 a
1846 4522 2071 4563 possessore
2107 4509 2177 4551 ΤΙι.
2293 4512 2367 4561 (19)
2397 4509 2442 4550 111
2471 4508 2729 4560 requirendis
2762 4507 2852 4560 Tta,
2880 4506 3004 4560 inqui

1686 4564 1825 4662 rgndis
1859 4566 1902 4616 C,
1930 4578 2006 4619 pro
2036 4565 2294 4619 requirendis
2322 4565 2363 4607 R
2503 4565 2582 4616 (20)
2615 4564 2659 4606 Β
2693 4565 2755 4616 10,
2785 4571 2841 4606 8⁶.
2870 4583 2928 4594 -
2959 4561 3016 4613 G(-

1734 4621 1787 4675 iq.
1818 4623 1858 4671 4,
1890 4629 1909 4663 6
