3094 4732
216 184 288 223 m·
318 183 392 220 DE
429 183 636 220 S'rUPRO

273 318 334 365 12
365 317 465 372 (14)
497 319 607 384 Imp.
644 319 898 363 Gordianus
926 319 978 362 A.
1009 318 1210 375 Aquilae.
1277 321 1335 372 Si,
1366 320 1468 362 dum
1497 320 1544 363 in

212 379 288 419 tuo
327 375 600 418 matrimomo
633 389 744 418 uxor
773 381 850 418 tua
878 375 1013 427 esset,
1053 386 1101 417 se
1130 374 1343 419 adulterio
1374 376 1542 430 polluit,

210 431 258 474 in
301 443 353 473 ea
396 431 624 486 provincia
666 431 711 473 in
755 443 842 486 qua
879 429 923 474 id
965 428 1132 472 factum
1171 436 1239 473 est
1281 431 1543 474 adulterium

210 498 332 530 more
377 487 505 530 solito
548 487 754 543 persequi
794 485 926 529 debes
968 497 1050 528 nec
1091 486 1204 528 enim
1243 488 1298 530 ab
1338 500 1390 530 ea
1430 500 1542 542 quae

210 542 297 585 iam
335 548 474 598 nupta
510 547 578 587 est
615 541 876 585 adulterium
918 553 1053 596 passa
1092 543 1318 586 exordium
1358 555 1541 586 accusa-

212 598 343 641 tionis
383 598 496 642 sumi
534 600 699 653 potest,
735 597 777 641 si
813 596 1084 640 denuntiatio
1132 598 1322 642 criminis
1364 599 1542 653 nuptias

211 666 300 696 non
349 654 604 710 praecessit.
675 651 767 696 ΡΡ.
820 666 922 696 non.
970 653 1072 696 Dec.
1129 652 1358 698 Gordiano
1403 657 1454 698 A.
1500 657 1545 697 et

211 709 372 753 Aviola
402 723 543 754 conss,
1356 713 1411 762 [a.
1444 711 1540 759 239]

272 762 333 811 13
372 763 472 818 (12)
510 764 633 808 Idem
671 763 722 806 Α.
763 761 924 806 Basso.
992 764 1090 807 Etsi
1132 766 1310 809 crimine
1339 762 1543 808 adulterii

211 820 446 865 damnatus
484 821 711 865 restitutus
740 831 830 861 non
860 825 998 868 esset,
1040 826 1089 863 ut
1128 821 1358 877 proponis,
1400 820 1439 864 si
1473 823 1541 862 ta-

209 889 311 921 men
336 889 464 921 soror
493 881 591 927 tua,
632 887 730 918 cum
761 886 848 928 qua
878 875 1138 919 adulterium
1170 878 1447 920 commissum
1477 875 1541 918 di-

211 933 408 984 cebatur,
437 945 526 975 non
555 935 622 974 est
650 933 880 982 accusata,
918 943 999 974 nec
1029 946 1198 986 poenae
1227 946 1308 976 nec
1336 931 1542 975 infamiae

210 988 350 1031 subici
389 988 556 1044 potuit,
596 990 640 1029 et
667 986 805 1029 multo
835 987 992 1041 magis,
1035 1001 1134 1031 cum
1165 993 1209 1031 et
1238 992 1542 1032 accusatorem

209 1042 299 1086 vita
328 1055 424 1087 esse
452 1043 654 1086 functum
681 1055 918 1097 proponas.
980 1042 1070 1087 ΡΡ.
1103 1044 1144 1087 lc.
1174 1043 1272 1087 Iun.
1306 1042 1472 1087 Sabino
1498 1052 1545 1084 ΙΙ

210 1104 255 1141 et
294 1097 487 1142 Venusto
517 1111 658 1142 consa
1353 1103 1409 1150 [a.
1443 1099 1539 1148 240]

268 1152 332 1200 14
363 1151 462 1208 (13)
491 1152 616 1198 Idem
645 1152 697 1196 A.
730 1151 926 1197 Silvano.
985 1155 1244 1198 Adulteram
1259 1158 1283 1207 ¹,
1319 1154 1356 1197 si
1385 1155 1542 1209 postea

209 1222 338 1264 quam
378 1211 539 1252 crimen
585 1212 740 1252 contra
783 1221 879 1252 eam
923 1210 1175 1253 inchoatum
1214 1216 1282 1253 est
1319 1209 1543 1266 provincia

209 1265 410 1317 excessit,
449 1265 578 1308 etiam
613 1265 838 1308 absentem
868 1266 981 1309 inter
1010 1279 1108 1309 reos
1138 1266 1276 1321 recipi
1304 1278 1436 1321 posse
1466 1277 1540 1308 ex-

207 1321 368 1376 plorati
405 1320 512 1363 iuris
553 1323 633 1363 est.
700 1319 793 1364 ΡΡ.
835 1335 937 1364 non.
970 1320 1107 1365 Mart.
1139 1323 1288 1365 Attico
1327 1328 1370 1365 et
1402 1319 1542 1364 Prae-

209 1381 382 1420 textato
414 1389 556 1419 conss.
1355 1381 1410 1428 [a.
1443 1379 1540 1427 242]

263 1431 326 1477 15
360 1431 483 1474 Idem
511 1433 562 1476 Α.
595 1431 836 1476 Hilariano
879 1432 1018 1475 militi.
1087 1432 1133 1475 Si
1171 1431 1391 1487 quondam
1428 1444 1542 1475 uxor

206 1491 303 1539 tua,
334 1493 569 1542 antequam
600 1488 779 1531 crimine
817 1487 1021 1531 adulterii
1058 1491 1283 1543 peteretur
1295 1489 1325 1539 ²,
1364 1488 1541 1543 provin-

207 1544 276 1586 cia
305 1543 511 1595 excessit,
553 1556 695 1598 neque
729 1544 890 1587 absens
921 1543 1124 1586 accusari
1153 1547 1298 1598 potest
1326 1556 1469 1597 neque
1495 1543 1542 1585 in

206 1611 301 1642 eam
341 1599 611 1654 provinciam
649 1601 694 1642 in
734 1611 823 1654 qua
862 1599 1127 1654 stipendium
1159 1598 1270 1641 facis
1301 1598 1543 1641 transmitti

213 1659 225 1696 1
288 1655 382 1698 iure
412 1655 679 1710 deposcitur.
739 1655 853 1698 Sane
883 1667 982 1697 cum
1010 1663 1090 1709 per
1119 1654 1433 1708 occupationes
1462 1654 1541 1696 mi-

203 1709 388 1753 litares³
423 1711 619 1762 licuerit,
659 1722 872 1753 accusare
910 1722 1005 1752 eam
1045 1709 1316 1752 sollemniter
1350 1710 1539 1763 poteris:

204 1778 286 1809 nec
323 1765 438 1809 enim
476 1771 667 1820 tempus,
709 1777 794 1820 quo
823 1764 1080 1807 muneribus
1111 1763 1374 1807 militaribus
1406 1777 1540 1807 occu-

202 1821 336 1876 paris,
364 1820 602 1863 vindictam
627 1821 722 1870 tibi,
754 1832 886 1875 quam
911 1819 1102 1862 maritali
1127 1819 1278 1862 dolore
1302 1832 1540 1874 percussus

201 1875 422 1932 reposcis,
461 1875 591 1917 debet
627 1875 813 1918 auferre.
880 1873 973 1918 ΡΡ.
1007 1886 1096 1917 IIII
1131 1875 1189 1917 id.
1222 1873 1358 1918 Mart.
1389 1876 1539 1918 Attico

200 1937 246 1974 et
272 1929 572 1973 Praetextato
602 1942 744 1973 conss.
1351 1933 1406 1982 [a.
1442 1933 1538 1981 242]

258 1981 323 2031 16
354 1983 500 2042 Impp.
544 1983 811 2028 Valerianus
849 1990 893 2028 et
933 1983 1163 2028 Gallienus
1193 1985 1286 2029 ΑΛ.
1327 1992 1373 2029 et
1412 1985 1539 2029 Vale-

198 2040 358 2083 rianus
389 2039 431 2084 C.
461 2040 707 2087 Arcesilao.
766 2040 1066 2084 Abolitionem
1102 2041 1307 2084 adulterii
1346 2041 1539 2084 criminis

198 2095 428 2152 postulans
457 2095 702 2151 praesidem
738 2097 782 2139 in
814 2097 939 2140 cuius
971 2096 1117 2140 officio
1148 2097 1374 2140 accusatio
1405 2097 1540 2140 fuerit

206 2157 222 2194 l
282 2152 487 2195 instituta
521 2152 643 2195 adire
679 2151 828 2195 debes,
897 2152 1099 2196 Ceterum
1138 2165 1260 2196 erras
1298 2156 1348 2196 tu
1384 2155 1540 2197 marite

201 2207 479 2258 existimans,
517 2207 650 2250 etiam
687 2208 725 2251 si
763 2208 1038 2263 simpliciter,
1077 2209 1124 2252 id
1163 2214 1230 2252 est
1268 2210 1362 2252 sine
1399 2210 1539 2253 aboli-

200 2263 342 2314 tione,
387 2262 653 2315 destitisses,
698 2267 878 2307 senatus
919 2265 1120 2308 consulto
1159 2265 1207 2308 in
1241 2278 1432 2319 persona
1461 2270 1540 2308 tua

200 2319 400 2361 futurum
428 2319 574 2361 locum
602 2331 693 2362 non
722 2319 882 2363 fuisse:
915 2320 1132 2363 diversum
1163 2321 1276 2363 enim
1307 2321 1393 2364 divi
1417 2322 1539 2376 prin-

202 2378 226 2416 2
286 2374 404 2430 cipes
440 2387 573 2430 saepe
613 2381 865 2418 sanxerunt.
935 2374 1049 2429 Quin
1087 2376 1173 2419 hoc
1203 2377 1391 2431 amplius
1423 2377 1538 2420 scias

200 2429 367 2473 nullam
410 2429 548 2473 fuisse
591 2430 673 2473 tibi
711 2431 894 2474 ulterius
934 2433 1199 2486 potestatem
1242 2432 1539 2475 instituendae

200 2486 452 2529 huiusmodi
489 2486 806 2539 accusationis,
849 2487 951 2542 quia
988 2491 1032 2530 et
1073 2488 1248 2531 decreto
1290 2493 1465 2543 patrum
1497 2494 1540 2530 et

200 2543 294 2596 lege
322 2541 533 2585 Petronia
575 2543 626 2595 ei,
672 2543 747 2597 qui
788 2543 884 2585 iure
923 2543 1005 2585 viri
1044 2542 1236 2586 delatum
1274 2543 1539 2586 adulterium

199 2610 288 2640 non
318 2598 499 2652 peregit,
529 2610 767 2652 numquam
796 2603 952 2653 postea
981 2598 1026 2641 id
1057 2600 1219 2641 crimen
1246 2599 1416 2642 deferre
1440 2613 1538 2655 per-

200 2653 401 2696 mittitur.
471 2652 563 2697 PP.
604 2665 676 2697 XV
723 2654 765 2697 lc.
810 2653 909 2698 Iun.
956 2654 1163 2698 Maximo
1209 2661 1253 2699 et
1297 2653 1540 2699 Glabrione

201 2722 344 2752 conss.
1368 2725 1406 2753 a.
1440 2714 1520 2755 256

260 2762 321 2810 17
364 2763 489 2808 Idem
527 2766 618 2808 AA.
659 2769 704 2808 et
745 2763 786 2808 C.
830 2765 1076 2809 Victorino.
1143 2765 1247 2809 Sine
1281 2715 1400 2810 meiu
1430 2715 1538 2821 legis}

199 2820 338 2863 Iuliae
379 2820 432 2862 de
470 2819 696 2863 adulteriis
737 2821 991 2864 coercendis
1035 2834 1243 2865 revocare
1283 2835 1464 2865 uxorem
1493 2825 1538 2866 in

199 2876 522 2919 matrimonium
550 2879 691 2931 potes,
724 2889 823 2927 cum
854 2877 963 2919 nihil
992 2878 1179 2932 amplius
1211 2891 1342 2933 quam
1367 2879 1538 2922 libellos

199 2932 492 2974 accusationis
523 2932 737 2985 obtulisti,
773 2933 875 2988 quia
905 2938 1060 2988 postea
1092 2935 1356 2988 comperisse
1385 2939 1429 2977 te
1460 2935 1537 2978 ad-

197 2987 366 3039 firmas,
407 2987 523 3043 quod
552 3000 665 3030 vana
698 2987 999 3043 indignatione
1027 2989 1085 3032 ad
1114 2990 1440 3034 accusationem
1470 2991 1536 3033 in-

205 3050 218 3085 1
284 3044 446 3086 citatus
491 3043 641 3087 fueris.
724 3044 768 3087 Is
812 3045 928 3088 enim
971 3046 1204 3088 committit
1245 3046 1291 3088 in
1334 3059 1535 3101 poenam,

199 3111 330 3152 quam
372 3099 446 3141 lex
489 3103 609 3142 certo
656 3102 801 3154 capite
845 3101 1097 3152 denuntiat,
1143 3102 1218 3155 qui
1256 3101 1323 3144 vel
1361 3103 1537 3156 publice

200 3153 415 3196 adulterio
456 3153 706 3196 damnatam
742 3156 876 3198 habet
911 3156 978 3198 vel
1016 3156 1263 3199 adulteram
1298 3158 1456 3209 sciens,
1487 3164 1538 3201 ut

199 3208 520 3262 ignorationem
563 3210 769 3252 simulare
812 3223 903 3253 non
935 3212 1100 3264 possit,
1145 3213 1305 3255 retinet
1339 3226 1534 3257 uxorem.

200 3263 292 3307 ΡΡ.
333 3275 383 3306 VJ
409 3263 451 3306 lc.
479 3265 592 3321 Auq.
623 3265 735 3322 ipsis
756 3265 848 3308 ΑΑ.
881 3276 972 3308 1111
998 3272 1042 3309 et
1070 3277 1139 3309 HJ
1165 3280 1308 3310 conss
1357 3272 1412 3320 [a.
1437 3272 1534 3321 257]

261 3317 322 3366 18
354 3318 498 3363 ⁴¹Idem
527 3320 618 3363 ΑΛ.
650 3326 695 3363 et
725 3318 767 3363 C.
802 3319 962 3364 leeod.
1018 3321 1134 3364 Eum
1164 3322 1239 3377 qui
1268 3322 1377 3366 duas
1409 3324 1537 3368 simul

200 3375 357 3418 habuit
399 3387 562 3418 uxores
605 3376 699 3418 sine
744 3375 1018 3421 dubitatione
1064 3378 1299 3421 comitatur
1340 3379 1534 3424 infamia.

199 3433 245 3474 in
273 3443 326 3474 ea
355 3443 543 3487 namque
571 3444 620 3474 re
647 3445 736 3475 non
764 3431 874 3475 iuris
904 3432 1100 3486 effectus,
1131 3447 1219 3489 quo
1251 3435 1365 3478 cives
1395 3436 1537 3480 nostri

199 3488 476 3530 matrimonia
506 3488 766 3530 contrahere
795 3488 924 3543 plura
951 3489 1255 3543 prohibentur,
1296 3491 1373 3534 sed
1402 3491 1538 3535 animi

205 3550 220 3585 1
285 3543 519 3586 destinatio
552 3543 784 3597 cogitatur.
829 3544 1144 3588 Verumtamen
1173 3545 1227 3598 ei,
1258 3547 1332 3601 qui
1360 3551 1405 3589 te
1430 3546 1534 3590 ficto

201 3599 440 3650 caelibatu,
483 3611 582 3642 cum
621 3599 752 3641 aliam
789 3605 971 3643 matrem
1011 3600 1198 3644 familias
1235 3602 1281 3644 in
1310 3603 1536 3657 provincia

199 3654 463 3710 reliquisset,
491 3655 745 3698 sollicitavit
763 3655 820 3698 ad
833 3657 1025 3710 nuptias,
1053 3657 1216 3700 crimen
1233 3658 1363 3700 etiam
1379 3659 1535 3713 stupri,

200 3723 227 3753 a
256 3723 341 3765 quo
369 3715 421 3753 tu
449 3713 618 3754 remota
646 3723 707 3762 es,
747 3711 865 3766 quod
896 3725 1077 3756 uxorem
1106 3717 1150 3756 te
1180 3725 1277 3756 esse
1308 3714 1534 3768 credebas,

200 3770 224 3809 2
268 3766 325 3809 ab
351 3769 612 3809 accusatore
635 3766 828 3821 legitimo
848 3767 1118 3811 sollemniter
1131 3769 1360 3813 inferetur.
1407 3769 1535 3813 Certe

198 3835 270 3866 res
309 3825 410 3865 tuas
448 3834 624 3873 omneS,
666 3835 775 3878 quas
805 3823 861 3866 ab
891 3836 943 3866 eo
972 3825 1240 3879 interceptas
1271 3825 1535 3868 matrimonii

200 3878 476 3921 simulatione
519 3878 746 3932 deploras,
791 3878 964 3922 restitui
1007 3880 1090 3924 tibi
1132 3882 1248 3923 omni
1291 3881 1534 3925 exactionis

198 3933 410 3978 instantia
447 3933 702 3988 impetrabis
741 3947 768 3977 a
805 3939 976 3978 rectore
1017 3937 1293 3990 provinciae:
1339 3950 1440 3980 nam
1482 3949 1535 3980 ea

201 3990 392 4045 quidem,
434 4001 546 4044 quae
584 4002 631 4033 se
668 3989 752 4034 tibi
790 3993 842 4033 ut
869 4003 1058 4045 sponsae
1088 3991 1292 4036 daturum
1321 3993 1533 4049 promisit,

182 4099 249 4182 ν(1)
279 4132 337 4172 sic
367 4131 459 4171 dett.
492 4146 574 4171 cum
603 4129 660 4182 B,
692 4129 879 4170 adultera
907 4131 1027 4172 LC'R

200 4190 358 4227 saretur
387 4187 429 4228 R
569 4186 623 4239 (3)
654 4188 711 4226 sic
746 4187 787 4234 C,
819 4198 901 4226 non
932 4189 1006 4228 ins.
1036 4188 1078 4228 R

200 4245 254 4292 (5)
283 4255 344 4282 xv
375 4245 449 4283 ins.
482 4243 507 4283 l.
538 4257 634 4296 yem.
745 4243 801 4292 (6)
831 4255 861 4280 s,
892 4241 931 4282 d.
962 4259 1037 4283 scr.

1164 4133 1218 4184 (2)
1248 4134 1306 4174 sic
1342 4135 1384 4185 C,
1414 4145 1533 4172 accu-

1209 4191 1263 4239 (4)
1293 4211 1346 4224 =
1377 4193 1416 4239 5,
1447 4198 1480 4237 3,
1512 4200 1533 4230 5

1152 4245 1206 4295 (7)
1236 4247 1295 4285 sic
1325 4247 1416 4285 dett.
1449 4260 1532 4285 cum

200 4300 287 4337 ΒΣ
310 4302 364 4348 (κ.
381 4300 460 4349 ππ),
491 4298 769 4338 accusationes
798 4297 892 4346 LR,
924 4299 1184 4339 accusatione
1220 4300 1255 4341 G
1343 4304 1399 4352 (8)
1430 4300 1530 4351 quid

199 4356 365 4406 scripsi,
406 4354 570 4405 quidem
611 4354 694 4405 Mu,
736 4353 898 4404 quidem
930 4354 973 4393 id
1002 4354 1112 4406 quod
1147 4354 1328 4407 GRaMb,
1368 4356 1532 4407 quidem

199 4409 243 4448 id
273 4407 333 4448 Rb
445 4412 502 4461 (9)
531 4412 589 4450 sic
620 4411 673 4460 R,
703 4409 740 4449 ei
770 4410 842 4449 ins.
882 4409 917 4450 C'
1024 4414 1100 4460 (10)
1125 4412 1227 4451 *libri
1254 4413 1436 4452 nonnulli
1463 4421 1533 4452 aut

201 4465 274 4505 hoc
299 4465 382 4505 loco
406 4475 476 4506 aut
499 4475 590 4506 ante
621 4481 653 4505 c.
680 4473 724 4506 22
755 4473 825 4504 aut
848 4474 943 4517 post
970 4480 1002 4505 6.
1028 4475 1071 4507 24
1098 4466 1200 4507 lianc
1223 4469 1531 4508 constitutionem

201 4521 400 4560 inserunt:
439 4522 543 4573 Imp.
575 4521 774 4561 Arcadius
804 4520 916 4572 (imp.
947 4534 1018 4560 oro
1050 4521 1141 4570 alii)
1179 4524 1226 4561 A.
1258 4522 1428 4562 Dionae.
1487 4522 1532 4562 Si

202 4575 306 4623 eius,
346 4587 370 4614 a
409 4588 490 4627 quo
519 4589 630 4616 nunc
659 4575 853 4616 adulterii
882 4589 951 4615 rea
978 4576 1218 4627 postularis,
1258 4581 1400 4617 contra
1428 4578 1532 4618 iuris

201 4629 370 4670 formam
400 4631 670 4673 contubernio
699 4631 878 4684 haesisti,
907 4633 1134 4672 innumeris
1157 4635 1196 4673 te
1217 4634 1532 4674 auctoritatibus

1518 165 1625 224 375

2742 170 2891 222 VIIII
2929 171 2959 220 9

1628 321 1848 376 quomodo
1888 324 2086 376 repetere
2128 333 2225 362 cum
2266 322 2423 364 effectu
2459 327 2582 377 potes
2616 323 2742 378 quasi
2772 323 2962 377 sponsa?

1627 379 1853 435 Accepta⁵
1910 375 1968 418 id.
2022 373 2130 418 Mai.
2192 377 2454 421 Antiochiae
2514 379 2655 422 Tusco
2714 384 2758 422 et
2813 377 2962 421 Basso

1631 445 1773 476 consa
2774 436 2830 486 [a.
2863 435 2960 483 258]

1689 485 1752 534 19
1798 485 1942 546 Impp.
1988 485 2296 531 Diocletianus
2339 493 2382 532 et
2419 487 2728 532 Maximianus
2765 488 2857 531 ΑΛ.
2905 486 2965 530 ad

1627 541 1964 600 Pompeianum.
2025 541 2231 597 Quamvis
2260 543 2493 587 indubitati
2523 544 2630 586 iuris
2660 544 2729 596 sit,
2761 543 2963 598 quotiens

1627 597 1832 641 adulterii
1873 600 2036 642 crimen
2071 598 2327 651 intenditur,
2367 600 2661 654 praesentiam
2690 598 2964 641 accusatoris

1626 654 1866 707 procedere
1905 657 2129 709 oportere,
2170 660 2319 697 tamen
2356 654 2562 710 quoniam
2600 666 2655 695 ex
2689 652 2846 695 litteris
2876 653 2963 694 tuis

1628 709 1909 761 cognovimus
1959 709 2194 752 Materiam
2243 709 2485 764 praepositi
2536 707 2729 750 Viatoris
2782 720 2964 749 uxorem

1627 762 1790 805 habitis
1831 765 2161 818 quaestionibus
2201 778 2300 807 cum
2329 765 2502 806 Iuliano
2543 761 2764 817 quondam
2794 762 2964 804 adulte-

1626 817 1740 860 rium
1778 820 2047 861 commisisse
2085 819 2302 861 detectam
2342 819 2425 860 sub
2462 819 2560 871 ipsa
2590 817 2836 871 prolatione
2867 829 2965 859 sen-

1625 873 1790 915 tentiae
1820 873 2013 916 Viator-is
2049 873 2190 927 ipsius
2230 873 2525 927 praesentiam
2564 872 2838 926 postulasse,
2877 884 2966 914 non

1625 929 1874 984 putavimus
1906 928 2108 972 confecto
2138 939 2278 981 paene
2306 928 2353 970 in
2380 927 2545 970 iudicio
2579 927 2778 970 facinore
2807 931 2850 969 et
2879 927 2964 969 iam

1626 983 1793 1038 agitata
1832 984 2090 1039 quaestione
2122 983 2321 1026 convicto
2351 983 2653 1038 praepositum
2682 982 2740 1024 ab
2770 983 2965 1025 excubiis

1625 1040 1773 1082 limitis
1788 1039 2097 1083 revocandum.
2130 1037 2184 1081 D.
2200 1039 2256 1082 s.⁶
2273 1052 2375 1081 non.
2395 1038 2499 1082 Dec.
2512 1040 2603 1081 ΑΑ.
2623 1051 2766 1081 conss.
2799 1041 2855 1090 [a.
2869 1040 2964 1088 287]

1683 1093 1747 1143 20
1780 1094 1904 1139 Idem
1923 1096 2017 1139 ΑΛ.
2033 1093 2242 1151 Didymo.
2285 1093 2604 1138 Foedissimam
2634 1106 2785 1136 earum
2814 1093 2966 1149 nequi-

1625 1151 1746 1203 tiam,
1778 1164 1891 1207 quae
1919 1151 2131 1206 pudorem
2157 1163 2286 1193 suum
2310 1150 2465 1194 alienis
2491 1150 2745 1193 libidinibus
2770 1158 2965 1204 proster-

1626 1212 1760 1260 nunt,
1796 1221 1889 1252 non
1919 1207 2049 1250 etiam
2080 1219 2250 1259 earum,
2291 1218 2405 1261 quae
2436 1218 2517 1261 per
2546 1206 2632 1248 vim
2661 1208 2817 1261 stupro
2848 1218 2964 1248 com-

1626 1263 1872 1318 prehensae
1930 1267 2056 1314 sunt,
2114 1262 2474 1318 inreprehensam
2525 1262 2796 1306 voluntatem
2850 1261 2966 1316 leges

1627 1319 1927 1370 ulciscuntur,
1968 1318 2144 1374 quando
2186 1318 2317 1362 etiam
2356 1318 2592 1361 inviolatae
2629 1317 2965 1362 existimationis

1627 1387 1725 1418 esse
1754 1388 1836 1419 nec
1863 1375 2030 1430 nuptiis
2062 1387 2212 1418 earum
2241 1374 2339 1417 aliis
2368 1374 2573 1417 interdici
2602 1373 2758 1417 merito
2782 1373 2963 1429 placuit.

1627 1429 1718 1474 ΡΡ.
1738 1443 1807 1474 III
1831 1445 1936 1475 non.
1957 1430 2050 1475 Oct.
2080 1432 2193 1494 ipsis
2216 1441 2307 1473 IIII
2332 1436 2378 1474 et
2401 1442 2468 1473 111
2484 1431 2575 1473 ΛΑ.
2601 1443 2744 1473 conss.
2792 1434 2846 1481 [a.
2867 1432 2964 1480 290]

1685 1484 1744 1532 21
1783 1485 1906 1530 Idem
1934 1487 2027 1530 ΑΛ.
2060 1485 2232 1530 Silano.
2293 1485 2360 1530 Ob
2392 1485 2623 1529 commissa
2653 1484 2873 1528 adulteria
2900 1490 2966 1527 at-

1628 1554 1712 1597 que
1743 1542 2019 1586 accusandae
2049 1555 2210 1585 uxores
2242 1546 2364 1585 certa
2396 1546 2616 1597 tempora,
2658 1554 2770 1596 quae
2799 1540 2966 1583 utiliter

1631 1604 1649 1640 1
1712 1599 1959 1653 computari
1990 1598 2147 1647 solent,
2177 1597 2456 1652 praescripta
2485 1602 2602 1641 sunt.
2650 1597 2695 1640 Si
2725 1597 2859 1651 igitur
2887 1609 2967 1652 per

1628 1654 1944 1708 occupationes
1972 1654 2177 1708 publicas
2218 1654 2575 1697 accusationem⁷
2611 1653 2842 1696 instituere
2878 1666 2967 1695 non

1626 1709 1813 1763 potuisti
1855 1722 1936 1752 nec
1980 1712 2082 1751 ante
2124 1709 2336 1752 creditum
2375 1709 2459 1752 tibi
2493 1721 2653 1752 munus
2693 1709 2967 1764 praescripta

1625 1770 1828 1819 tempora
1865 1767 2094 1807 transacta
2133 1770 2258 1816 sunt,
2300 1770 2402 1819 post
2432 1765 2676 1819 depositam
2707 1764 2965 1808 sollicitudi-

1625 1832 1726 1861 nem
1769 1831 1857 1874 qua
1900 1820 2107 1863 detineris
2150 1820 2364 1874 integram
2413 1820 2654 1863 accusandi
2701 1823 2967 1875 potestatem

1628 1878 1650 1916 2
1709 1875 1907 1918 habebis.
1977 1875 2049 1918 Ad
2088 1888 2242 1930 quam,
2284 1889 2383 1919 cum
2421 1888 2580 1918 vacare
2611 1876 2829 1930 coeperis,
2862 1889 2966 1930 pro-

1625 1943 1682 1984 pe
1707 1942 1782 1972 are
1822 1931 2024 1983 debebis,
2065 1943 2121 1973 ne
2157 1930 2370 1974 effrenata
2406 1931 2589 1974 licentia
2625 1931 2683 1974 ad
2718 1931 2967 1974 terrendam

1625 1985 1682 2027 ad
1712 1986 1923 2029 ersariam
1946 1987 2123 2033 futurae
2149 1987 2447 2029 accusationis
2472 1986 2662 2042 speciem
2686 1987 2966 2042 praetendas.

1625 2040 1718 2084 ΡΡ.
1737 2053 1864 2085 XIIII
1885 2041 1928 2085 lc.
1945 2042 2058 2086 Nov.
2085 2043 2102 2085 i
2133 2043 2198 2085 sis
2223 2053 2316 2085 JJJJ
2338 2051 2383 2085 ec
2403 2053 2471 2085 [Π
2484 2044 2576 2086 ΛΑ.
2604 2056 2748 2086 conss.
2795 2046 2966 2095 [(1290]

1682 2095 1749 2142 22
1780 2096 1906 2141 Idem
1945 2099 2037 2141 ΛΑ.
2117 2097 2271 2141 brimo.
2346 2098 2393 2141 Si
2436 2111 2488 2142 ea
2532 2111 2644 2154 quae
2688 2098 2770 2142 tibi
2813 2101 2966 2153 stupro

1626 2153 1802 2207 cognita
1831 2158 1899 2197 est
1927 2154 2094 2209 passim
2123 2154 2321 2198 venalem
2350 2154 2539 2198 formam
2565 2154 2765 2200 exhibuit
2789 2167 2842 2198 ac
2865 2168 2966 2210 pro-

1626 2210 1782 2252 stituta
1819 2210 2066 2253 meretricio
2107 2223 2228 2253 more
2258 2211 2385 2264 vulgo
2415 2223 2463 2254 se
2491 2211 2719 2266 praebuit,
2761 2210 2967 2254 adulterii

1627 2265 1789 2308 crimen
1827 2266 1873 2308 in
1912 2278 1964 2309 ea
1995 2271 2152 2309 cessat.
2212 2264 2305 2309 ΡΡ.
2338 2277 2420 2309 XII
2446 2265 2487 2309 lc.
2521 2266 2633 2311 Nov.
2665 2267 2778 2324 ipsis
2809 2278 2898 2309 1111
2926 2272 2968 2309 et

1628 2332 1694 2364 111
1719 2322 1811 2364 AA.
1845 2335 1988 2364 consa
2778 2325 2834 2374 [a.
2867 2325 2962 2373 290]

1683 2374 1746 2422 23
1790 2375 1914 2419 Idem
1953 2378 2045 2420 ΑΛ.
2076 2376 2288 2420 Proculo.
2349 2377 2471 2421 Servi
2511 2377 2566 2420 ob
2607 2377 2816 2420 violatum
2862 2391 2964 2420 con-

1630 2436 1645 2474 1
1715 2432 1967 2475 tubernium
2011 2432 2219 2476 adulterii
2262 2445 2475 2476 accusare
2521 2446 2611 2476 non
2650 2437 2852 2488 possunt.
2920 2433 2965 2476 Is

1625 2490 1792 2539 autem,
1835 2489 1909 2542 qui
1946 2493 2049 2543 post
2087 2488 2374 2532 dissociatum
2415 2489 2741 2532 matrimonium
2784 2502 2965 2532 uxorem

1624 2543 1744 2586 licito
1781 2544 1878 2586 iure
1917 2543 2093 2587 duxerit
2132 2544 2276 2600 obque
2314 2545 2556 2588 intentatae
2585 2545 2883 2588 accusationis
2912 2558 2964 2587 ac

1624 2600 1814 2654 potentis
1844 2600 2081 2654 patrocinii
2107 2605 2271 2643 metum
2309 2601 2348 2643 ei
2379 2601 2452 2655 qui
2483 2602 2810 2644 accusationem
2839 2602 2963 2644 insti·

1623 2659 1772 2698 tuerat
1801 2667 1956 2698 aurum
1986 2660 2031 2699 et
2060 2661 2288 2711 argentum
2318 2657 2460 2709 dedit,
2501 2656 2558 2699 ad
2587 2657 2891 2711 recipiendum
2918 2658 2964 2699 id

1623 2711 2009 2767 ulciscendamque
2047 2712 2190 2766 turpis
2229 2712 2342 2755 lucri
2372 2712 2656 2767 cupiditatem
2686 2713 2808 2755 adire
2837 2726 2963 2768 prae-

1624 2766 1762 2810 sidem
1791 2770 1960 2822 potest,
1999 2767 2077 2822 qui
2105 2768 2363 2811 examinatis
2394 2768 2584 2823 partium
2614 2768 2963 2823 adlegationibus

1625 2826 1669 2865 et
1703 2823 1916 2878 inquisita
1951 2822 2037 2866 fide
2066 2824 2178 2875 veri,
2220 2825 2257 2867 si
2294 2824 2429 2879 11111ᾶὸ
2466 2825 2521 2867 ab
2560 2837 2611 2868 eo
2651 2824 2726 2879 qui
2753 2825 2962 2868 innocens

1625 2883 1692 2921 est
1722 2880 1779 2922 ob
1808 2879 1920 2921 illati
1952 2879 2143 2923 criminis
2173 2880 2374 2923 timorem
2404 2880 2554 2922 datum
2579 2893 2676 2924 esse
2701 2883 2962 2935 cognoverit,

1624 2934 1989 2989 quemadmodum
2028 2936 2288 2978 sententiam
2317 2937 2508 2978 formare
2538 2935 2715 2986 debeat,
2753 2936 2961 2979 evidenti-

1624 2995 1647 3032 2
1706 2991 1789 3033 bus
1818 2991 1928 3033 iuris
1958 2991 2133 3046 placitis
2163 2992 2419 3034 instruetur.
2476 2991 2550 3033 Sin
2581 3004 2685 3035 vero
2717 2992 2963 3035 constiterit

1623 3047 1821 3101 corrupti
1859 3047 2127 3089 matrimonii
2163 3047 2284 3089 velut
2320 3047 2564 3090 mercedem
2604 3047 2661 3089 ad
2699 3047 2961 3101 captandam

1620 3102 1955 3157 impunitatem⁹
1983 3103 2173 3145 solutam
2203 3115 2313 3153 esse,
2343 3115 2454 3154 eum,
2486 3102 2560 3156 qui
2591 3102 2721 3144 etiam
2750 3103 2960 3145 adversus

1622 3162 1801 3200 senatus
1848 3158 2039 3200 consulti
2083 3170 2311 3200 censuram
2358 3171 2455 3200 cum
2500 3157 2751 3201 foedissimo
2794 3157 2960 3212 flagitio

1621 3213 1806 3268 accepit,
1837 3214 1984 3267 puniri
2013 3213 2194 3256 iubebit.
2240 3212 2333 3256 ΡΡ.
2365 3212 2406 3255 lc.
2437 3212 2548 3257 Nov.
2575 3213 2688 3270 ipsis
2711 3225 2801 3257 JJJJ
2827 3224 2871 3256 ec
2895 3226 2963 3256 Η]

1621 3270 1712 3311 ΑΛ.
1745 3269 1931 3311 conss.¹⁰
2773 3273 2829 3322 [a.
2862 3273 2958 3321 290]

1679 3322 1744 3369 24
1774 3322 1876 3376 (25)
1908 3322 2031 3367 Idem
2061 3325 2151 3367 AA.
2185 3323 2413 3367 Sossiano.
2465 3324 2567 3367 Etsi
2594 3324 2773 3367 libidine
2802 3326 2956 3368 intem-

1620 3383 1799 3435 peratae
1839 3379 2093 3434 cupiditatis
2131 3393 2184 3423 ex
2214 3383 2415 3423 actorum
2443 3380 2632 3424 lectione
2663 3382 2883 3424 exarsisse
2913 3390 2957 3424 te

1622 3435 1844 3489 cognitum
1883 3437 1973 3490 est,
2013 3441 2161 3478 tamen
2200 3449 2297 3479 cum
2335 3436 2540 3479 ancillam
2577 3437 2958 3492 comprehendisse

1621 3497 1664 3534 et
1693 3504 1781 3534 non
1810 3489 1993 3534 liberam
2011 3494 2042 3517 ¹¹
2073 3496 2300 3547 stuprasse
2330 3492 2550 3536 detectum
2591 3493 2669 3546 sit,
2712 3506 2766 3536 ex
2804 3493 2956 3536 huius-

1619 3547 1734 3589 modi
1760 3547 1978 3589 sententia
2003 3554 2227 3602 gravatam
2253 3549 2402 3603 potius
2427 3549 2676 3604 opinionem
2689 3553 2811 3592 tuam
2829 3561 2956 3603 quam

1619 3602 1800 3645 infamia
1829 3601 2062 3646 {adflictam
2101 3616 2196 3647 esse
2235 3604 2517 3647 manifestum
2561 3610 2640 3647 est.
2701 3603 2794 3647 ΡΡ.
2835 3616 2865 3646 V
2895 3604 2954 3647 id.

1619 3657 1754 3702 Mart.
1790 3657 2024 3702 Tiberiano
2054 3665 2100 3703 ec
2126 3659 2273 3703 Dione
2301 3673 2442 3703 conss.
2769 3663 2824 3711 [a.
2857 3663 2952 3711 291]

1675 3711 1738 3758 25
1781 3710 1882 3767 (26)
1923 3713 2048 3757 Idem
2077 3716 2168 3758 ΛΑ.
2209 3722 2254 3759 et
2294 3714 2373 3759 CC.
2412 3714 2616 3772 Crispino
2635 3716 2678 3757 ¹².
2738 3713 2954 3768 Quoniam

1617 3769 1931 3820 Alexandrum,
1963 3771 2038 3825 qui
2060 3770 2107 3813 in
2133 3771 2296 3814 crimen
2320 3774 2516 3825 vocatur,
2548 3771 2678 3813 etiam
2702 3771 2951 3825 praescrip-

1617 3826 1781 3869 tionem
1820 3837 1918 3869 esse
1956 3826 2199 3881 pollicitum
2238 3840 2288 3871 eo
2328 3828 2524 3879 nomine,
2566 3825 2684 3881 quod
2717 3828 2954 3869 accusator

1619 3893 1800 3924 uxorem
1828 3883 1934 3935 post
1963 3882 2326 3937 comprehensum
2350 3882 2617 3925 adulterium»
2634 3892 2772 3936 vpenes
2799 3894 2846 3924 se
2872 3882 2951 3924 ha-

1617 3937 1767 3980 buisse
1802 3937 2022 3988 videatur,
2066 3941 2113 3981 et
2147 3938 2201 3982 de
2240 3942 2360 3982 statu
2398 3950 2478 3981 suo
2518 3949 2648 3991 agere
2687 3950 2805 3979 nunc
2843 3937 2952 3979 velle

1617 3992 1945 4048 perspeximus,
1985 3993 2049 4035 ita
2084 3994 2192 4037 ordo
2232 3993 2500 4050 quaestionis
2535 3992 2802 4036 dirimendus
2832 3991 2950 4035 vide·

1618 4133 1726 4173 tueri
1762 4135 1888 4186 potes,
1955 4149 2039 4175 cum
2077 4137 2229 4176 numeri
2265 4136 2600 4184 constitutionum,
2641 4149 2743 4186 quoe
2787 4149 2835 4173 ex
2879 4134 2950 4173 hoc

1619 4191 1731 4229 titulo
1769 4191 1883 4242 apud
1921 4189 2099 4232 Graecos
2137 4194 2189 4238 (v.
2226 4208 2265 4244 9.
2309 4191 2349 4230 B
2381 4192 2446 4237 60,
2478 4199 2519 4230 37
2554 4191 2723 4242 passim)
2762 4191 2948 4235 citantur,

1617 4247 1852 4286 conveniant
1890 4261 1973 4286 cum
2014 4247 2091 4287 hac
2120 4248 2308 4297 editione,
2347 4247 2503 4286 dubium
2535 4261 2611 4285 non
2641 4247 2812 4294 videtur,
2854 4246 2948 4296 quin

1616 4302 1847 4353 rescriptum
1879 4301 1982 4341 illud
2010 4317 2058 4342 ex
2086 4304 2168 4342 alio
2187 4305 2306 4355 sonte
2336 4302 2440 4341 velut
2473 4301 2725 4353 Greyoriano
2755 4301 2819 4340 vel
2844 4301 2949 4340 Her-

1617 4357 1848 4409 moqeniano
1886 4357 2029 4398 Codice
2066 4359 2244 4397 additum
2282 4358 2349 4396 sit:
2392 4365 2434 4395 ut
2469 4358 2568 4396 enim
2606 4358 2726 4395 verba
2767 4357 2951 4407 rescripti

1614 4426 1734 4451 verae
1772 4414 2059 4453 constitutionis
2087 4415 2253 4465 speciem
2280 4427 2383 4464 prae
2415 4427 2455 4451 se
2486 4413 2648 4464 serunt,
2688 4413 2747 4451 ita
2775 4411 2950 4451 Arcadii

1615 4481 1751 4507 nomen
1797 4469 1837 4506 in
1878 4469 2134 4521 inscriptione
2176 4482 2252 4507 non
2293 4469 2476 4506 maiorem
2517 4468 2790 4507 auctoritatem
2832 4467 2948 4506 habet

1616 4537 1733 4575 quam
1763 4523 2039 4576 inscriptiones
2071 4525 2423 4563 additamentorum
2456 4523 2513 4561 od
2541 4525 2579 4568 2,
2604 4532 2660 4563 58.
2689 4524 2725 4568 3,
2752 4531 2805 4564 12.
2834 4524 2871 4571 4,
2890 4530 2945 4563 21.

1869 4579 1939 4629 (11)
1969 4580 2027 4618 sic
2057 4576 2117 4619 R⁶
2147 4593 2228 4618 cum
2260 4578 2347 4616 ΒΣ
2363 4579 2512 4626 (mm),
2549 4577 2718 4617 ancillas
2749 4608 2757 4616 .
2778 4608 2811 4616 ..
2844 4577 2944 4617 libe-

2010 4663 2047 4673 ..
2078 4632 2227 4673 liberas
2257 4633 2318 4673 Ra
2435 4638 2506 4686 (12)
2538 4636 2587 4686 <f
2624 4637 2658 4685 1,
2689 4642 2745 4683 23,
2777 4642 2796 4675 3

1615 4580 1654 4627 4,
1685 4586 1728 4619 35

1614 4644 1679 4673 ras
1714 4632 1758 4685 C,
1788 4632 1950 4674 ancillis
1981 4665 1990 4674 .
