3138 4776
292 190 341 242 Π
381 191 441 239 12

289 337 460 389 exigere
498 333 577 376 tibi
613 331 855 382 mandavit,
895 333 998 373 ante
1036 329 1126 374 litis
1166 327 1526 374 contestationem
1563 329 1614 369 tu

285 391 357 434 alii
385 388 619 444 petendum
646 387 854 430 mandare
883 397 973 427 non
1000 390 1140 440 potes.
1199 383 1292 428 ΡΡ.
1317 393 1411 426 VIII
1428 380 1472 425 lc.
1490 379 1613 440 Sept.

285 444 487 489 Maximo
517 454 565 485 ΙΙ
590 448 635 486 et
660 442 848 485 Aeliano
878 452 1022 483 conss.
1426 440 1483 488 [a.
1515 440 1613 488 223]

341 496 370 545 9
402 497 525 541 Idem
562 498 613 539 A.
653 495 847 550 Aufidio.
917 493 999 548 Qui
1036 495 1254 551 stipendia
1289 497 1481 546 merent,
1521 492 1614 535 suis

285 554 467 609 negotiis
509 562 737 606 superesse
775 548 990 592 inoffensa
1019 550 1251 606 disciplina
1279 552 1490 603 possuntt
1531 560 1614 592 nec

286 614 427 666 potest
465 607 549 650 dici
587 618 707 657 eum,
748 604 822 658 qui
856 604 1043 648 honesta
1084 610 1128 648 et
1156 603 1403 648 verecunda
1431 615 1612 659 praece·

284 666 410 708 dente
441 675 574 706 causa
602 659 832 703 mandatas
859 659 942 702 sibi
967 660 1163 704 actiones
1187 658 1445 710 exercuerit,
1471 659 1613 703 alieno

283 719 454 774 negotio
485 716 625 771 fungi,
657 728 779 766 cum,
818 715 922 758 licet
957 715 1142 759 intentio
1159 717 1171 740 ¹
1203 728 1258 757 ex
1285 727 1477 770 persona
1506 715 1614 758 alte-

284 776 373 818 rius
390 775 505 817 bona
531 771 618 814 fide
648 774 861 821 sumatur,
892 770 1010 813 hunc
1024 774 1174 814 tamen
1202 783 1295 813 rem
1317 783 1443 814 suam
1464 783 1616 826 gerere

284 845 368 874 non
409 828 651 882 ambigitur.
730 825 847 881 quod
885 825 1095 869 militibus
1141 826 1248 870 meis
1283 826 1484 870 interdici
1526 840 1616 870 non

280 885 406 928 modo
450 882 711 934 absurdum,
756 894 907 925 verum
951 882 1080 924 etiam
1124 881 1322 938 iniquum
1361 886 1442 926 est.
1507 881 1615 926 Sine

279 941 349 984 die
377 945 421 983 et
448 938 640 983 consule.

338 994 398 1041 10
430 993 553 1037 Idem
581 995 632 1037 A.
668 991 922 1037 Castriciae.
999 993 1045 1036 Si
1083 998 1347 1048 procurator
1386 993 1443 1037 ad
1481 1006 1614 1037 unam

278 1051 466 1106 speciem
510 1049 777 1093 constitutus
821 1049 1016 1093 officium
1054 1049 1251 1093 mandati
1290 1062 1493 1106 egressus
1532 1054 1613 1101 est,

277 1108 322 1150 id
360 1105 476 1161 quod
510 1105 647 1159 gessit
682 1106 850 1149 nullum
890 1105 1065 1150 domino
1103 1105 1423 1161 praeiudicium
1465 1105 1614 1149 facere

277 1162 431 1218 potuit.
507 1161 625 1216 quod
668 1161 708 1205 si
745 1162 922 1217 plenam
965 1165 1227 1217 potestatem
1257 1161 1415 1218 agendi
1442 1161 1612 1212 habuit,

277 1231 367 1261 rem
408 1216 648 1260 iudicatam
691 1217 881 1260 rescindi
910 1231 1000 1260 non
1031 1221 1227 1272 oportet,
1269 1231 1389 1269 cum,
1431 1217 1471 1260 si
1510 1217 1613 1271 quid

275 1273 429 1317 fraude
458 1273 526 1316 vel
554 1270 655 1316 dolo
687 1285 709 1315 e
742 1273 786 1325 't,
819 1273 1051 1317 convenire
1080 1285 1179 1317 eum
1206 1286 1329 1317 more
1350 1272 1613 1317 iudiciorum

275 1343 363 1373 non
391 1328 651 1385 prohiberis.
751 1327 803 1372 P.
831 1339 902 1372 ΙΙΙ
926 1327 970 1372 lc.
987 1327 1124 1372 Mart.
1155 1328 1317 1373 Albino
1347 1334 1393 1373 et
1405 1327 1612 1437 ΙῖΙαωΞφΞῑῆ

276 1399 417 1429 conss.
1442 1398 1483 1427 a.
1544 1393 1552 1403 ·

335 1439 393 1486 11
437 1439 582 1484 2Idem
615 1441 667 1483 A.
699 1439 981 1484 Sebastiano.
1054 1439 1208 1494 Neque
1250 1443 1420 1483 tutores
1471 1452 1614 1496 neque

276 1502 499 1540 curatores
522 1509 576 1540 ex
600 1508 682 1540 sua
703 1509 895 1552 persona
922 1496 968 1539 in
995 1509 1043 1540 re
1071 1495 1229 1551 pupilli
1258 1496 1325 1539 vel
1353 1495 1613 1540 adulescen-

275 1553 329 1597 tis
366 1558 700 1609 procuratorem
738 1552 886 1596 facere
921 1556 1126 1606 possunt,
1171 1551 1249 1595 sed
1283 1555 1477 1595 actorem
1508 1565 1611 1596 con-

277 1614 295 1652 1
367 1609 549 1652 stituere
586 1608 761 1652 debent.
819 1608 1020 1664 Pupillus
1060 1611 1206 1651 autem
1235 1608 1304 1651 vel
1340 1607 1512 1663 pupilla
1545 1608 1614 1651 vel

276 1664 450 1708 adultus
480 1664 548 1708 vel
577 1665 728 1707 adulta
757 1668 849 1707 tam
878 1664 936 1707 ad
965 1663 1181 1719 agendum
1212 1676 1343 1719 quam
1374 1663 1432 1707 ad
1462 1663 1611 1708 defen-

276 1720 463 1764 dendum
492 1725 638 1763 tutore
678 1733 758 1764 seu
799 1724 1004 1764 curatore
1044 1720 1359 1764 interveniente
1396 1733 1610 1776 procura-

276 1781 299 1820 2
342 1781 482 1820 torem
508 1776 710 1820 ordinare
728 1781 929 1831 possunt.
974 1776 1066 1831 Ipsi
1095 1780 1243 1819 autem
1260 1780 1430 1820 tutores
1461 1780 1505 1819 et
1535 1790 1611 1820 cu-

274 1837 442 1876 ratores
484 1837 587 1888 post
633 1832 723 1876 litis
777 1833 1143 1876 contestationem
1185 1844 1213 1875 a
1256 1845 1303 1876 se
1346 1831 1511 1875 factam
1555 1832 1613 1876 ad

274 1888 519 1944 exemplum
553 1892 913 1944 procuratorum,
953 1888 1028 1943 qui
1066 1888 1186 1931 litem
1217 1889 1454 1932 contestati
1492 1892 1611 1941 sunt,

276 1944 380 1988 dare
419 1949 730 2000 procuratores
771 1958 861 1988 non
891 1943 1196 2000 prohibentur.
1263 1942 1360 1987 ΡΡ.
1391 1944 1516 2002 prid.
1551 1944 1609 1987 id.

273 2000 380 2044 Mai.
411 2000 676 2044 Alexandro
706 2000 757 2043 A.
790 2011 859 2043 HJ
884 2005 929 2044 et
955 1999 1104 2044 Dione
1133 2013 1276 2044 conss.
1416 2001 1436 2058 [
1436 2014 1478 2045 a.
1510 2000 1610 2056 229]

334 2053 395 2101 12
442 2055 569 2100 Idem
611 2057 662 2100 A.
696 2056 919 2100 Frontino
963 2056 1105 2099 militi.
1188 2056 1407 2110 Exigendi
1457 2069 1485 2100 a
1519 2056 1610 2100 filio

273 2117 348 2155 tuo
376 2113 585 2164 mandati,
616 2112 691 2167 qui
720 2125 770 2156 se
799 2111 1043 2155 defensioni
1061 2115 1165 2155 tuae
1191 2112 1416 2164 offerebat,
1448 2112 1613 2168 duplici

273 2168 442 2212 ratione
470 2169 711 2212 necessitas
740 2181 830 2212 non
858 2167 963 2220 fuit,
998 2171 1077 2210 aut
1106 2167 1224 2224 quod
1254 2167 1487 2213 defendere
1516 2169 1612 2224 quis

273 2224 362 2268 sive
414 2223 600 2268 libertus
643 2225 734 2268 sive
789 2226 1024 2268 extraneus
1077 2224 1172 2268 sine
1214 2224 1421 2268 mandato
1467 2229 1615 2280 potest

273 2279 575 2332 (satisdatione
613 2284 760 2323 tamen
800 2293 881 2335 pro
922 2279 1175 2324 defensione
1203 2280 1419 2335 praestita
1455 2286 1499 2323 et
1527 2281 1615 2324 alia

272 2337 427 2391 procul
458 2336 590 2380 dubio
621 2336 928 2380 observatione
958 2335 1187 2389 subiecta),
1228 2341 1307 2378 aut
1335 2337 1452 2391 quod
1481 2337 1612 2389 filius,

272 2392 440 2436 etiamsi
477 2393 592 2436 ultro
629 2392 848 2436 actionem
885 2392 1024 2448 patris
1053 2393 1227 2435 nomine
1267 2392 1448 2446 dirigat,
1489 2405 1613 2435 man-

281 2453 295 2490 l
357 2448 506 2491 datum
534 2448 726 2504 probare
755 2463 846 2493 non
876 2449 1056 2503 cogitur.
1136 2448 1250 2491 Sane
1281 2448 1397 2503 quod
1426 2448 1614 2492 necdum

271 2504 506 2559 legitimam
542 2509 730 2548 aetatem
769 2505 883 2548 idem
919 2504 1035 2547 filius
1075 2508 1179 2548 tuus
1216 2504 1523 2559 compleverat,
1557 2506 1612 2548 ob

273 2561 357 2603 hoc
401 2561 574 2616 quidem
617 2561 834 2617 depellere
878 2560 1190 2616 procuratione
1228 2573 1327 2603 eum
1362 2560 1494 2604 iudex
1523 2574 1613 2604 non

272 2616 432 2659 iniuste
463 2617 619 2672 potuit.
667 2617 744 2660 sed
773 2617 911 2659 multo
950 2616 1108 2660 iustius
1138 2616 1224 2658 fuit
1264 2616 1334 2661 vel
1362 2616 1614 2660 huiusmodi

276 2671 546 2716 defensorem
584 2672 758 2725 audire,
801 2685 931 2727 quam
971 2673 1198 2716 absentem
1228 2672 1354 2727 quasi
1384 2678 1613 2715 contuma-

277 2741 368 2770 cem
413 2731 458 2770 et
498 2727 771 2771 indefensum
820 2727 942 2782 gravi
993 2728 1357 2771 condemnatione
1407 2728 1610 2771 adficere.

283 2795 313 2824 V
335 2782 379 2826 lc.
413 2782 504 2827 Oct.
535 2784 751 2839 Aqricola
780 2790 824 2826 et
855 2781 1125 2826 Clementino
1156 2796 1299 2840 conss.
1416 2784 1477 2881 qa.
1510 2783 1611 2839 230]

336 2835 397 2883 13
443 2837 556 2894 Imp.
599 2836 856 2881 Gordianus
883 2838 935 2881 A.
977 2837 1163 2881 Viciano
1203 2838 1346 2882 militi.
1440 2843 1487 2881 ta
1537 2839 1612 2882 de-

275 2905 394 2935 mum
432 2905 565 2948 super
600 2893 675 2936 lite
702 2893 1021 2948 persequenda,
1053 2906 1184 2947 quam
1213 2893 1294 2936 tibi
1322 2896 1462 2937 mater
1490 2906 1612 2936 man-

278 2948 415 3000 davit,
445 2949 661 2992 actionem
690 2948 917 2991 intendere
945 2953 1085 3004 potes,
1119 2948 1176 3002 si,
1208 2962 1306 2991 cum
1329 2949 1468 3004 primo
1492 2950 1613 2992 litem

278 3004 601 3056 contestareris,
641 3017 729 3047 non
760 3007 827 3047 est
855 3004 935 3047 tibi
965 3017 1015 3047 eo
1044 3004 1218 3047 nomine
1255 3005 1460 3060 opposita
1484 3018 1612 3060 prae-

277 3060 457 3114 scriptio
496 3059 695 3103 militiae:
743 3060 860 3115 quod
903 3072 1007 3111 nec,
1039 3072 1137 3103 cum
1174 3060 1412 3116 appellatio
1454 3062 1611 3115 agitur,

276 3116 355 3158 tibi
381 3114 497 3159 obici
524 3116 698 3170 poterit.
749 3128 851 3159 nam
882 3116 919 3159 si
948 3115 1119 3170 integra
1147 3128 1219 3159 res
1250 3120 1336 3168 est,
1366 3116 1481 3160 ratio
1511 3130 1612 3172 per-

275 3170 397 3225 petui
433 3171 563 3214 edicti
599 3173 828 3226 acceptam
865 3171 946 3214 tibi
983 3185 1073 3215 non
1132 3171 1315 3215 ermittit
1353 3172 1496 3215 alieno
1533 3185 1611 3216 no-

275 3226 389 3270 mine
418 3227 633 3270 actionem
661 3227 899 3270 intendere.
969 3239 1036 3270 II]
1073 3227 1090 3270 i
1123 3262 1132 3270 .
1164 3226 1264 3270 Ian.
1297 3227 1528 3271 Gordiano
1557 3228 1609 3272 A.

275 3288 320 3325 et
348 3282 509 3326 Aviola
539 3296 680 3326 conss.
1413 3283 1476 3340 [a.
1508 3283 1610 3341 239]

336 3336 397 3382 14
428 3337 552 3381 Idem
567 3339 618 3381 A.
651 3338 909 3382 Sabiniano.
969 3338 1070 3382 Non
1099 3337 1184 3381 hoc
1220 3338 1364 3382 minus
1395 3339 1613 3384 sententia

276 3392 482 3437 adversus
530 3400 573 3437 te
616 3395 709 3437 lata
735 3394 843 3438 iuris
883 3394 1053 3438 ratione
1093 3394 1313 3447 substitit,
1363 3395 1482 3450 quod
1532 3395 1610 3439 ad-

276 3450 468 3492 versaria
506 3454 583 3492 tua
621 3450 761 3493 minor
800 3450 949 3505 viginti
983 3450 1175 3506 quinque
1211 3451 1339 3494 annis
1371 3452 1612 3495 constituta

278 3517 457 3547 causam
487 3517 609 3548 suam
639 3506 793 3549 marito
824 3507 917 3549 sine
954 3509 1158 3549 curatore
1188 3507 1399 3560 agendam
1427 3507 1609 3550 manda-

277 3560 349 3603 vit.
420 3561 662 3605 minoribus
709 3561 866 3605 etenim
910 3566 1032 3605 aetas
1072 3563 1117 3604 in
1158 3562 1328 3606 damnis
1364 3563 1609 3616 subvenire,

277 3629 364 3658 non
419 3615 465 3658 in
521 3617 654 3660 rebus
707 3630 916 3672 prospere
957 3618 1091 3672 gestis
1150 3618 1304 3662 obesse
1370 3620 1608 3663 consuevit.

277 3669 368 3714 ΡΡ.
407 3683 474 3714 JJJ
515 3685 618 3715 non.
661 3670 752 3717 Oet.
796 3673 1026 3716 Gordiano
1066 3674 1117 3716 A.
1159 3686 1205 3716 Ι]
1245 3678 1292 3718 et
1331 3673 1445 3718 Pom
1480 3676 1609 3719 eiano

276 3740 417 3770 conss.
1441 3745 1480 3773 a.
1507 3734 1581 3773 241

337 3780 396 3827 15
428 3781 573 3841 Impp.
604 3783 914 3828 Diocletianus
943 3790 986 3828 et
1006 3783 1318 3829 Maximianus
1331 3786 1424 3829 AA.
1454 3791 1498 3830 et
1531 3732 1608 3830 CC]

279 3836 527 3894 Cornificio.
600 3839 743 3883 Litem
772 3844 816 3883 te
845 3840 1079 3883 redemisse
1110 3846 1265 3884 contra
1294 3842 1435 3885 bonos
1464 3854 1608 3885 mores

278 3893 478 3947 precibus
507 3895 737 3939 manifeste
767 3896 995 3950 professus
1026 3909 1085 3950 es,
1125 3910 1223 3939 cum
1254 3897 1607 3952 procurationem

277 3949 447 4003 quidem
487 3951 709 4006 suscipere
746 3951 880 4007 (quod
917 3951 1110 3995 officium
1138 3952 1378 4007 gratuitum
1408 3965 1506 3996 esse
1535 3953 1609 3996 de-

277 4004 365 4055 bet)
396 4018 483 4049 non
513 4007 569 4048 sit
597 4019 666 4050 res
696 4007 863 4059 illicita,
893 4007 1147 4051 huiusmodi
1172 4013 1318 4052 autem
1343 4007 1492 4052 officia
1520 4022 1609 4052 non

275 4059 369 4103 sine
397 4062 735 4115 reprehensione
765 4062 1077 4118 suscipiantur.
1135 4062 1228 4108 ΡΡ.
1255 4075 1322 4107 111
1343 4077 1446 4108 non.
1463 4064 1607 4122 April.

275 4115 365 4160 AA.
396 4129 538 4162 conss.
1410 4120 1472 4177 [a.
1506 4119 1607 4176 293]

275 4315 324 4363 (1)
353 4314 412 4354 sic
446 4313 604 4362 Graeci,
634 4315 843 4355 contentio
874 4316 969 4356 libri
1061 4316 1117 4366 (2)
1145 4320 1254 4367 =5‚
1272 4326 1358 4367 61,²
1445 4316 1498 4367 (3)
1528 4316 1608 4355 nisi

275 4369 576 4419 provocationis
620 4382 741 4409 causa
784 4372 990 4411 addidisse
1036 4371 1284 4412 Iustinianos
1323 4380 1490 4413 testatur
1527 4373 1615 4412 ΒΣ

279 4427 330 4473 (4)
349 4425 521 4473 firmant
554 4425 727 4466 Graeci:
756 4425 865 4476 quod
895 4427 971 4470 del.
1086 4427 1137 4477 (5)
1169 4430 1210 4467 et
1250 4439 1383 4479 neque
1424 4439 1608 4480 praeces-

278 4478 372 4518 sisse
401 4481 535 4521 melius
565 4483 736 4528 abesset,
769 4483 883 4521 adest
912 4489 1038 4521 tamen
1056 4482 1169 4534 apud
1187 4482 1367 4523 Graecos
1462 4481 1517 4534 (6)
1548 4495 1609 4522 se-

280 4532 455 4573 cundum
486 4538 654 4575 formam
678 4537 866 4588 perpetui
891 4536 1016 4577 edicti
1038 4538 1248 4577 secundam
1265 4540 1352 4578 ΒΣ
1369 4539 1424 4589 (κ.
1441 4546 1504 4580 π.)
1531 4539 1609 4579 ins.

281 4589 335 4637 (Ἰ)
363 4600 436 4628 neo
467 4591 542 4631 del.
575 4589 790 4632 Mommsen
879 4592 936 4643 (8)
969 4597 1022 4640 §1
1050 4611 1109 4627 -ι
1140 4593 1373 4645 Tk.2,12,4
1458 4594 1515 4644 (9)
1544 4593 1608 4632 sin

283 4668 348 4683 ...
377 4646 608 4698 susceperit]
638 4648 879 4699 procurator
912 4648 983 4688 Th.
1143 4648 1219 4700 (ιο)
1248 4669 1302 4684 =
1337 4647 1407 4689 ΤΙι.
1439 4650 1478 4700 2,
1507 4658 1561 4700 12,
1591 4659 1607 4691 ι

1615 175 1712 232 104

2427 181 2502 231 ΠΕ
2537 190 3028 239 Paocmromnvs

1759 322 1820 371 16
1852 323 1978 369 Idem
1998 326 2090 372 AA.
2120 333 2164 374 et
2194 328 2271 373 00.
2303 328 2543 373 Paeoniae.
2601 329 2937 377 Procuratorem
2965 332 3034 377 vel
3096 367 3098 369 -

1697 384 1892 424 actorem
1920 382 2111 436 praedii,
2148 385 2187 429 si
2215 399 2304 428 non
2334 385 2584 441 specialiter
2612 385 2883 431 distrahendi
2909 401 3034 432 man·
3090 401 3101 435 t-

1698 436 1850 479 datum
1878 438 2062 492 accepit,
2089 439 2158 484 ius
2187 454 2334 484 rerum
2368 440 2549 484 dominii
2577 441 2790 486 vendendi
2827 457 2918 488 non
2953 444 3034 488 ha-
3085 448 3104 494 ἐ·

1696 492 1801 535 bere
1831 496 1997 535 certum
2026 505 2078 537 ac
2107 496 2387 539 manifestum
2417 501 2495 539 est.
2546 495 2662 540 unde
2692 497 2730 541 si
2757 511 2847 542 non
2875 511 2932 542 ex
2957 511 3034 543 vo·
3087 492 3105 534 ⁴⁴⁴

1697 548 1867 611 luntate
1906 547 2070 611 domini
2103 551 2388 596 vendentibus
2426 552 2494 594 his
2532 550 2717 595 fundum
2754 553 3035 608 comparasti,
3085 516 3117 609 2

1697 602 1895 667 pervides
1931 605 2178 670 improbum
2214 612 2338 650 tuum
2375 606 2639 651 desiderium
2675 620 2769 651 esse
2798 607 3036 653 dominium
3092 612 3108 690 '3'

1698 672 1752 702 ex
1803 658 2056 703 huiusmodi
2102 663 2322 718 emptione
2373 663 2455 707 tibi
2498 662 2681 707 concedi
2729 663 3033 709 desiderantis.
3097 693 3102 698 -

1699 714 1743 757 S.
1775 727 1879 757 non.
1910 715 2022 773 Apr.
2055 715 2276 775 Byzantii
2304 719 2395 762 AA.
2429 731 2572 762 conss.
2835 719 2896 776 [a.
2928 718 3031 776 293]

1761 767 1819 814 17
1853 768 1976 813 Idem
2004 771 2096 815 AA.
2126 778 2171 817 et
2201 772 2277 818 00.
2308 773 2564 818 Mardonio.
2624 773 2794 817 Invitus
2823 787 3036 831 procura·
3079 791 3096 811 '-

1697 825 1860 891 tionem
1908 827 2133 892 suscipere
2176 841 2304 873 nemo
2345 829 2517 885 cogitur
2561 842 2639 874 nec
2683 829 2864 873 eandem
2906 831 3037 884 ultra,

1697 894 1782 924 nisi
1810 883 2137 936 provocationis
2169 897 2304 929 causa
2316 886 2346 939 ³,
2377 885 2627 930 extendere.
2677 885 2756 930 sed
2783 898 2865 930 nec
2887 885 3038 930 defen·
3122 892 3125 900 ‘

1698 937 1864 980 sionem
1899 937 2094 982 absentis
2125 940 2273 984 subire
2310 941 2606 997 compellitur,
2646 954 2747 985 cum
2780 940 2914 986 fidem
2942 954 3038 986 sus—

1699 997 1870 1049 ceptam
1935 992 2117 1048 implere
2185 995 2390 1040 sufficiat.
2487 996 2581 1041 ΡΡ.
2640 1010 2745 1041 non.
2789 995 2892 1041 Iun.
2931 996 3039 1042 Phi-
3104 995 3126 1043 ³1

1698 1048 1921 1107 lippopoli
1972 1048 2257 1096 Diocletiano
2310 1065 2341 1095 V
2384 1057 2430 1097 et
2474 1051 2762 1098 Maximiano
2805 1063 2899 1097 ΙΙΙ]
2933 1053 3038 1152 2⁴35.
3106 1065 3117 1124 ,ξ

1698 1117 1841 1148 conss.
1875 1138 1890 1156 η,
2867 1121 2910 1153 a.
3103 1114 3116 1147 ’τ

1759 1156 1820 1205 18
1852 1158 1978 1204 Idem
1997 1161 2097 1226 ‚AA.
2128 1167 2174 1206 et
2203 1161 2281 1206 00.
2313 1162 2573 1230 Dionysiae.
2649 1108 2869 1209 Alienam[
2898 1107 3040 1209 susci?-
3108 1164 3120 1225 ζ
3129 1199 3131 1202 ⁴

1697 1228 1800 1272 pere
1840 1216 2139 1261 defensionem
2178 1218 2300 1262 virile
2334 1219 2531 1263 officium
2558 1225 2628 1265 est
2656 1224 2703 1265 et
2728 1221 2847 1264 ultra
2885 1233 3039 1265 sexum
3108 1226 3120 1269 ’ἑ

1696 1272 1951 1316 muliebrem
1980 1285 2077 1316 esse
2107 1277 2294 1317 constat.
2353 1275 2444 1319 filio
2472 1275 2623 1332 itaque
2650 1280 2741 1331 tuo,
2776 1277 2814 1321 si
2842 1276 3037 1342 pupillus

1699 1333 1783 1382 est,
1834 1332 2028 1372 tutorem
2078 1334 2194 1385 pete.
2278 1328 2324 1373 S.
2371 1342 2455 1374 ΧΙῙ
2505 1331 2549 1375 lc.
2593 1332 2722 1376 Febr.
2777 1332 2914 1377 Sirnu
2961 1330 3040 1376 00.

1698 1397 1842 1429 conss,
2841 1387 2903 1446 [a.
2934 1387 3037 1445 294]
3119 1385 3135 1444 ‘³5

1759 1437 1820 1485 19
1852 1438 1977 1483 Idem
2006 1440 2099 1483 AA.
2140 1445 2186 1485 et
2216 1439 2294 1484 00.
2326 1440 2494 1485 Firmo.
2563 1441 2611 1485 Si
2645 1443 2858 1498 pretium,
2924 1443 3042 1487 uod⁴

1697 1496 1924 1540 actoribus
1955 1496 2109 1539 alienis
2139 1495 2324 1540 fundum
2352 1497 2422 1541 vel
2451 1510 2626 1542 servum
2651 1498 2764 1542 citra
2784 1511 2888 1542 man
2920 1503 3042 1543 atum
3123 1497 3136 1520 ‘³

1696 1553 1776 1595 tibi
1806 1552 2154 1596 distrahentibus
2184 1552 2345 1596 dedisti
2374 1555 2420 1596 et
2448 1566 2592 1608 neque
2620 1554 2935 1609 praecessisse⁵
2961 1567 3039 1598 ne·
3115 1580 3127 1604 ,ι

1697 1621 1783 1664 que
1823 1613 1978 1652 secuta
2018 1612 2298 1652 contractum
2335 1609 2500 1653 domini
2537 1609 2786 1654 declaretur
2823 1609 3040 1665 voluntas,

1696 1665 1741 1707 in
1786 1677 1879 1708 rem
1922 1668 2070 1707 autem
2114 1664 2207 1707 eius
2245 1665 2292 1708 id
2331 1665 2520 1720 pretium
2559 1666 2748 1710 cessisse
2788 1666 3043 1722 provinciae
3119 1664 3138 1718 ,ᾖ

1695 1733 1876 1776 praeses
1911 1733 2048 1764 causa
2083 1721 2260 1776 cognita
2293 1721 2581 1777 perspexerit,
2620 1723 2707 1766 hoc
2730 1721 2814 1766 tibi
2840 1722 3044 1767 restitui⁶
3124 1721 3138 1761 3*

1695 1777 1877 1820 iubebit.
1918 1775 1965 1820 S.
1987 1776 2114 1835 prid.
2143 1776 2203 1820 id.
2234 1776 2371 1820 Mart.
2406 1776 2483 1822 00.
2515 1791 2657 1822 conss.
2843 1778 2904 1836 [a.
2936 1778 3039 1836 294]

1755 1830 1819 1879 20
1852 1832 1978 1876 Idem
2006 1832 2097 1875 AA.
2139 1837 2184 1876 et
2214 1831 2292 1877 00.
2324 1832 2386 1877 ad
2424 1832 2634 1877 Verinum
2665 1834 2928 1892 praesidem
2957 1833 3042 1901 Sy·
3124 1834 3131 1886 ζ’

1696 1888 1805 1933 riae.
1873 1888 1993 1931 Nihil
2032 1888 2299 1931 arbitramur
2345 1889 2578 1941 interesse,
2622 1894 2771 1934 utrum
2819 1890 2877 1934 ab
2916 1889 3042 1935 initio

1697 1957 1754 1987 an
1795 1950 1953 2000 coepta
1990 1944 2078 1987 iam
2115 1944 2193 1988 lite
2222 1945 2444 2000 negotium
2478 1945 2536 1988 ad
2563 1957 2799 2001 personam
2827 1958 3042 2002 procura·
3116 1945 3133 2010 ,j

1696 2000 1807 2045 toris
1845 2000 2082 2044 transitum
2123 2000 2291 2044 fecerit.
2360 2000 2416 2045 D.
2448 2013 2486 2045 Χ
2513 2000 2557 2045 lc.
2592 2000 2685 2046 Oct.
2715 2000 2929 2046 Demesso
2962 1999 3040 2046 00.
3124 2017 3135 2065 3

1698 2070 1842 2101 conss.
2851 2057 2912 2115 [a.
2939 2056 3041 2115 294]
3118 2059 3135 2112 ξ

1755 2110 1816 2158 21
1853 2111 1965 2170 Imp.
2000 2111 2321 2157 Constantinus
2344 2114 2396 2156 A.
2428 2112 2491 2157 ad
2517 2112 2754 2157 concilium
2815 2112 3045 2158 rovinoiae
3124 2111 3135 2163 ’ἦ

1697 2168 1899 2226 Africae.
1957 2168 2148 2212 Maritus
2187 2168 2299 2212 citra
2340 2168 2597 2214 mandatum
2635 2169 2682 2212 in
2719 2181 2768 2212 re
2800 2182 2852 2213 us
2891 2169 3041 2214 uxoris

1698 2238 1798 2268 cum
1828 2224 2029 2268 sollemni
2057 2224 2345 2269 satisdatione
2373 2228 2419 2269 et
2453 2225 2540 2268 alia
2570 2225 2877 2270 observatione
2903 2225 3040 2269 inter-
3135 2228 3138 2242 ¹

1699 2280 1882 2324 cedendi
1911 2281 2075 2324 habeat
2101 2281 2285 2324 liberam
2313 2281 2592 2333 facultatem,
2632 2293 2688 2324 ne
2725 2280 2914 2324 feminae
2941 2293 3040 2337 per-
3124 2286 3138 2338 'j

1698 2336 1947 2392 sequendae
1990 2336 2078 2380 litis
2124 2337 2307 2380 obtentu
2350 2337 2397 2380 in
2435 2336 2744 2381 contumeliam
2781 2337 3042 2381 matronalis
3116 2354 3138 2391 1⁴

1696 2392 1879 2449 pudoris
1919 2392 2217 2436 inreverenter
2251 2393 2431 2436 inruant
2459 2394 2571 2436 nec⁷
2610 2393 2899 2436 conventibus
2926 2392 3041 2437 viro-

1706 2455 1717 2490 1
1757 2461 1854 2492 rum
1868 2448 1935 2491 vel
1953 2447 2127 2491 iudiciis
2143 2447 2358 2492 interesse
2376 2454 2601 2504 cogantur.
2635 2447 2739 2491 ¹*Sin
2756 2453 2902 2492 autem
2918 2461 3040 2492 man·
3131 2463 3138 2487 ι

1698 2504 1850 2547 datum
1890 2504 2137 2560 susceperit
2148 2505 2179 2556 ⁹,
2217 2503 2322 2548 licet
2360 2504 2543 2548 maritus
2583 2503 2662 2557 sit,
2702 2503 2747 2547 id
2784 2504 2926 2548 solum
2965 2516 3041 2548 ex-

1697 2572 1746 2604 se
1778 2560 1823 2603 ui
1863 2559 2014 2614 debet,
2057 2559 2177 2616 quod
2205 2562 2459 2616 procuratio
2497 2561 2656 2604 emissa
2693 2559 3042 2617 praescripserit.
3132 2571 3138 2635 ἔ

1700 2574 1791 2660 ΡΞ).
1819 2628 1922 2680 Vll.
1953 2617 2011 2660 id.
2053 2617 2188 2663 Mart.
2226 2616 2503 2663 Hadrumeto
2536 2617 2830 2663 Constantino
2859 2620 2916 2658 A.
2960 2628 3046 2660 tm
3128 2627 3138 2663 ε

1700 2676 1744 2715 et
1772 2671 1951 2715 Licinio
1983 2683 2075 2714 HJJ
2102 2685 2243 2714 conss.
2844 2671 2906 2728 [a.
2938 2669 3040 2727 315]
3134 2679 3138 2689 ¹

1755 2724 1821 2772 22
1853 2725 1978 2770 Idem
2006 2727 2058 2770 A.
2100 2726 2162 2769 ad
2190 2726 2383 2770 Bassum
2404 2740 2488 2783 pu.
2562 2726 2931 2770 Procuratoribus
2974 2726 3040 2770 in·

1698 2782 1865 2826 stitutis
1903 2786 2078 2837 etpost
2108 2784 2399 2825 contestatam
2429 2782 2551 2825 litem
2581 2782 2765 2826 dominis
2805 2781 2971 2826 effectis
3009 2781 3042 2825 ii

1698 2838 1774 2892 qui
1822 2838 2137 2880 mandaverant
2181 2850 2272 2880 non
2315 2837 2509 2880 habeant
2562 2837 2823 2881 facultatem
2865 2837 3042 2892 negotia
3120 2850 3138 2908 ,ᾗ

1697 2892 3042 2993 5ngZiffnsst'cesiiasss-iafflk'ilaffissfflssiiissssssit-‘'iinssmffi
3127 2911 3138 3029 ᾗ

1697 3005 1828 3047 etiam
1857 3004 2004 3047 invitis
2034 3003 2104 3047 his
2133 3003 2363 3047 transferri
2392 3004 2444 3048 lis
2474 3008 2634 3060 potest.
2686 2982 2741 3048 D.
2759 3017 2864 3048 ΧΠ]
2889 3003 2933 3049 Ic.
2951 3001 3039 3049 Iul.

1700 3059 1993 3104 Constantino
2022 3060 2074 3103 A.
2114 3072 2144 3103 V
2167 3065 2212 3104 et
2238 3059 2412 3103 Licinio
2447 3059 2489 3104 0.
2527 3073 2670 3104 conss.
2843 3060 2904 3118 [a.
2937 3059 3039 3117 319]
3131 3042 3138 3104 l

1753 3113 1818 3162 23
1861 3114 2013 3174 ¹⁰Imp.
2046 3115 2255 3159 Iulianus
2282 3116 2334 3159 A.
2367 3114 2574 3160 Secundo
2594 3129 2679 3181 pp.
2742 3115 2878 3160 Nulla
2912 3115 3041 3160 dubi-

1696 3172 1804 3216 tatio
1835 3173 1904 3215 est
1932 3175 2035 3227 post
2073 3183 2251 3215 causam
2293 3171 2340 3214 in
2377 3171 2539 3215 iudicio
2584 3172 2841 3227 agitatam¹¹
2886 3176 3041 3228 utpote
3132 3189 3138 3242 1

1697 3227 1922 3272 dominum
1950 3227 2040 3271 litis
2069 3231 2405 3283 procuratorem
2434 3227 2638 3272 effectum
2674 3228 2804 3271 etiam
2833 3232 2937 3284 post
2964 3240 3039 3272 ex·-
3131 3246 3138 3280 ι

1697 3296 1870 3327 cessum
1899 3282 2017 3335 eius,
2060 3283 2134 3339 qui
2169 3282 2380 3338 agendam
2415 3283 2483 3327 vel
2519 3282 2836 3327 defendendam
2869 3282 2991 3327 litem
3007 3283 3042 3310 ¹²
3131 3282 3138 3355 ᾗ

1696 3339 2000 3393 mandaverat,
2038 3351 2170 3394 posse
2208 3339 2460 3382 inchoatam
2496 3351 2673 3383 causam
2691 3340 2723 3365 ¹³
2765 3338 3040 3395 iurgiumque

1695 3395 1834 3448 finire,
1866 3396 2028 3451 quippe
2059 3408 2159 3438 cum
2189 3400 2233 3438 et
2260 3398 2596 3451 procuratorem
2623 3407 2754 3450 posse
2783 3407 2882 3438 eum
2909 3394 3036 3438 insti·
3130 3373 3138 3423 Ῑ

1695 3458 1819 3495 tuere
1834 3451 1868 3477 ¹⁴
1910 3456 2079 3495 veteres
2125 3451 2233 3494 iuris
2281 3451 2515 3495 voluerunt
2564 3450 2827 3494 conditores.
2900 3449 3039 3494 Lecta
3129 3458 3138 3518 ᾗ

1696 3506 1821 3606 ῗρῑὲᾴ
1859 3512 1962 3551 acta
1991 3506 2115 3565 prid.
2148 3519 2251 3550 non.
2282 3506 2411 3551 Febr.
2444 3505 2625 3550 Iuliano
2654 3507 2706 3549 A.
2738 3517 2831 3549 ΙΙΙ]
2864 3510 2910 3550 et
2933 3503 3038 3618 :fiscali
3131 3519 3138 3623 1

1716 3577 1766 3606 ecs
1787 3576 1831 3606 zo
1863 3576 2005 3606 conss.
2865 3574 2905 3604 a.
2939 3582 2942 3584 Δ

1752 3616 1818 3663 24
1854 3617 2022 3676 ¹⁵Impp
2059 3652 2068 3662 .
2102 3616 2350 3662 Gratianus
2388 3615 2732 3660 Valentinianus
2763 3620 2809 3660 et
2903 3615 3037 3661 eodo-

1694 3675 1789 3719 sius
1823 3674 1955 3717 AAA.
2002 3633 2054 3717 I?
2074 3674 2251 3717 neratio
2284 3686 2367 3730 pu.
2420 3672 2547 3716 Licet
2581 3673 2628 3715 in
2657 3671 2873 3728 principio
2903 3684 3037 3728 quae·
3130 3686 3138 3727 ῑ

1694 3730 1847 3774 stionis
1891 3742 2081 3784 persona
2125 3729 2258 3772 debet
2300 3727 2464 3783 inquiri
2507 3727 2831 3783 procuratoris,
2881 3739 2939 3771 an
2980 3727 3037 3771 ad
3129 3731 3138 3790 ᾗ

1695 3785 1908 3841 agendum
1939 3785 2160 3840 negotium
2191 3783 2446 3827 mandatum
2480 3796 2507 3827 a
2541 3783 2714 3827 domino
2743 3782 2832 3827 litis
2861 3783 3036 3836 habeat,

1694 3844 1842 3885 tamen
1870 3840 1910 3884 si
1932 3840 2072 3884 falsus
2095 3843 2358 3896 procurator
2373 3840 2633 3890 inveniatur,
2663 3840 2792 3883 nec¹⁶
2821 3838 2908 3883 dici
2931 3851 3035 3882 con·

1693 3895 1928 3940 troversiae
1968 3897 2113 3940 solent
2149 3909 2232 3939 nec
2260 3899 2409 3951 potest
2430 3907 2526 3939 esse
2547 3895 2771 3938 iudicium.
2829 3893 2885 3938 D.
2906 3893 3032 3952 prid.

1693 3966 1796 3995 non.
1851 3951 1997 4009 April.
2053 3950 2447 4009 Constantinopoli
2492 3950 2689 3995 Antonio
2739 3954 2785 3995 et
2835 3947 3034 4049 Syaggo

1829 4042 1837 4050 .
2857 4017 2898 4048 a.
2987 4014 2998 4024 ·

1694 4021 1828 4108 ⁶03⁸?
1848 4061 2027 4127 Imppp.
2066 4061 2408 4107 Valentinianus
2439 4060 2714 4105 Theodosius
2741 4065 2785 4104 et
2878 4003 3035 4104 eadiuii

1691 4119 1824 4162 AAA.
1860 4118 2050 4162 Tatiano
2071 4132 2155 4178 pp.
2215 4117 2487 4173 Quicumque
2523 4116 2832 4174 praetorianae
2859 4115 2929 4159 vel
2957 4127 3033 4160 ur·
3062 4155 3066 4159 .

3132 4368 3138 4382 ..
3127 4130 3138 4311 -;.-4μ.4..<ι.’.-.

1694 4315 1761 4365 (ιι)
1777 4314 2031 4367 publicatam
2046 4314 2121 4356 Th.
2205 4316 2279 4365 (12)
2295 4311 2491 4366 agendam
2507 4324 2547 4351 u.
2561 4310 2598 4350 d.
2610 4309 2742 4361 litem]
2758 4309 3032 4350 defensionem

1701 4370 1771 4411 Th.
1830 4374 1901 4424 (13)
1918 4371 2035 4412 litem
2057 4369 2132 4412 Th.
2190 4371 2262 4420 (14)
2280 4372 2321 4410 et
2335 4368 2388 4408 ad
2402 4367 2568 4408 heredes
2582 4378 2676 4406 suos
2690 4366 2882 4407 inchoata
2897 4368 3031 4406 trans-

1693 4426 1855 4467 mittere
1884 4428 1958 4468 ins.
1996 4425 2067 4467 Th.
2205 4424 2279 4477 (15)
2307 4443 2365 4460 a=
2397 4423 2472 4463 172.
2503 4424 2542 4473 2,
2576 4431 2627 4474 12,
2657 4430 2697 4464 3:
2729 4423 2846 4485 iunge
2876 4422 2914 4472 8,
2938 4429 2979 4484 ,4,
3009 4428 3030 4462 6

1693 4481 1766 4532 (16)
1803 4482 1855 4522 In
1892 4481 2099 4535 principio
2138 4478 2388 4532 quaestionis
2424 4490 2598 4530 persona
2637 4476 2756 4517 debet
2793 4475 2951 4528 inquiri
2989 4477 3031 4516 et

1692 4539 1833 4576 utrum
1870 4537 1923 4578 ad
1963 4536 2167 4589 agendum
2207 4534 2418 4588 negotium
2446 4532 2637 4573 mandato
2665 4534 2808 4573 utatur
2835 4533 3028 4583 accepto:

1693 4592 1842 4643 quibus
1870 4593 1949 4633 rite
1979 4595 2020 4632 et
2045 4591 2300 4632 sollemniter
2328 4588 2561 4629 constitutis
2588 4590 2722 4642 potest
2750 4599 2834 4628 esse
2861 4590 3024 4628 senten-

1693 4648 1770 4688 tia:
1800 4648 2032 4701 praeteritis
2060 4651 2195 4689 autem
2225 4646 2290 4686 his
2317 4657 2391 4685 neo
2425 4645 2497 4687 1⁷2.
