3094 4732
205 127 278 167 DE
311 122 571 164 SALGAMO
609 124 931 167 HOSPI'I'IBUS

203 261 310 309 dant
338 276 420 320 pro
450 264 586 310 tertia
616 278 731 322 quae
758 265 927 322 legibus
955 265 1191 322 praefinita
1219 270 1288 312 est
1316 268 1539 324 portione:

199 321 397 387 exceptis
428 321 632 366 videlicet
660 323 925 378 ergasteriis,
957 335 1072 378 quae
1100 323 1146 367 in
1174 325 1334 380 plateis
1363 326 1432 369 vel
1462 337 1541 368 an-

201 380 224 419 7
283 377 471 433 giportis
500 391 598 422 esse
626 382 887 423 noscuntur.
947 378 1071 434 Quod
1099 379 1146 422 in
1169 381 1372 426 omnibus
1402 381 1541 425 domi-

199 433 285 477 bus
315 446 427 490 quae
455 435 698 490 hospitales
739 439 842 486 sunt
881 434 1104 478 observari
1142 437 1360 481 iubemus:
1399 437 1463 481 ita
1492 440 1543 481 ut

198 503 327 534 nemo
356 490 423 534 vel
464 502 518 534 ex
553 503 683 535 sacro
721 490 939 546 rescripto
969 491 1036 534 vel
1075 504 1129 534 ex
1169 492 1317 537 divina
1354 493 1538 537 adnota-

198 547 322 590 tione
350 558 428 589 seu
466 547 740 602 pragmatica
781 547 1011 590 sanctione
1053 552 1207 591 contra
1245 549 1360 593 hanc
1400 549 1540 603 legem

201 606 226 646 8
283 602 350 646 uti
373 603 518 659 possit
543 602 843 646 excusationis
860 603 1040 646 auxilio.
1085 604 1164 647 His
1179 606 1397 657 omnibus,
1429 617 1542 660 quae

199 670 281 713 per
315 659 432 702 hanc
474 660 612 714 legem
653 658 982 712 constituimus,
1021 659 1068 702 in
1106 660 1191 703 hac
1221 666 1402 704 aeterna
1431 661 1541 704 urbe

201 714 501 759 observandis.

260 769 318 817 11
361 770 491 828 ²Imp.
522 770 643 814 Zeno
660 770 710 814 A.
731 767 998 827 Illyriciano
1023 771 1241 829 maqistro
1268 771 1539 829 officiorum.

200 827 364 871 Decem
391 830 497 883 post
525 826 826 882 primicerium
857 826 1058 870 tribunos
1087 827 1134 870 in
1165 829 1389 882 domibus,
1431 839 1541 883 quas

199 883 245 926 in
273 883 358 927 hae
386 882 509 937 regia
539 883 647 926 urbe
676 882 918 938 possident,
948 887 1211 927 metatorum
1234 884 1442 928 iussimus
1466 895 1540 926 va-

201 939 421 983 cationem
451 938 622 982 mereri.

260 993 324 1041 12
354 996 373 1021 ²
385 993 708 1052 [Αὐτοκράτωρ
721 990 1031 1038 Ἰουστινιανὸς
1045 998 1092 1037 Α
1095 1026 1106 1038 .
1119 991 1344 1050 Ἰουλιανῷ
1361 991 1540 1053 ἐπάρχῳ

200 1055 508 1161 πραιξλῖἕτξέἔέ
536 1104 689 1160 ἄρχων
717 1107 768 1148 ἐν
809 1107 872 1160 τῷ
904 1110 1185 1161 περινοστεῖν
1216 1109 1403 1162 ζητείτω
1434 1122 1540 1164 προ·

311 1161 443 1262 {22⁸⁶
472 1160 1414 1261 {titia-2?i0itzt⁰²t⁶t2⁰²issffiffl⁰j
1442 1179 1543 1261 '⁶522

310 1250 545 1374 {mxii-effoth
576 1271 815 1330 δημεύεται
844 1236 926 1316 καὶ2
948 1252 1100 1333 ἐξόρίᾳ
1128 1224 1541 1330 ὃιηπίῖκεῖεέπὲβάῖ-

338 1347 436 1373 &Tac
468 1363 479 1374 0

201 1386 271 1440 [D.
310 1399 407 1431 VIII
431 1385 474 1430 lc.
508 1386 594 1431 Iul.
629 1385 907 1431 Chalcedone
935 1384 1187 1445 Lampadio
1217 1390 1262 1431 et
1293 1385 1448 1432 Oreste
1475 1400 1541 1432 vv.

199 1456 260 1488 ce.
292 1447 454 1495 consa]
1353 1446 1410 1495 [a.
1443 1446 1541 1496 530]

165 1666 177 1680 ,
602 1614 810 1663 xxxx1
849 1613 1135 1675 (xxxxn).

236 1697 315 1739 DE
344 1697 608 1738 SALGAMO
638 1696 972 1737 HOSPITIBUS
1002 1696 1121 1736 NON
1150 1696 1504 1736 PRAEBENDO.

257 1778 281 1825 1
317 1778 482 1837 ⁶Impp.
505 1777 795 1822 Constantius
824 1782 870 1822 et
899 1776 1119 1822 Constans
1133 1777 1223 1820 AA.
1247 1776 1439 1820 Leontio
1456 1790 1541 1834 pp.

197 1835 266 1879 Ne
296 1836 393 1890 quis
425 1834 634 1878 comitum
663 1833 732 1876 vel
768 1834 1049 1878 tribunorum
1078 1837 1157 1875 aut
1187 1832 1543 1887 praepositorum

197 1894 278 1934 aut
307 1891 493 1933 militum
522 1889 700 1932 nomine
737 1890 920 1943 salgami
949 1889 1114 1943 gratia,
1158 1887 1206 1930 id
1234 1887 1329 1930 est⁶
1359 1888 1543 1931 culcitas

197 1947 364 2002 lignum
393 1947 538 1990 oleum
567 1957 595 1988 a
624 1944 716 1987 suis
746 1949 1010 1999 extorqueat
1038 1944 1311 1999 hospitibus:
1353 1943 1432 1987 sed
1461 1956 1544 1986 nec

196 2002 476 2047 volentibus⁷
504 2001 756 2058 hospitibus
778 2001 823 2043 in
848 2001 1089 2055 praedictis
1119 1999 1348 2056 speciebus
1379 1999 1545 2054 aliquid

199 2058 427 2103 auferant:
466 2058 544 2102 sed
579 2056 877 2113 provinciales
908 2057 997 2100 sint
1033 2057 1176 2101 nostri
1205 2056 1261 2099 ab
1299 2056 1385 2099 hac
1413 2068 1545 2111 prae-

198 2115 366 2159 bitione
395 2115 561 2158 securi:
604 2113 838 2156 comitibus
876 2113 1070 2157 tribunis
1098 2113 1166 2155 vel
1206 2115 1326 2155 certe
1355 2124 1462 2167 prae
1496 2126 1542 2156 ο-

201 2171 296 2215 sitis
325 2170 628 2224 militibusque
656 2169 779 2223 gravi
807 2169 1031 2213 vexationi
1055 2167 1404 2212 subiacentibus.
1491 2203 1498 2211 .
1521 2180 1551 2211 V

198 2226 259 2271 id.
293 2225 379 2272 Oct
376 2260 499 2271 .....
518 2237 661 2269 conss.
677 2227 695 2252 ⁸
1324 2227 1382 2276 [a.
1415 2227 1495 2268 340
1506 2224 1543 2277 1³]

583 2397 817 2447 xxxxn
856 2395 1170 2456 (xxxxm).

659 2480 737 2521 DE
768 2476 1099 2520 COMMEATU.

259 2562 284 2610 1
323 2562 456 2622 ⁹Imp.
492 2562 814 2607 Constantinus
843 2562 894 2604 A.
927 2563 972 2604 et
1002 2558 1044 2603 C.
1076 2558 1265 2602 Aeliano
1281 2558 1326 2603 ¹⁰.
1371 2558 1441 2603 Ne
1472 2558 1547 2602 cui

200 2619 335 2665 liceat
362 2619 721 2676 praepositorum
743 2617 813 2661 vel
828 2619 863 2644 ¹¹
890 2615 1172 2660 tribunorum
1203 2614 1450 2658 cohortium
1478 2615 1546 2659 vel

202 2676 468 2721 vicariorum
499 2680 543 2718 et
571 2674 855 2719 familiarium
885 2685 1038 2716 eorum
1076 2674 1274 2726 tempore
1305 2670 1544 2726 expeditio-

202 2733 272 2777 nis
287 2734 321 2759 ¹²
365 2744 643 2788 quocumque
695 2742 856 2786 genere
912 2729 1116 2783 cuiquam
1166 2727 1220 2770 de
1261 2727 1474 2770 militibus
1519 2739 1546 2770 a

203 2788 363 2833 castris
399 2793 532 2844 atque
572 2787 709 2842 signis
745 2786 814 2829 vel
851 2785 921 2830 his
966 2785 1097 2828 etiam
1135 2782 1265 2835 locis,
1303 2784 1350 2826 in
1386 2783 1545 2838 quibus

207 2850 226 2889 1
287 2845 564 2902 pertendant,
597 2841 850 2888 discedendi
879 2845 1169 2886 commeatum
1198 2839 1317 2883 dare.
1371 2838 1419 2882 Si
1447 2839 1544 2894 quis

203 2914 307 2946 vero
334 2905 490 2945 contra
512 2901 630 2944 hanc
645 2901 679 2926 ¹³
710 2901 847 2954 legem
876 2897 1026 2941 facere
1043 2908 1178 2940 ausus
1203 2895 1338 2939 fuerit
1363 2899 1406 2938 et
1429 2895 1543 2938 mili-

202 2962 292 3002 tem
322 2961 479 3001 contra
507 2956 792 3001 interdictum
825 2957 1071 2997 commeatu
1113 2951 1323 2995 dimiserit
1354 2964 1405 2995 eo
1435 2955 1545 2994 tem-

203 3026 325 3070 pore,
350 3013 398 3057 in
417 3026 503 3069 quo
521 3014 556 3039 ¹⁴
583 3013 875 3058 barbarorum
899 3009 1094 3054 incursio
1112 3007 1319 3060 extiterit,
1351 3012 1395 3051 et
1422 3011 1545 3059 tunc,

206 3082 307 3112 cum
335 3073 594 3124 praesentes
631 3069 678 3111 in
719 3067 876 3111 castris
906 3069 1040 3122 atque
1079 3064 1196 3119 apud
1235 3063 1359 3118 signa
1386 3063 1545 3107 milites

205 3137 304 3169 esse
343 3125 556 3179 debeant,
603 3123 836 3179 quisquam
875 3122 1059 3173 afuerit,
1105 3119 1249 3175 capite
1287 3119 1544 3162 vindicetur.

205 3180 261 3225 D.
296 3192 387 3224 IIII
412 3179 454 3223 lc.
486 3179 596 3224 Mai.
629 3178 793 3223 Severo
822 3182 867 3222 et
893 3177 1060 3234 Rufino
1091 3188 1233 3220 conss.
1359 3179 1414 3228 [a.
1448 3178 1544 3227 323]

264 3234 296 3282 2
330 3235 436 3280 ¹⁵Im
536 3271 544 3279 .
565 3233 810 3279 Gratianus
833 3233 1177 3278 Valentinianus
1203 3236 1248 3275 et
1273 3229 1549 3275 Theodosius

205 3292 339 3338 ΑΑΑ.
371 3250 701 3350 αᾶΡέἔαφ-ἰαηι
725 3289 990 3348 mayistrum
1021 3287 1293 3346 officiorum.
1339 3286 1546 3341 Quicum·

208 3362 293 3405 que
321 3348 376 3392 de
406 3348 578 3392 scriniis
610 3349 689 3390 aut
723 3345 956 3399 agentibus
986 3345 1033 3388 in
1062 3343 1194 3387 rebus
1223 3343 1292 3386 vel
1333 3343 1464 3385 etiam
1493 3354 1548 3386 ex

207 3404 367 3450 officiis
396 3404 618 3460 palatinis,
649 3402 717 3446 his
732 3401 948 3454 videlicet,
980 3400 1055 3456 qui
1080 3411 1306 3442 sacrarum
1329 3403 1372 3441 et
1401 3397 1546 3453 priva-

207 3465 354 3505 tarum
393 3459 795 3504 remunerationum
833 3457 1065 3501 comitibus
1104 3454 1431 3506 obsecundant,
1469 3466 1547 3497 sex

207 3517 423 3561 mensium
452 3517 645 3572 spatium
675 3526 812 3569 supra
842 3513 954 3557 diem
984 3514 1252 3556 commeatus
1283 3515 1360 3554 aut
1388 3509 1544 3553 iussio-

208 3586 308 3617 nem
338 3573 576 3617 evectionis
607 3570 784 3622 afuerit,
814 3569 852 3612 is
880 3569 927 3612 in
955 3568 1206 3612 inferiorem
1234 3567 1378 3611 locum
1419 3565 1546 3620 quin-

209 3642 295 3685 que
324 3629 532 3673 antelatis
571 3624 893 3683 posterioribus
933 3625 1210 3668 devolvatur:
1247 3623 1286 3666 is
1315 3634 1431 3674 vero,
1472 3621 1547 3676 qui

209 3686 315 3728 anni
335 3685 609 3729 vacationem
633 3682 851 3726 arbitratu
876 3680 1055 3737 proprio
1078 3679 1296 3722 iudiciarii
1321 3677 1548 3734 praecepti

1530 109 1637 171 477

2621 114 2722 167 XII
2757 111 2963 166 40-45

1626 272 1900 315 transeatur:
1938 279 1994 312 ac
2022 265 2180 312 deinde
2211 280 2310 312 cum
2339 267 2428 312 iam
2457 266 2615 324 aliquis
2657 265 2824 312 desidia
2882 277 2962 311 ua-

1626 325 1825 370 drienm‘o
1856 324 2053 369 officium
2080 325 2308 380 proprium
2338 325 2459 369 adire
2487 325 2743 380 neglexerit,
2773 278 2963 380 quagra-

1624 383 1748 436 ginta
1777 382 1831 426 de
1862 380 2149 438 sequentibus
2180 381 2472 436 postferatur:
2515 381 2590 437 qui
2618 392 2720 425 vero
2750 391 2833 423 nec
2860 380 2965 434 post

1627 437 1903 493 quadriennii
1933 437 2109 492 quidem
2137 440 2324 492 tempus,
2353 437 2620 480 militantum
2641 448 2730 480 non
2749 434 2962 477 immerito

1624 494 1867 538 matriculis
1897 493 2141 537 auferatur.
2200 492 2255 536 D.
2284 492 2326 536 lc.
2347 491 2440 538 Oet.
2471 492 2673 536 Ausonio
2703 496 2747 534 et
2780 489 2962 547 Olybrio

1626 563 1768 594 conss.
2793 559 2832 589 a.
2866 548 2945 588 379

1683 602 1713 652 3
1749 603 1931 663 ¹⁰Impp.
1973 603 2210 649 Honorius
2247 608 2290 648 et
2329 602 2605 647 Theodosius
2641 602 2735 645 ΑΛ.
2777 547 2965 644 [Gaisoni

1626 661 1777 704 comiti
1805 665 1849 704 et
1876 660 2094 718 maqistro
2125 660 2326 703 militum.
2373 657 2421 702 Si
2450 657 2526 713 qui
2541 657 2576 683 ¹⁷
2597 656 2691 701 sine
2716 658 2964 701 commeatu

1625 716 1773 771 aliquo
1812 727 1975 758 annum
2013 715 2061 757 in
2101 715 2340 770 penatibus
2379 711 2572 769 propriis
2601 713 2670 756 vel
2706 713 2752 756 in
2782 713 2962 768 quibus·

1624 772 1732 814 libet
1755 771 1867 814 locis
1891 769 2112 814 desidiosa
2139 772 2286 826 quiete
2310 768 2587 822 transegerit,
2606 769 2755 812 decem
2779 780 2963 824 sequen-

1623 827 1746 870 tibus
1775 829 2088 890 postponatur:
2119 827 2167 870 in
2196 838 2283 880 quo
2313 837 2416 868 vero
2446 823 2672 868 biennium
2700 824 2802 867 talis
2834 823 2966 878 culpa

1625 881 1980 939 deprehenditur,
2011 881 2164 935 viginti
2202 881 2288 925 sibi
2328 879 2602 935 antepositos
2647 880 2962 934 congemiscat:

1623 939 1782 983 tertius
1813 942 1961 981 autem
1990 949 2132 980 annus
2169 937 2347 991 triginta
2385 936 2608 991 praelatos
2637 935 2734 978 iure
2774 934 2963 987 deflebit,

1623 997 1687 1038 ita
1714 999 1765 1038 ut
1795 997 1979 1049 quartus
2010 997 2213 1049 exempto
2253 992 2513 1035 matriculae
2551 991 2718 1034 nullam
2733 994 2768 1019 ¹⁸
2796 990 2965 1034 veniam

1625 1051 1912 1105 derelinquat.
1971 1047 2025 1093 D.
2045 1049 2173 1114 prid.
2213 1048 2272 1092 id.
2305 1047 2405 1091 Iun.
2447 1047 2690 1092 Ravennae
2761 1052 2832 1092 ost
2859 1059 2964 1089 con-

1624 1107 1821 1152 sulatum
1851 1105 2050 1149 Honorii
2090 1116 2209 1149 VIIII
2234 1109 2280 1149 et
2310 1103 2549 1147 Theodosii
2585 1114 2616 1146 v
2638 1104 2678 1148 A
2722 1137 2731 1147 .
2791 1105 2965 1156 [α.413]

1979 1277 2237 1326 xxxxm
2274 1275 2611 1338 (xxxxim).

2088 1358 2165 1399 DE
2194 1358 2507 1400 TIRONIBUS.

1685 1443 1708 1490 1
1750 1441 1932 1542 ¹⁹Impp.
1975 1439 2319 1506 Valentinianus
2357 1445 2403 1484 et
2441 1438 2606 1484 Valens
2632 1439 2724 1484 ΑΑ.
2756 1436 2963 1502 Modesto

1620 1499 1852 1601 {taxis
1862 1512 1923 1598 3¹3
1941 1499 2354 1596 gaaditas&
2373 1493 2965 1596 Vffffflssffiffitcfffflffl

1622 1612 1722 1671 poli
1749 1610 2065 1666 Valentiniano
2089 1613 2135 1652 et
2158 1607 2343 1653 Valente
2365 1608 2481 1652 11120
2494 1609 2586 1653 ΑΛ.
2605 1620 2748 1652 consa
2791 1610 2847 1659 [a.
2866 1608 2962 1655 370]

1684 1665 1715 1713 2
1756 1666 1927 1724 ²¹Impp
1965 1700 1974 1708 .
2019 1662 2266 1708 Gratianus
2306 1663 2644 1708 Valentinianus
2680 1669 2726 1708 et
2765 1660 2964 1706 Theodo-

1626 1723 1720 1767 sius
1749 1724 1882 1767 ΑΑΑ.
1915 1680 2142 1784 Eutropio
2163 1733 2246 1784 pp.
2315 1720 2517 1776 Quisquis
2557 1719 2823 1775 mancipium
2855 1716 2963 1760 iuris

1627 1779 1759 1822 alieni
1778 1779 1826 1821 in
1846 1777 2050 1822 tirocinio
2066 1775 2247 1818 militlae
2273 1776 2407 1818 scribi
2428 1777 2646 1820 curaverit
2656 1776 2707 1828 ²²,
2741 1775 2964 1819 convictus

1628 1847 1681 1878 ac
1709 1834 1914 1890 proditus
1954 1832 2053 1876 auri
2091 1832 2250 1874 libram
2289 1832 2459 1875 aerario
2489 1835 2642 1876 nostro
2685 1835 2869 1886 cogatur
2897 1830 2963 1871 in-

1627 1891 1757 1945 ferre,
1787 1889 2006 1945 mancipio
2032 1887 2201 1931 scilicet
2224 1887 2414 1942 domino,
2445 1889 2483 1930 si
2497 1888 2664 1932 factum
2685 1886 2964 1947 ignoraverit,

1627 1946 1849 1990 reddendo
1864 1947 1914 1988 ²³.
1974 1943 2074 1988 ΠΜ
2101 1943 2160 1987 id.
2177 1941 2286 1986 Mai.
2336 1943 2455 2000 Tyro
2485 1945 2735 2002 metropoli.
2757 1957 2844 2001 pp.
2875 1941 2966 1986 Be-

1627 2007 1731 2060 ryto
1762 2001 1958 2046 Antonio
1989 2004 2034 2044 et
2061 1997 2260 2057 Syaqrio
2293 2012 2435 2045 conss.
2777 2003 2834 2052 [a.
2867 2001 2963 2049 382]

1686 2055 1716 2105 3
1750 2057 1888 2116 ²·'>Imp
1926 2055 2185 2100 ,Honorius
2199 2060 2244 2099 et
2256 2054 2618 2099 TheodosiusAA
2622 2089 2744 2100 .....
2766 2054 2918 2099 comiti
2929 2054 2966 2083 2⁶

1627 2127 1863 2159 sacrarum
1910 2112 2196 2170 arqitionum.
2243 2111 2430 2155 Tirones
2459 2112 2507 2155 in
2537 2111 2698 2156 scholis
2727 2112 2827 2155 loco
2851 2123 2964 2155 sem-

1626 2183 1707 2227 per
1745 2169 1992 2235 posteriore
2030 2169 2264 2224 ponantur.
2329 2180 2418 2231 nec
2448 2167 2572 2233 enim·
2591 2167 2784 2223 patimur
2814 2179 2963 2223 quem-

1628 2223 2574 2338 33tait?{zetiittittuffl’ttffisffl¹
2587 2224 2966 2335 ffigtgfflgmff

1636 2350 1708 2382 νη
1720 2338 1763 2381 lc.
1780 2337 1885 2381 Dee.
1917 2335 2134 2380 Ravenna
2149 2335 2299 2379 Basso
2314 2340 2360 2379 et
2373 2334 2589 2394 Philippo
2615 2349 2757 2379 conss.
2791 2340 2846 2388 [a.
2866 2335 2963 2385 408]

1993 2505 2273 2555 xxxxnn
2310 2505 2593 2568 (xxxxv).

1753 2589 1831 2630 DE
1860 2588 2114 2630 LITORUM
2142 2587 2217 2628 ET
2244 2587 2527 2628 ITINERUM
2556 2587 2839 2630 CUSTODIA.

1687 2670 1710 2717 1
1747 2669 1934 2728 2⁷Impp.
1960 2669 2196 2713 Honorius
2223 2674 2270 2714 et
2294 2668 2570 2714 Theodosius
2597 2669 2689 2714 ΛΑ.
2723 2669 2961 2713 Eustatlzio

1697 2763 1703 2770 .
1765 2726 2062 2770 saluberrima
2102 2725 2333 2769 sanctione
2373 2738 2601 2770 censemus
2613 2727 2663 2778 ²⁸,
2701 2738 2757 2770 ne
2794 2737 2962 2769 merces

1627 2785 1658 2828 11
1678 2783 1805 2827 ‘citae
1835 2782 1892 2826 ad
1931 2782 2134 2825 nationes
2172 2781 2388 2825 barbaras
2428 2781 2695 2826 deferantur.
2755 2786 2799 2825 et
2829 2793 2961 2836 quae-

1629 2852 1814 2894 cumque
1841 2850 1975 2882 naves
2006 2850 2060 2881 ex
2089 2837 2283 2893 quolibet
2310 2841 2443 2892 portu
2473 2851 2552 2881 seu
2581 2839 2710 2881 litore
2739 2838 2963 2881 dimittun-

1627 2901 1714 2949 tur,
1745 2894 1911 2938 nullam
1942 2894 2277 2937 concussionem
2305 2894 2373 2937 vel
2412 2894 2572 2937 damna
2602 2894 2869 2937 sustineant:
2899 2893 2963 2935 ita

1627 2957 1798 3004 tamen,
1836 2953 1887 2993 ut
1925 2962 2076 2993 earum
2114 2949 2310 2993 naucleri
2340 2949 2584 3004 deponant,
2624 2949 2670 2991 in
2700 2961 2829 3003 quam
2858 2961 2961 3003 pro-

1628 3007 1863 3052 vinciam2⁹
1891 3005 1998 3049 ituri
2023 3009 2140 3059 sunt,
2171 3010 2221 3048 ut
2249 3005 2333 3048 hoc
2355 3005 2636 3049 manifestato
2662 3005 2782 3046 nulla
2806 3007 2962 3047 contra

1630 3077 1705 3108 eos
1763 3065 1886 3107 ostea
1900 3061 2143 3116 indignatio
2161 3073 2240 3105 seu
2257 3061 2488 3104 concussio
2509 3060 2734 3116 procedat.
2764 3059 2819 3102 D.
2837 3070 2966 3102 XJJJI

1629 3119 1671 3165 lc.
1745 3123 1798 3162 ct.
1842 3117 2234 3174 Constantinopoli
2275 3116 2522 3160 Theodosio
2560 3117 2611 3159 A.
2651 3127 2767 3159 vlu]
2803 3121 2847 3159 et
2883 3114 2961 3170 qui

1626 3175 1773 3234 fuerit
1800 3174 2035 3216 nuntiatus
2047 3173 2096 3215 ³⁰.
2773 3173 2829 3223 [a.
2861 3173 2958 3222 420]

2014 3342 2239 3391 xxxxv
2277 3343 2585 3403 (xxxxvn.

1629 3428 1706 3469 DE
1720 3424 2140 3467 DESERTORIBUS
2157 3425 2230 3464 ΕΤ
2246 3423 2737 3465 OGCULTATORIBUS
2752 3421 2958 3462 EORUM.

1688 3507 1710 3554 1
1749 3505 1857 3551 ³¹Im
1887 3521 1919 3564 p
1957 3540 1966 3549 .
1987 3503 2230 3549 Gratianus
2255 3505 2595 3549 Valentinianus
2617 3510 2662 3549 et
2687 3503 2959 3548 Theodosius

1628 3563 1759 3609 ΑΑΑ.
1793 3520 2133 3619 assisa-orium
2169 3575 2245 3627 pp.
2315 3560 2363 3605 Si
2402 3562 2497 3617 quis
2536 3559 2651 3604 forte
2695 3560 2958 3603 desertorem

1629 3633 1733 3675 agro
1762 3621 1971 3674 tectoque
2007 3621 2251 3673 susceperlt
2290 3621 2422 3672 atque
2461 3616 2580 3672 apud
2610 3628 2658 3659 se
2697 3616 2771 3659 diu
2799 3627 2958 3670 passus

1629 3675 1763 3719 fuerit
1791 3674 2067 3726 delitescere,
2107 3678 2233 3716 actor
2263 3672 2437 3728 quidem
2465 3672 2532 3714 vel
2571 3676 2832 3727 procurator
2859 3669 2958 3722 loci,

210 3741 372 3785 oblitus
411 3739 730 3795 adsumpserit,
776 3750 804 3781 a
843 3736 994 3781 decem
1031 3739 1136 3793 post
1170 3747 1218 3779 se
1256 3733 1546 3778 militantibus
1631 3731 1704 3787 qui
1732 3730 1818 3774 hoc
1848 3729 1991 3773 sciens
2021 3729 2301 3784 prudensque
2331 3727 2618 3779 commiserit,
2650 3726 2826 3782 capitali
2855 3739 2958 3780 sup-

211 3890 262 3940 (1)
300 3888 419 3939 iunye
454 3886 517 3933 12,
547 3893 582 3931 7,
613 3892 633 3924 2

212 3943 507 3995 inscriptionem
544 3940 947 3990 subscriptionemque
976 3935 1214 3975 restituimus

213 4003 263 4043 57
311 4009 345 4047 5,
377 4007 415 4038 12

211 4032 467 4110 provinciam
489 4064 636 4090 aurum
661 4049 846 4100 requirat
875 4047 1045 4099 hospitii
1068 4045 1240 4086 obtentu
1254 4044 1320 4084 vel
1342 4055 1547 4083 armorum

214 4109 548 4164 deponendorum
572 4106 718 4158 gratia.
763 4105 798 4143 si
827 4104 905 4142 hoc
930 4102 1074 4142 fecerit
1099 4103 1140 4141 et
1159 4100 1402 4152 magistratu
1418 4111 1547 4138 remo-

213 4172 333 4208 vetur
350 4169 390 4206 et
403 4163 523 4204 bonis
537 4161 761 4214 publicatis
774 4160 973 4211 perpetuo
989 4157 1114 4198 exilio
1129 4155 1331 4196 subicitur
1415 4155 1466 4205 (5)
1494 4172 1552 4189 =

218 4225 293 4265 Th.
323 4225 363 4270 7,
395 4230 431 4272 9,
463 4230 482 4261 2
570 4219 624 4269 (6)
654 4215 755 4267 salg.
788 4214 924 4266 gratia
962 4213 1007 4253 id
1046 4215 1107 4253 est
1135 4227 1206 4253 om.
1242 4212 1312 4251 7⁷72.
1400 4211 1452 4262 (7)
1481 4208 1550 4248 sed

216 4291 293 4319 nec
321 4277 419 4328 vol.]
450 4288 525 4315 neo
564 4273 708 4313 invitis
749 4270 862 4322 (vitis
903 4270 1018 4321 liber)
1047 4267 1113 4308 vel
1152 4267 1456 4319 magistratibus
1485 4262 1551 4303 vel

220 4336 293 4376 Th.
383 4335 437 4383 (8)
471 4333 549 4371 oct.
581 4341 709 4369 conss.
741 4339 788 4366 su
811 4326 896 4374 Th„
928 4326 1110 4365 extremis
1139 4324 1352 4363 abscissis.-
1372 4323 1553 4376 sortasse

219 4392 359 4442 su[pra
388 4387 563 4440 scriptis]
597 4384 744 4437 suppl„
779 4397 857 4435 pro
896 4382 1038 4433 quibus
1066 4379 1287 4420 Iustiniani
1321 4376 1556 4431 scripserint

219 4445 435 4498 Acyndino
466 4445 507 4484 et
533 4439 714 4483 Proculo
744 4448 872 4478 conss,
952 4437 1007 4487 (9)
1037 4456 1091 4470 =
1123 4434 1199 4475 Th.
1229 4436 1270 4485 7,
1299 4442 1407 4485 12,1:
1439 4433 1555 4484 iunqe

223 4503 288 4551 12,
319 4510 376 4548 35,
408 4509 428 4540 9
530 4498 605 4551 (1ο)
635 4494 762 4547 ΑθΙίοΔ
782 4507 849 4546 pp.
886 4493 950 4542 12,
979 4500 1036 4541 35,
1068 4500 1088 4531 9
1191 4489 1261 4540 (11)
1289 4488 1556 4530 decurionum

222 4557 287 4598 vel
317 4558 393 4598 ins.
430 4556 501 4596 Th.
603 4554 678 4605 (12)
709 4549 774 4590 vel
810 4548 1058 4588 vicariorum
1086 4576 1095 4585 .
1113 4576 1121 4585 .
1140 4577 1149 4585 .
1176 4545 1446 4598 expeditionis
1485 4557 1555 4582 om.

226 4614 300 4655 Th.
390 4612 464 4661 (13)
493 4611 600 4649 hano
631 4624 703 4649 om.
742 4607 813 4647 Th.
909 4605 982 4655 (14)
1011 4616 1058 4643 eo
1087 4604 1267 4652 tempore
1295 4601 1340 4640 in
1371 4600 1467 4650 quo]
1499 4600 1557 4637 at-

748 3882 802 3932 (2)
835 3882 951 3933 iunqe
984 3882 1020 3930 1,
1051 3888 1084 3926 4,
1115 3886 1160 3918 26
1190 3877 1231 3928 (5
1262 3877 1347 3927 16),
1387 3890 1435 3915 ez·
1463 3890 1546 3927 qua
1584 3885 1591 3891 ”
1628 3886 1707 3925 que
1742 3872 1786 3911 id
1824 3871 2018 3923 temporis
2057 3869 2174 3910 nulla
2212 3871 2374 3922 eruptio
2404 3870 2500 3919 erit,
2539 3872 2639 3909 tunc
2679 3869 2959 3919 deportatione

1335 3932 1389 3983 (3)
1417 3951 1471 3966 =
1500 3931 1546 3972 B
1629 3943 1721 3969 cum
1750 3928 1966 3967 amissione
1996 3926 2195 3966 bonorum
2226 3927 2458 3966 adficiatur:
2497 3925 2560 3964 sin
2590 3938 2686 3965 vero
2714 3924 2853 3975 aliqua
2886 3927 2957 3966 le.

531 3996 585 4046 (4)
623 3995 667 4034 id
705 4002 762 4034 est
798 3990 940 4031 nullus
974 4002 1134 4043 praeses
1173 3989 1219 4028 in
1256 3985 1547 4029 circumeundo
1629 3987 1703 4037 (15)
1731 4003 1788 4019 ===
1819 3983 1892 4023 Th.
1924 3985 1961 4029 7,
1993 3991 2048 4030 12,
2079 3991 2099 4023 2
2158 3984 2233 4034 (16)
2261 4003 2316 4017 =
2352 3983 2425 4022 ΤΙι.
2457 3983 2493 4031 7,
2525 3989 2580 4029 18,
2613 3989 2650 4020 16
2718 3982 2791 4030 (17)
2822 3981 2856 4020 si
2885 3981 2958 4032 qui

1636 4043 1707 4087 0⁰,
1737 4040 1772 4079 si
1802 4039 1895 4090 quis
1909 4035 2028 4085 K00,
2059 4037 2133 4088 qui
2154 4039 2227 4078 Th.

1633 4100 1671 4143 7,
1702 4104 1756 4144 13,
1788 4104 1830 4135 6:
1871 4096 1987 4147 itmye
2027 4093 2102 4133 Th.
2143 4095 2207 4145 16,
2239 4101 2272 4144 2,
2306 4102 2344 4134 19

1635 4151 1845 4194 Tillemont
1927 4150 2003 4200 (21)
2032 4169 2085 4184 =
2118 4149 2190 4189 Th.
2223 4152 2261 4198 7,
2291 4157 2342 4197 13,
2377 4156 2407 4188 11
2489 4150 2567 4198 (22)
2598 4147 2760 4186 duxerit
2787 4147 2958 4187 offeren-

1633 4208 1731 4247 dum
1763 4206 1838 4247 Th.
1904 4205 1982 4254 (23)
2012 4205 2271 4255 mancipio..
2291 4203 2523 4244 ,reddendo
2554 4217 2624 4242 om.
2660 4203 2731 4242 Th.
2796 4204 2874 4252 (24)
2902 4202 2956 4254 d.]

1634 4265 1798 4313 accepta
1846 4273 1939 4300 cum
1977 4259 2128 4300 litteris
2164 4272 2231 4311 pp.
2286 4259 2480 4299 similiave
2533 4258 2812 4310 requiruntur.-
2861 4260 2959 4298 data

1634 4320 1790 4360 videtur
1819 4331 1924 4356 anno
1947 4317 2143 4368 proximo,
2174 4330 2264 4355 nam
2294 4316 2365 4354 hoc
2396 4330 2497 4354 anno
2517 4314 2657 4353 Florus
2682 4329 2753 4365 pp.
2790 4314 2857 4355 Or.
2871 4315 2961 4368 fuit

1635 4374 1714 4426 (25)
1742 4393 1797 4408 =
1828 4372 1902 4412 Th.
1932 4373 1972 4422 7,
2003 4380 2055 4422 13,
2087 4380 2125 4411 19
2203 4370 2282 4422 (26)
2311 4370 2453 4410 comiti
2483 4370 2652 4421 (nomine
2681 4370 2838 4420 omisso)
2872 4370 2959 4419 Th„

1637 4430 1688 4469 ad
1718 4441 1818 4468 eom.
1855 4427 1890 4468 0
1972 4427 2050 4478 (27)
2080 4447 2132 4461 ε
2165 4426 2238 4467 Th.
2270 4428 2308 4475 7,
2340 4435 2392 4475 16,
2418 4434 2437 4465 3
2511 4426 2588 4476 (28)
2618 4425 2867 4464 decrevimus
2885 4425 2957 4465 Th.

1639 4486 1720 4537 (29)
1749 4484 1794 4523 in
1823 4495 1905 4534 qua
1932 4481 2145 4535 provincia
2175 4482 2269 4522 libri
2351 4483 2429 4532 (3ο)
2461 4494 2556 4520 v1111
2585 4483 2626 4521 et
2641 4480 2881 4520 Constantio
2906 4493 2958 4520 111

1641 4552 1765 4581 conss.
1796 4540 2027 4592 scripserint
2054 4538 2273 4578 Iustiniani
2352 4537 2424 4588 (31)
2451 4557 2504 4571 =
2523 4536 2597 4577 Th.
2628 4538 2666 4587 7,
2697 4545 2751 4587 18,
2781 4546 2816 4587 4,
2841 4538 2957 4590 prin-

1642 4598 1746 4649 cipio
1779 4595 1917 4635 addito
1948 4610 1994 4635 ex
2027 4594 2099 4633 Th.
2133 4595 2169 4644 7,
2200 4602 2255 4643 18,
2286 4602 2328 4634 5:
2359 4595 2475 4646 iunye
2505 4595 2542 4644 7,
2572 4602 2624 4638 13,
2655 4602 2673 4633 4

2310 4039 2383 4088 (18)
2415 4035 2522 4076 nulli
2541 4037 2613 4076 Th.
2701 4038 2776 4086 (19)
2805 4056 2859 4071 =
2886 4037 2957 4076 Th.

2468 4093 2546 4140 (20)
2587 4104 2656 4130 1111
2692 4093 2760 4139 (=
2792 4107 2829 4131 α.
2863 4093 2957 4134 373)
