3152 4784
196 197 239 246 V
278 197 354 245 15.
397 195 457 243 16

190 338 408 384 dotalibus
443 333 741 379 instrumentis
780 333 992 388 scriptum
1026 331 1099 384 sit,
1119 327 1323 389 omnique
1356 335 1509 380 perso-

187 406 291 444 nae,
331 403 459 447 quam
495 389 641 433 dotem
679 387 927 441 suscepisse
964 398 1054 430 una
1090 395 1192 446 curn
1215 383 1372 423 manto
1403 391 1509 422 con-

186 447 411 496 scribitur,
449 449 492 487 et
531 442 622 486 eius
659 441 857 484 similiter
892 440 1144 490 heredibus,
1180 440 1242 478 1ta
1270 439 1430 499 tamen,
1460 436 1512 475 ut

184 505 300 548 intra
335 512 498 544 annum
535 501 708 541 tantum
750 497 1000 540 continuum
1035 507 1063 537 a
1098 495 1237 534 morte
1265 491 1413 532 manti
1441 488 1508 554 vel

184 556 376 602 mulieris
414 554 481 598 vel
519 552 722 596 missione
760 563 809 594 re
839 551 932 595 udii
976 562 1072 593 com
1104 545 1317 610 utendum
1360 555 1413 588 ea
1454 544 1506 586 11-

185 613 327 657 centia
371 610 512 654 detur.
592 605 646 650 D.
701 603 743 649 lc.
816 619 889 649 un.
940 603 1014 649 dn.
1087 606 1316 646 ustzmano
1357 600 1410 643 A.
1470 611 1510 641 ιι

184 681 300 713 cons.
1320 658 1378 708 [a.
1407 657 1506 706 528]

182 862 255 903 DE
293 856 706 900 DONATIONIBUS
745 855 920 896 INTER
948 853 1132 895 VIRUM
1166 853 1240 895 ΕΤ
1269 852 1507 894 UXOREM

180 917 251 958 ΕΤ
281 919 315 956 Δ
344 912 693 953 PARENTIBUS
733 911 796 951 IN
825 911 1063 952 LIBEROS
1091 909 1289 951 FACTIS
1327 909 1400 950 ΕΤ
1430 909 1506 948 DE

604 967 1067 1008 RATIHABITIONE.

235 1053 257 1100 1
301 1051 413 1109 Imp.
451 1050 706 1094 Antoninus
745 1050 797 1093 A.
835 1047 1137 1106 Ryplzaenae.
1204 1047 1331 1090 Bona
1367 1058 1506 1102 quon-

179 1112 276 1154 dam
313 1107 459 1151 mariti
496 1105 562 1148 tui
595 1105 729 1149 fiscus
769 1104 808 1148 si
843 1104 1016 1148 nemine
1054 1103 1094 1147 ei
1135 1115 1390 1147 successore
1429 1114 1507 1144 ex-

178 1167 356 1210 sistente
398 1167 450 1206 ut
489 1161 692 1205 vacantia
734 1159 987 1216 occupavit,
1043 1158 1301 1203 donationes
1352 1160 1409 1203 ab
1454 1169 1505 1201 eo

177 1223 342 1271 factae,
379 1219 416 1262 si
453 1229 592 1273 usque
628 1216 686 1260 ad
721 1215 850 1259 finem
880 1216 996 1259 vitae
1024 1215 1070 1258 in
1101 1214 1251 1258 eadem
1280 1215 1507 1258 voluntate

178 1274 435 1333 permansit,
474 1272 670 1317 revocari
706 1284 796 1316 non
832 1273 1034 1328 possunt.
1093 1269 1186 1314 ΡΡ.
1219 1281 1287 1313 JJJ
1316 1269 1372 1313 id.
1406 1267 1503 1312 Ian.

177 1332 347 1376 duobus
374 1329 536 1388 Aspris
565 1341 707 1371 conss.
1319 1330 1374 1377 [a.
1408 1327 1504 1376 212]

232 1385 262 1433 2
302 1385 426 1431 Idem
467 1385 520 1429 A.
563 1382 724 1428 Marco
767 1382 909 1426 militi.
984 1382 1030 1425 Si
1073 1381 1276 1425 ancillam
1319 1381 1505 1424 nummis

175 1445 261 1487 tuis
292 1443 591 1508 comparatam
619 1452 716 1483 esse
744 1437 936 1494 praesidi
971 1438 1223 1494 provinciae
1251 1437 1504 1493 probaveris

175 1498 510 1552 donationisque
560 1508 696 1539 causa
741 1495 935 1539 focariae
978 1497 1082 1537 tuae
1124 1493 1299 1537 nomine
1339 1493 1504 1537 instru-

173 1559 366 1598 mentum
395 1551 627 1609 emptionis
657 1563 757 1594 esse
786 1550 1104 1605 conscriptum,
1143 1562 1239 1593 eam
1266 1549 1350 1593 tibi
1378 1549 1503 1592 resti·
1546 1588 1549 1609 ἶ

174 1610 239 1654 tui
282 1609 463 1653 iubebit.
546 1619 647 1650 nam
698 1607 803 1650 licet
852 1610 1053 1649 cessante
1101 1605 1197 1649 iure
1239 1605 1504 1648 matrimonii

177 1666 355 1710 donatio
384 1663 538 1720 perfici
565 1662 773 1718 potuerit,
811 1662 970 1705 milites
1000 1666 1147 1704 tamen
1175 1674 1296 1705 meos
1327 1674 1354 1704 a
1381 1660 1504 1704 foca-

148 1734 150 1736 ’
174 1722 252 1765 riis
292 1721 382 1765 suis
421 1721 507 1763 hac
541 1719 713 1762 ratione
740 1718 943 1773 fictisque
971 1717 1296 1760 adulationibus
1326 1717 1506 1775 spoliari

175 1778 290 1821 nolo.
358 1774 451 1820 ΡΡ.
482 1787 562 1819 XII
597 1773 639 1818 lc.
671 1772 807 1818 Mart.
847 1773 1075 1817 Antonino
1106 1775 1158 1817 A.
1192 1785 1281 1816 ιη]
1314 1781 1358 1816 et
1395 1771 1505 1816 Bal-

175 1832 277 1876 bino
306 1844 452 1876 conss.
1318 1833 1374 1881 [a.
1408 1831 1505 1880 213]

233 1885 262 1934 3
294 1886 418 1931 Idem
447 1886 497 1930 A.
531 1884 750 1945 Epicteto.
817 1884 1008 1928 Donatio
1046 1884 1364 1939 mancipiorum
1399 1884 1505 1927 alia·

175 1955 358 1998 rumque
386 1955 544 1996 rerum,
575 1953 685 1997 quas
715 1940 795 1984 tibi
824 1941 880 1983 ab
905 1952 1042 1983 uxore
1068 1946 1146 1983 tua
1170 1941 1355 1983 donatas
1382 1940 1504 1991 dicis,

177 2000 213 2044 si
241 1998 369 2043 modo
399 2010 507 2042 suae
533 1998 782 2053 potestatis,
814 2009 913 2040 cum
943 1996 1139 2047 donaret,
1170 1995 1254 2039 fuit
1276 1997 1344 2039 vel
1367 1996 1505 2051 patris
1546 2036 1547 2044 ,

177 2055 399 2098 voluntate
436 2053 482 2097 id
518 2053 624 2097 fecit
662 2057 706 2096 et
740 2053 786 2095 in
825 2053 976 2095 eadem
1003 2052 1230 2095 voluntate
1259 2052 1505 2095 donationis
1545 2045 1548 2114 ξ

178 2122 314 2166 usque
342 2109 399 2152 ad
428 2109 629 2152 ultimum
659 2108 772 2151 diem
800 2108 915 2151 vitae
943 2107 1250 2163 perseveravit,
1288 2109 1373 2150 ex2
1409 2120 1506 2151 mea
1545 2117 1548 2154 t

177 2172 220 2210 et
260 2165 347 2209 divi
383 2165 530 2208 Severi
567 2164 707 2220 patris
745 2164 829 2206 mei
866 2163 1180 2207 constitutione
1215 2162 1393 2206 firmata
1425 2167 1502 2206 est.
1544 2159 1548 2258 ί

183 2228 193 2264 1
259 2221 334 2264 Sin
374 2225 521 2264 autem
558 2224 662 2275 post
695 2221 881 2263 mortem
919 2218 1035 2262 filiae
1071 2219 1193 2262 facta
1229 2221 1298 2262 est
1327 2218 1504 2263 donatio
1545 2263 1547 2274 Ι

713 734 719 747 ἴ
760 773 910 822 xv1.¹

1545 1555 1549 1580 .

173 2290 199 2320 a
238 2276 457 2332 quondam
494 2287 647 2319 socero
688 2279 789 2328 tuo,
821 2275 951 2318 etiam
979 2274 1094 2318 inter
1122 2275 1242 2318 vivos
1273 2287 1325 2318 ea
1352 2274 1506 2330 perfici

204 2331 328 2375 otuit.
396 2329 488 2374 ΡΡ.
530 2341 620 2373 1111
654 2343 756 2374 non.
797 2328 934 2373 Mart.
977 2330 1205 2373 Antonino
1244 2331 1296 2373 A.
1339 2341 1429 2373 ΙΙΙ]
1463 2336 1507 2373 et

217 2386 366 2431 albino
397 2399 540 2429 conss.
1318 2389 1374 2437 [a.
1406 2389 1503 2437 213]

226 2441 258 2488 4
288 2440 401 2500 Imp.
432 2439 694 2485 Alexander
720 2440 772 2484 A.
813 2438 1073 2483 Claudiano.
1142 2439 1238 2483 Nec
1275 2441 1392 2484 inter
1428 2453 1504 2484 eas

171 2496 343 2554 quidem
384 2508 619 2552 personas,
663 2507 848 2550 quarum
890 2495 976 2538 iuri
1014 2495 1203 2540 subiecti
1233 2498 1337 2539 sunt
1365 2497 1431 2539 vir
1460 2500 1505 2540 et

169 2566 280 2597 uxor
336 2553 434 2596 uive
461 2552 508 2595 in
538 2564 689 2595 eorum
750 2555 938 2595 otestate
969 2555 1084 2603 sunt,
1119 2551 1379 2595 donationes
1409 2553 1504 2596 iure

171 2609 285 2653 civili
345 2610 408 2652 eri
436 2612 636 2664 possunt.
737 2606 788 2650 P.
821 2618 936 2650 XVII
960 2606 1001 2650 lc.
1038 2606 1130 2650 Oet.

224 2664 254 2711 5
302 2663 425 2708 Idem
468 2665 520 2707 A.
565 2662 820 2716 Quintillae.
890 2661 958 2714 Si,
1004 2667 1054 2705 ut
1095 2664 1330 2719 proponis,
1375 2669 1504 2721 pater

169 2725 294 2774 tuus,
335 2721 382 2763 in
424 2719 547 2762 cuius
586 2721 804 2774 potestate
842 2717 985 2771 fuisti,
1028 2719 1187 2762 marito
1224 2724 1301 2763 tuo
1340 2733 1501 2776 genero

172 2790 250 2820 suo
291 2777 629 2819 instrumentum
667 2774 876 2818 debitoris
915 2774 1166 2818 donationis
1211 2788 1347 2819 causa
1384 2775 1504 2819 dedit

168 2833 292 2887 isque
321 2831 595 2874 matrimonio
626 2830 811 2873 durante
841 2830 931 2872 vita
958 2830 1138 2874 functus
1169 2834 1237 2875 est
1266 2844 1320 2875 ac
1349 2837 1504 2887 postea

169 2900 196 2931 a
223 2887 381 2930 marito
413 2885 640 2938 divertisti,
673 2885 788 2940 quod
817 2890 987 2940 gestum
1019 2890 1088 2929 est
1115 2899 1203 2930 non
1227 2887 1356 2930 valet.
1407 2886 1502 2931 ΡΡ.

169 2942 249 2987 id.³
278 2942 405 2987 Febr.
436 2942 597 2986 Albino
628 2947 672 2985 et
698 2940 904 2985 Maximo
937 2955 1079 2985 conss.
1315 2947 1372 2995 [a.
1404 2946 1501 2995 227]

225 2996 256 3045 6
286 2996 411 3042 Idem
448 2997 499 3040 A.
532 2997 799 3054 Nepotiano.
865 2997 1052 3041 Etiamsi
1091 2998 1241 3042 uxoris
1279 3001 1384 3042 tuae
1423 3013 1501 3041 no-

170 3055 280 3098 mine
307 3066 380 3098 res
402 3065 513 3109 quae
540 3055 606 3096 tui
630 3052 741 3096 iuris
765 3053 946 3096 fuerunt
968 3053 1194 3108 depositae
1219 3058 1335 3109 sunt,
1367 3068 1503 3098 causa

165 3110 449 3166 proprietatis
487 3122 541 3153 ea
578 3109 750 3152 ratione
780 3109 942 3151 mutari
973 3122 1062 3152 non
1091 3110 1260 3166 potuit,
1302 3111 1385 3154 etsi
1425 3110 1501 3154 do-

168 3178 298 3209 nasse
326 3170 370 3208 te
399 3165 528 3209 uxori
558 3177 629 3208 res
659 3167 760 3208 tuas
792 3177 844 3207 ex
875 3167 958 3208 hoc
990 3165 1086 3219 quis
1114 3166 1360 3222 intellegat,
1403 3180 1502 3210 cum

170 3221 345 3265 donatio
381 3221 431 3264 rin
469 3221 744 3264 matrimonio
782 3221 902 3264 facta
938 3221 1061 3276 prius
1098 3226 1272 3265 mortua
1309 3233 1361 3266 ea
1390 3235 1501 3277 quae

177 3282 187 3318 1
249 3277 556 3320 liberalitatem
586 3276 760 3332 excepit
787 3277 914 3321 irrita
943 3277 1013 3320 sit.
1071 3276 1166 3321 Nec
1197 3282 1262 3321 est
1290 3278 1501 3333 ignotum,

171 3334 309 3387 quod,
354 3344 452 3375 cum
489 3333 668 3388 probari
697 3345 785 3375 non
830 3333 991 3387 possit,
1035 3333 1152 3376 unde
1195 3347 1309 3377 uxor
1349 3334 1499 3377 matri-

172 3387 303 3430 monii
338 3391 532 3451 tempore
571 3388 752 3431 honeste
793 3389 1048 3442 quaesierit,
1097 3390 1149 3433 de
1185 3390 1332 3433 mariti
1374 3390 1501 3434 bonis

172 3455 266 3486 eam
303 3442 510 3486 habulsse
546 3445 741 3487 veteres⁴
781 3444 890 3488 iuris
930 3449 1132 3489 auctores
1171 3446 1327 3490 merito
1359 3446 1499 3490 credi-

171 3498 348 3541 dissent.
407 3497 500 3541 PP.
529 3512 631 3542 non.
663 3498 767 3543 Deo.
798 3499 1064 3544 Alexandro
1094 3503 1146 3545 A.
1179 3513 1248 3545 III
1283 3507 1328 3546 et
1354 3501 1502 3546 Dione

172 3567 313 3597 conss.
1313 3561 1370 3610 [a.
1402 3561 1498 3610 229]

227 3606 254 3654 7
290 3607 412 3652 Idem
441 3608 492 3652 A.
526 3607 788 3653 Theodotae.
849 3610 895 3654 Si
930 3624 982 3654 ex
1012 3612 1236 3657 voluntate
1265 3614 1404 3669 patris
1434 3614 1501 3657 tui

170 3663 260 3708 filio
303 3663 462 3707 tutoris
500 3667 641 3719 nupta
680 3677 746 3717 es,
794 3666 952 3709 collata
992 3669 1036 3711 in
1075 3669 1281 3712 maritum
1321 3669 1499 3714 donatio

170 3721 265 3775 ipso
304 3720 399 3762 iure
435 3719 561 3762 irrita
599 3724 679 3763 est.
750 3722 827 3764 sed
863 3723 901 3765 si
935 3723 1258 3768 matrimonium
1287 3725 1383 3768 iure
1411 3739 1500 3770 non

170 3776 325 3830 valuit,
365 3776 470 3818 licet
503 3776 600 3830 ipso
630 3776 726 3819 iure
755 3777 930 3821 donatio
961 3781 1172 3832 tenuerit,
1214 3781 1315 3835 quia
1353 3786 1500 3825 tamen

170 3831 345 3887 indigna
387 3843 577 3887 persona
621 3832 715 3875 eius
751 3832 856 3885 fuit,
903 3834 976 3888 qui
1012 3849 1093 3879 nec
1131 3838 1315 3880 maritus
1351 3840 1501 3892 potest

171 3887 277 3940 dici,
316 3887 445 3930 utiles
483 3887 679 3930 actiones
710 3901 841 3943 super
880 3891 1134 3936 revocandis
1174 3892 1241 3935 his
1270 3893 1350 3935 tibi
1381 3906 1498 3936 com-

169 3947 336 3997 petunt.
396 3941 487 3985 ΡΡ.
520 3941 562 3985 lc.
584 3942 675 3987 Oct.
693 3942 824 3987 Lu'o
855 3951 897 3987 et
913 3944 1116 3990 Maximo
1141 3961 1284 3991 conss.
1326 3952 1382 4000 [a.
1401 3952 1496 4001 232]

227 3995 257 4044 8
289 3997 412 4040 Idem
441 4001 491 4040 A.
523 3997 677 4041 Leoni.
779 3999 794 4041 i
824 3999 994 4043 fructus
1026 4015 1174 4046 eorum
1202 4004 1497 4058 praediorum,

172 4066 283 4107 quae
311 4053 358 4096 in
387 4053 531 4096 dotem
561 4053 786 4109 accepisse
816 4057 859 4097 te
896 4055 1000 4099 dicis
1015 4060 1044 4108 ⁵,
1085 4059 1351 4114 matrimonii
1389 4067 1496 4103 tem-

171 4121 276 4163 pore
305 4121 484 4151 uxorem
513 4114 635 4151 tuam
663 4110 889 4164 percipere
924 4124 1081 4165 passus
1119 4127 1164 4157 es
1194 4127 1358 4170 eosque
1385 4129 1499 4159 uxor

171 4168 248 4207 tua
276 4165 539 4218 absumpsit,
575 4165 750 4207 restitui
787 4165 867 4208 tibi
903 4172 1005 4222 post
1033 4168 1263 4213 divortium
1294 4177 1498 4226 oportere

170 4219 290 4262 nulla
333 4220 502 4262 ratione
547 4221 787 4263 contendis.
860 4222 927 4264 sin
971 4228 1116 4267 autem
1161 4227 1217 4269 ab
1262 4226 1329 4270 his
1372 4227 1496 4270 locu-

168 4274 328 4373 {letior
356 4274 476 4317 facta
505 4280 583 4326 est,
614 4275 659 4318 in
683 4279 854 4319 tantum
881 4280 1028 4331 potest
1053 4282 1285 4324 conveniri.
1345 4281 1438 4326 ΡΡ.
1474 4294 1504 4325 V

201 4361 212 4373 .
246 4328 339 4374 Oct.
370 4329 574 4374 Maximo
605 4336 650 4374 et
676 4331 875 4375 Paterno
906 4345 1047 4376 conss.
1309 4341 1365 4389 [a.
1398 4341 1496 4390 233]

171 4463 224 4516 (ι)
244 4468 284 4531 β
302 4470 410 4521 30,1,
427 4478 473 4512 04
494 4486 600 4523 seqq.
617 4494 670 4501 —
692 4472 755 4525 Cf.
771 4471 869 4525 οῖς.
888 4473 955 4521 24,
972 4480 988 4513 1
1057 4473 1111 4523 (2)
1142 4489 1189 4515 ex
1205 4477 1261 4527 N,
1293 4480 1334 4519 et
1357 4491 1403 4519 ex
1421 4478 1496 4520 PC

172 4523 226 4586 (3)
255 4523 310 4563 id.
330 4525 443 4573 Hal„
474 4525 576 4567 vid.
599 4527 635 4565 P
715 4528 769 4578 (4)
785 4529 844 4568 sic
860 4528 966 4578 deta,
982 4529 1130 4569 veteris
1150 4533 1239 4574 CM
1314 4535 1496 4586 (macce-

174 4588 277 4626 pisse
305 4582 346 4618 te
374 4579 476 4619 dicis
509 4581 553 4631 C,
593 4582 786 4633 accepisti
816 4583 871 4623 M
1005 4584 1062 4636 (6)
1090 4596 1155 4625 vn
1185 4589 1308 4640 Hal,
1347 4602 1431 4629 vm
1461 4589 1503 4629 P

176 4631 229 4680 (Ἰ)
259 4644 305 4670 ac
338 4633 382 4681 P,
412 4638 455 4673 at
488 4635 521 4676 C'
648 4638 704 4689 (8)
733 4637 809 4677 sub
840 4634 908 4690 1³⁰,
943 4653 1016 4679 om.
1049 4637 1150 4682 1³⁰0
1275 4643 1332 4696 (9)
1362 4646 1419 4685 cic
1448 4643 1502 4684 M

1511 169 1611 230 21⁰

1546 1615 1548 1641 ÷
1590 1605 1728 1649 titatis

1546 1653 1548 1706 ἶ
1589 1662 1715 1717 gulos
1741 1638 1810 1703 ’ve
1869 1674 2007 1705 annos
2052 1661 2246 1715 singulos
2290 1661 2458 1716 proprii
2500 1674 2609 1705 usus
2650 1661 2744 1706 eius
2781 1659 2927 1726 gratia
2964 1697 2966 1699 .

2397 166 2472 225 nn
2507 158 2922 229 nousrroumus

1651 319 1697 386 9·
1713 319 1826 378 Imp.
1869 319 2124 388 Qordioenus
2162 326 2214 369 A.
2257 322 2452 381 Oriqeni.
2479 349 2483 353 ·
2518 323 2622 369 Etsi
2654 324 2708 370 de
2734 329 2815 370 tua
2844 338 2920 383 pe-

1598 387 1728 419 cuma
1764 377 1983 433 mancipia
2019 382 2146 425 uxori
2175 383 2280 424 tuae
2309 381 2568 434 comparata
2592 383 2722 434 sunt,
2759 386 2850 425 tam

1595 432 1632 474 si
1661 433 1702 474 ei
1731 437 1835 475 sunt
1863 432 2050 490 tradita,
2081 449 2232 480 eorum
2261 434 2498 478 dominium
2526 447 2616 479 non
2641 435 2701 480 ad
2737 440 2804 491 te,
2842 449 2892 482 se

1594 486 1659 552 ad·
1679 498 1776 530 eam
1804 488 2012 544 pertinet,
2049 493 2261 541 pecuniae
2290 495 2438 534 autem
2465 491 2765 536 tantummodo
2794 505 2922 549 repe-

1593 544 1791 586 t1t1onem
1829 543 1990 598 habes,
2027 547 2119 592 sive
2156 546 2378 603 negotium
2414 545 2507 588 eius
2535 557 2691 601 gerens
2718 559 2921 592 numera-

1593 599 1757 642 tionem
1806 597 1954 644 fecisti
2004 602 2094 646 sive
2134 603 2180 647 in
2223 616 2318 646 eam
2363 601 2643 645 donationem
2691 603 2923 648 conferens

1594 653 1881 709 quantitatem
1908 656 2039 712 pretii
2065 658 2250 713 largitus
2279 671 2350 701 es:
2382 656 2543 700 etenim
2566 657 2636 701 vel
2661 656 2710 701 in
2738 658 2923 703 solidum

1550 718 1553 739 ι
1591 710 1661 752 vel
1704 714 1919 765 quatenus
1955 712 2218 769 locupletior
2254 714 2377 757 facta
2414 714 2483 757 est
2518 712 2694 757 actione
2732 725 2832 758 eum
2870 725 2926 759 ea

1593 778 1687 809 com
1723 765 1861 830 etenti
1897 769 2064 822 poteris
2102 771 2302 826 experiri.
2370 767 2463 812 ΡΡ.
2501 769 2602 812 VJI⁸
2635 768 2678 812 lc.
2712 767 2805 813 Oct.
2834 767 2923 814 Pio

1591 827 1635 865 et
1706 827 1890 865 ontzano
1920 836 2062 868 conss.
2737 828 2795 877 [a.
2825 827 2924 878 2³8]

1650 876 1713 924 10
1745 875 1871 921 Idem
1899 880 1948 921 A.
1992 878 2034 923 V
2029 880 2198 924 eriano.
2269 880 2317 924 Si
2351 879 2536 924 maritus
2565 879 2788 935 quondam
2814 890 2922 924 uxo-

1591 932 1651 976 ris
1695 937 1820 987 tuae,
1867 946 1966 977 cum
2005 935 2074 979 sui
2110 935 2221 980 iuris
2260 940 2396 990 esset,
2436 937 2482 978 in
2521 948 2618 979 eam
2648 935 2832 991 praedia
2857 934 2926 980 vel

1594 991 1740 1032 cetera
1779 988 2027 1035 donationis
2065 991 2195 1035 titulo
2237 993 2423 1036 contulit
2458 996 2503 1034 et
2541 992 2586 1035 in
2617 1003 2672 1035 ea
2699 991 2926 1036 voluntate

1591 1057 1731 1111 usque
1774 1044 1832 1088 ad
1872 1051 2057 1089 mortem
2100 1059 2226 1091 suam
2267 1047 2584 1103 perseveravit,
2627 1059 2684 1091 ex
2722 1047 2926 1092 oratione

1592 1101 1679 1143 divi
1708 1099 1857 1144 Severi
1892 1101 2152 1146 confirmata
2188 1106 2258 1147 est
2295 1103 2500 1148 donatio:
2541 1104 2624 1146 ac⁷
2662 1102 2701 1146 si
2737 1115 2816 1148 eas
2853 1115 2925 1147 res

1590 1159 1718 1213 pater
1748 1156 1946 1200 defuncti
1975 1157 2184 1202 iniuriose
2213 1159 2408 1212 abstulit,
2438 1172 2519 1215 per
2546 1158 2794 1216 praesidem
2821 1171 2925 1216 pro-

1591 1213 1760 1256 vinciae
1805 1225 1879 1256 eas
1922 1213 2156 1257 restituere
2208 1221 2399 1270 cogetur.
2473 1228 2557 1260 nec
2610 1216 2746 1269 enim,
2795 1214 2927 1271 quasi

1589 1268 1815 1312 maleficiis
1855 1268 1948 1312 eius
1989 1269 2048 1313 sit
2082 1270 2267 1314 maritus
2303 1271 2549 1326 extinctus,
2591 1271 2756 1316 crimen
2783 1270 2925 1315 inten-

1591 1326 1698 1368 dens
1737 1325 1850 1368 sub⁸
1885 1327 2119 1380 praetextu
2158 1326 2453 1370 accusationis
2491 1339 2604 1382 quae
2633 1327 2795 1372 donata
2819 1330 2928 1371 sunt

1590 1380 1765 1424 auferre
1795 1380 1959 1432 debuit,
1993 1392 2091 1424 cum
2122 1394 2257 1425 causa
2279 1382 2556 1426 liberalitatis
2576 1395 2607 1426 a
2623 1383 2927 1428 criminatione

1591 1442 1796 1492 separata
1848 1436 1918 1480 sit.
1987 1435 2080 1480 ΡΡ.
2127 1448 2196 1480 Ῑιι
2235 1436 2278 1480 lc.
2317 1437 2464 1496 April.
2512 1436 2745 1482 Gordiano
2787 1440 2843 1482 A.
2883 1445 2926 1482 et

1591 1492 1751 1538 Aviola
1780 1506 1923 1536 conss.
2736 1497 2796 1547 [a.
2827 1495 2926 1545 239]

1649 1548 1706 1595 11
1743 1547 1867 1593 Idem
1898 1549 1949 1593 A.
1980 1547 2200 1593 Maximo.
2268 1548 2394 1592 Sicut
2430 1552 2577 1593 cessat
2602 1548 2759 1605 petitio
2787 1560 2927 1605 quan-

1823 1617 1925 1648 uam
1965 1605 2018 1648 de
2055 1617 2135 1648 suo
2173 1604 2357 1648 maritus
2395 1605 2524 1649 uxori
2558 1605 2605 1648 in
2633 1617 2807 1650 menses
2835 1604 2928 1649 sin-

1591 1717 1807 1773 promittit
1820 1717 1851 1769 ⁹,
1892 1718 1954 1760 ita
1993 1730 2048 1760 ex
2085 1729 2138 1760 ea
2168 1730 2305 1760 causa
2333 1717 2498 1760 nummi
2515 1718 2548 1743 ¹⁰
2575 1718 2710 1761 soluti
2737 1729 2812 1761 ero
2871 1721 2926 1760 u-

1591 1786 1676 1828 que
1714 1786 1804 1817 non
1843 1773 1939 1816 dari
1979 1773 2284 1828 repetitionem
2317 1773 2598 1817 manifestum
2628 1777 2709 1818 est.
2768 1772 2821 1816 Ρ
2852 1807 2863 1816 .
2903 1784 2928 1815 v

1590 1829 1632 1873 lc.
1651 1828 1738 1873 Iul.
1766 1828 1999 1873 Gordiano
2022 1830 2073 1872 A.
2107 1841 2152 1871 ι]
2177 1835 2221 1872 et
2244 1828 2356 1872 Pom
2392 1830 2522 1872 eiano
2553 1842 2696 1874 conss.
2743 1833 2799 1883 [a.
2827 1832 2925 1881 241]

1648 1881 1714 1931 12
1745 1883 1869 1928 Idem
1899 1886 1949 1927 A.
1984 1883 2273 1928 Secundinae.
2374 1885 2390 1927 i
2426 1885 2608 1930 maritus
2647 1890 2751 1930 tuus
2784 1883 2925 1929 credi·

1590 1943 1709 1984 tores
1740 1941 1921 1984 sortitus
1949 1944 2053 1996 post
2080 1940 2243 1983 factam
2270 1940 2317 1983 in
2345 1944 2390 1983 te
2419 1940 2699 1985 donationem
2727 1940 2926 1996 fundum,

1591 2010 1718 2052 quem
1755 2010 1810 2040 ex
1848 1997 2084 2039 donatione
2121 1997 2206 2038 iuri
2235 2000 2312 2039 tuo
2342 1996 2559 2049 vindicas,
2589 1997 2727 2040 isdem
2755 1996 2926 2053 specia-

1590 2053 1692 2096 liter
1722 2052 1941 2107 obligavit,
1976 2052 2158 2095 eandem
2188 2052 2498 2107 obligationem
2527 2052 2794 2096 defensionis
2823 2057 2927 2096 tuae

1589 2108 1842 2151 firmitatem
1871 2110 2122 2163 inrumpere
2150 2108 2402 2163 intellegere
2432 2108 2578 2163 debes,
2621 2121 2720 2152 cum
2747 2108 2807 2152 sit
2833 2121 2925 2152 ma-

1590 2165 1798 2208 nifestum
1834 2177 1925 2208 non
1966 2165 2108 2207 solum
2146 2176 2200 2207 ex
2237 2163 2485 2207 huiusmodi
2525 2164 2816 2219 obligatione,
2848 2163 2927 2208 sed

1592 2221 1724 2263 etiam
1763 2233 1817 2263 ex
1855 2219 2094 2263 donatione
2126 2220 2195 2263 vel
2223 2219 2472 2263 venditione
2500 2221 2569 2263 vel
2607 2220 2694 2263 alio
2732 2219 2928 2275 quolibet

1544 2276 1547 2288 ²
1589 2276 1718 2319 modo
1757 2276 1890 2319 rebus
1930 2275 2131 2318 alienatis
2167 2280 2419 2318 revocatam
2453 2287 2550 2318 esse
2578 2288 2606 2318 a
2633 2274 2725 2318 viro
2755 2275 2803 2318 in
2829 2286 2926 2318 mu·

1588 2332 1738 2375 lierem
1766 2330 1933 2374 tactam
1963 2330 2257 2374 donationem.
2315 2329 2408 2373 ΡΡ.
2435 2341 2485 2373 VJ
2510 2330 2553 2374 lc.
2580 2329 2709 2374 Febr.
2725 2330 2925 2375 Arriano

1589 2392 1633 2430 et
1660 2385 1792 2444 Papo
1823 2399 1966 2430 conss.
2738 2390 2795 2440 [a.
2826 2389 2924 2439 243]

1647 2439 1711 2488 13
1754 2440 1900 2507 Impp.
1940 2440 2250 2485 Diocletianus
2289 2447 2334 2485 et
2368 2439 2682 2486 Maximianus
2710 2442 2802 2486 AA.
2833 2441 2925 2487 Ru-

1584 2499 1717 2554 finae.
1786 2497 1833 2541 S1
1873 2497 2048 2553 quidem
2087 2502 2190 2540 ante
2229 2496 2509 2541 donationem
2545 2498 2839 2554 possessionis
2875 2497 2925 2542 in

1586 2559 1632 2598 te
1659 2554 1777 2607 iure,
1817 2555 1868 2596 ut
1906 2553 2037 2607 dicis,
2077 2565 2106 2596 a
2141 2554 2298 2597 marito
2329 2553 2582 2597 collatam²¹
2608 2553 2838 2610 praedium
2863 2553 2924 2598 ab

1589 2609 1741 2654 eodem
1787 2609 1993 2653 creditori
2035 2609 2276 2664 obligatum
2317 2609 2425 2662 fuit,
2477 2610 2787 2654 alienationem
2828 2609 2924 2655 eius

1587 2667 1709 2710 salvo
1739 2665 1835 2709 iure
1865 2665 2001 2708 debiti
2041 2666 2097 2718 (si
2125 2670 2272 2709 tamen
2300 2665 2410 2709 iuris
2440 2665 2553 2710 ratio
2581 2666 2802 2711 actionem
2831 2666 2924 2710 eius

1591 2727 1609 2765 1
1656 2734 1744 2764 non
1775 2721 1984 2774 excludit)
2014 2721 2179 2764 factam
2208 2733 2304 2764 esse
2333 2721 2514 2764 dubium
2544 2735 2633 2766 non
2661 2727 2743 2766 est.
2796 2722 2925 2778 Quod

1588 2779 1627 2822 si
1668 2777 1906 2820 donatione
1945 2777 2040 2819 iure
2071 2777 2293 2820 celebrata
2323 2790 2394 2829 eo,
2436 2778 2553 2832 quod
2581 2779 2650 2822 vel
2674 2783 2782 2822 ante
2809 2791 2923 2834 nup-

1586 2834 1672 2877 tias
1702 2832 1823 2876 facta
1851 2837 1921 2876 est
1948 2833 2016 2875 vel
2044 2833 2089 2875 in
2118 2833 2256 2876 isdem
2287 2833 2486 2884 casibus,
2527 2834 2573 2876 in
2603 2834 2763 2889 quibus
2793 2834 2924 2878 etiam

1588 2891 1822 2933 constante
1844 2888 2121 2931 matrimonio
2147 2887 2324 2932 donatio
2354 2888 2594 2944 procedere
2621 2893 2782 2944 potest,
2813 2889 2924 2933 obli-

1585 2945 1704 3000 gatio
1734 2945 1936 2987 insecuta
1965 2950 2044 2994 est,
2085 2943 2252 2987 factum
2282 2944 2451 2997 mariti,
2492 2957 2620 3000 quem
2649 2944 2763 2988 diem
2792 2958 2923 2989 suum

1587 3001 1735 3044 obisse
1773 3000 2049 3052 memorasti,
2088 2998 2176 3043 iuri
2213 3004 2290 3044 tuo
2330 3000 2510 3044 officere
2545 3013 2636 3044 non
2663 3013 2796 3056 posse
2824 3013 2922 3045 cer-

1585 3059 1681 3100 tum
1720 3059 1800 3100 est.
1867 3054 1960 3099 PP.
1994 3066 2074 3112 Asu
2109 3054 2152 3098 lc.
2186 3053 2271 3099 Iul.
2302 3053 2509 3100 Maximo
2548 3067 2595 3099 11
2630 3063 2675 3100 et
2705 3057 2920 3113 Aquilino

1587 3125 1730 3156 conss.
2735 3115 2791 3164 [a.
2823 3115 2920 3164 286]

1645 3166 1710 3214 14
1746 3166 1906 3212 ¹²Idem
1935 3169 2027 3212 AA.
2063 3166 2345 3212 octavianae.
2414 3166 2487 3210 Ex
2521 3167 2688 3222 verbis,
2728 3179 2840 3222 quae
2872 3167 2923 3211 in

1585 3223 1819 3280 postremis
1841 3223 2016 3267 iudiciis
2040 3223 2308 3274 inseruntur,
2338 3222 2441 3266 licet
2462 3221 2520 3266 ad
2539 3222 2923 3267 fideicommissum

1586 3281 1652 3324 vel
1696 3280 1890 3334 legatum
1934 3279 2060 3323 utilia
2101 3284 2224 3333 sunt,
2268 3291 2358 3322 non
2396 3278 2643 3323 omnimodo
2679 3278 2817 3334 legati
2853 3279 2924 3323 vel

1585 3335 1910 3379 fideicommissi
1946 3336 2197 3391 persecutio
2235 3335 2387 3386 datur,
2427 3335 2504 3378 sed
2539 3335 2604 3378 ita
2645 3334 2842 3388 demum,
2882 3335 2921 3379 si

1585 3391 1860 3447 relinquendi
1889 3391 2034 3435 studio
2064 3390 2315 3435 huiusmodi
2337 3390 2471 3434 verba
2493 3390 2659 3435 fuerint
2673 3390 2918 3446 adscripta.

1583 3447 1701 3491 unde
1729 3452 1775 3491 te
1803 3448 2064 3501 voluntatis,
2104 3459 2193 3491 non
2221 3446 2331 3490 iuris
2361 3447 2661 3502 quaestionem
2690 3446 2736 3489 in
2765 3459 2919 3503 preces

1592 3509 1605 3546 1
1682 3508 1783 3547 tuas
1839 3504 2078 3548 contulisse
2128 3503 2275 3559 palam
2320 3505 2399 3545 est.
2474 3502 2584 3546 Cum
2624 3502 2760 3557 igitur
2801 3502 2919 3546 lecto

1585 3564 1847 3603 testamento
1887 3559 2271 3603 animadvertimus
2309 3557 2517 3601 maritum
2555 3563 2678 3601 tuum
2707 3570 2763 3602 ex
2790 3570 2919 3614 prae-

1585 3616 1770 3659 cedente
1807 3615 2041 3658 donatione
2082 3614 2320 3657 dominium
2358 3613 2441 3656 tibi
2475 3625 2762 3657 conservasse
2791 3625 2917 3657 secu-

1583 3671 1790 3727 ritatique
1824 3674 1928 3714 tuae
1967 3670 2026 3713 ad
2065 3669 2347 3714 obtinendam
2385 3669 2699 3724 proprietatem
2738 3669 2918 3725 cavisse,

1583 3727 1822 3771 inditorum
1859 3727 2094 3769 verborum
2134 3725 2362 3780 conceptio
2406 3738 2495 3768 non
2537 3724 2918 3770 fideicommissum

1583 3783 1784 3827 relictum
1824 3781 2034 3835 ostendit,
2075 3781 2154 3825 sed
2194 3794 2247 3825 ex
2287 3786 2468 3824 senatus
2506 3781 2697 3825 consulti
2724 3780 2918 3824 auctori-

1582 3843 1675 3882 tate
1712 3838 2021 3881 liberalitatem
2051 3837 2197 3880 mariti
2224 3837 2310 3891 tui,
2344 3836 2415 3880 cui
2446 3837 2758 3881 custodiendae
2787 3837 2918 3880 etiam

1581 3894 1773 3939 moriens
1817 3893 2067 3949 prospexit,
2117 3896 2335 3948 quatenus
2378 3893 2552 3936 firmare
2593 3894 2739 3948 potuit
2781 3891 2915 3935 domi-

1582 3951 1716 4002 nium,
1746 3949 1900 3992 mortis
1930 3955 2127 4003 tempore
2156 3949 2238 3992 tibi
2267 3961 2363 3993 esse
2392 3949 2626 3992 addictam.
2681 3946 2775 3991 ΡΡ.
2803 3946 2916 3990 111¹³

1582 4019 1687 4049 non.
1722 4004 1815 4050 Oct.
1845 4005 1958 4062 ipsis
1985 4007 2079 4048 AA.
2112 4019 2252 4048 consa
2728 4006 2784 4055 [a.
2817 4004 2912 4054 290]

1639 4059 1703 4107 15
1746 4059 1872 4103 Idem
1909 4061 2002 4103 AA.
2035 4059 2289 4104 Iustiniano
2329 4065 2374 4104 et
2401 4059 2515 4103 aliis.
2575 4059 2622 4103 Si
2648 4070 2737 4101 non
2765 4068 2916 4100 verum

1583 4119 1856 4160 contractum
1887 4119 2016 4171 pater
2044 4119 2188 4160 vester
2214 4115 2374 4172 gessit,
2413 4115 2491 4159 sed
2523 4115 2606 4158 sub
2635 4111 2783 4169 specie
2810 4124 2914 4156 ven-

1582 4171 1760 4215 ditionis
1800 4171 2081 4215 donationem
2119 4172 2410 4227 possessionis
2439 4171 2484 4214 in
2513 4174 2696 4213 matrem
2723 4172 2914 4212 vestram

1583 4227 1780 4280 contulit,
1811 4240 1894 4270 nec
1925 4240 1979 4271 ex
2007 4228 2148 4279 bonis,
2179 4240 2292 4282 quae
2320 4228 2366 4271 in
2394 4238 2584 4282 persona
2612 4223 2750 4280 patris
2780 4223 2915 4267 vestri

1581 4282 1874 4380 permansisse
1913 4283 2195 4339 videbantur,
2235 4284 2290 4327 ob
2329 4281 2595 4348 primipilum
2637 4278 2915 4323 indemnitati

1599 4338 1723 4382 'scali
1752 4339 1959 4383 satisfieri
1986 4340 2155 4395 potuit,
2198 4338 2303 4383 licet
2337 4351 2385 4381 m
2421 4336 2573 4380 eadem
2608 4334 2800 4379 donandi
2838 4347 2912 4379 vo-

1582 4493 1665 4517 cum
1695 4479 1752 4528 B,
1780 4479 1985 4530 permittit
2014 4481 2092 4521 PC

1582 4533 1799 4574 Mommsen
1927 4536 1997 4588 (11)
2026 4537 2085 4577 sic
2114 4535 2177 4587 M,
2206 4532 2378 4574 collatae
2413 4534 2448 4574 C

1583 4589 1656 4641 (13)
1688 4601 1737 4628 ιιι
1769 4589 1885 4641 Hal„
1916 4603 1962 4630 vx
1995 4591 2036 4631 P

2209 4479 2285 4531 (10)
2313 4476 2471 4517 nummi
2499 4476 2672 4531 ylossam
2702 4490 2787 4517 esse
2813 4475 2914 4517 vidit

2569 4532 2643 4584 (12)
2674 4533 2727 4585 cf.
2751 4533 2791 4584 8,
2810 4538 2866 4583 ιο,
2889 4539 2911 4572 s
