3086 4732
166 150 234 190 ετ
269 150 516 189 οωῑηῐσῐς
1498 139 1568 199 35

162 300 249 344 pue
291 288 551 338 monachos,
595 290 698 334 licet
738 302 825 334 non
855 288 944 333 sint
974 289 1141 345 clerici,
1181 292 1495 339 immunitatem

162 345 258 400 ipso
295 344 390 388 iure
429 359 578 389 omnes
615 347 778 390 habere
814 346 978 389 tutelae
1012 348 1102 391 sive
1139 351 1496 394 testamentariae

163 401 252 445 sive
293 399 514 455 legitimae
557 403 646 445 sive
688 401 881 445 dativae:
928 406 971 444 et
1015 415 1103 446 non
1147 406 1288 449 solum
1331 406 1495 450 tutelae

162 467 259 499 esse
297 467 372 499 eos
414 461 634 513 expertes,
673 457 749 501 sed
781 457 910 500 etiam
941 470 1084 511 curae,
1124 474 1211 503 non
1242 463 1382 505 solum
1411 474 1495 517 pu-

160 511 365 568 pillorum
409 517 454 556 et
495 512 766 565 adultorum,
811 511 889 555 sed
932 515 977 555 et
1018 514 1172 558 furiosi
1215 522 1260 560 et
1300 517 1411 560 muti
1450 519 1496 559 et

161 567 284 610 surdi
314 572 358 611 et
386 568 570 612 aliarum
597 579 895 623 personarum,
935 569 1093 623 quibus
1122 576 1291 616 tutores
1320 572 1387 616 vel
1417 584 1492 614 cu-

165 626 183 666 1
243 627 414 668 ratores
452 636 480 667 a
517 621 736 667 veteribus
772 623 942 677 legibus
983 624 1157 669 dantur.
1225 628 1317 671 Eos
1347 631 1492 670 tamen

161 679 347 723 clericos
385 684 428 722 et
462 678 702 722 monachos
743 678 992 722 huiusmodi
1031 682 1196 725 habere
1234 682 1492 726 beneficium

161 734 394 785 sancimus,
425 734 498 790 qui
526 734 582 776 ad
612 739 918 777 sacrosanctas
949 737 1156 780 eeclesias
1178 738 1244 782 vel
1273 741 1490 782 monaste-

158 791 225 833 ria
267 793 543 846 permanent,
587 801 674 832 non
721 790 982 845 devagantes
1019 805 1160 848 neque
1201 793 1319 837 circa
1348 792 1493 837 divina

158 844 425 889 ministeria¹
463 843 653 895 desideS,
698 858 796 888 cum
832 851 1014 901 propter
1042 848 1126 891 hoc
1154 849 1298 904 ipsum
1328 847 1490 892 benefi-

160 902 274 945 cium
312 901 374 944 eis
402 899 694 954 indulgemus,
733 906 782 943 ut
811 902 908 944 aliis
939 904 1141 947 omnibus
1173 905 1391 1003 derelictis
1423 903 1490 947 dei
1532 922 1535 950 :

1202 961 1262 1003 Et
1323 973 1374 1003 oc
1402 972 1490 1002 non
1532 962 1535 967 '

159 959 183 1000 2
241 955 548 1010 omnipotentis
578 956 835 1000 inhaereant
863 958 1130 1003 ministeriis.

156 1011 295 1056 solum
329 1011 374 1054 in
410 1015 553 1054 vetere
582 1011 723 1055 Roma
752 1013 818 1055 vel
858 1013 903 1056 in
933 1014 1017 1057 hac
1046 1016 1167 1070 regia
1199 1016 1384 1068 civitate,
1415 1014 1490 1058 sed

154 1066 200 1110 in
228 1066 345 1110 omni
374 1071 511 1118 terra,
552 1067 816 1124 ubicumque
848 1069 1197 1114 Christianorum
1227 1083 1384 1115 nomen
1416 1083 1488 1113 co-

153 1122 270 1175 litur,
301 1121 497 1165 obtinere
526 1123 760 1167 sancimus.
821 1124 875 1168 D.
901 1125 943 1168 lc.
963 1127 1074 1171 Nov.
1095 1133 1209 1184 post
1222 1140 1339 1171 cons.
1359 1126 1488 1168 Lam·

151 1177 280 1235 padii
307 1182 353 1222 et
383 1177 551 1222 Orestis
580 1193 644 1223 vv.
677 1193 737 1223 cc.
1292 1182 1352 1239 [a.
1385 1179 1486 1236 531]

209 1229 274 1278 52
306 1230 405 1286 (53)
438 1230 507 1276 2Ὁ
539 1231 669 1277 αὐτὸς
704 1234 912 1289 βασιλεὺς
937 1234 1121 1292 Ἰωάννη
1151 1234 1329 1297 ἐπάρχῳ
1359 1252 1394 1282 π
1423 1253 1486 1277 αι-

151 1293 345 1348 τωρίων.
406 1291 683 1345 Θεσπίζομεν
710 1290 880 1346 μηδένα
909 1283 1140 1336 παντελῶς
1167 1291 1278 1349 μήτε
1313 1298 1396 1348 βου
1424 1309 1486 1333 ευ-

151 1343 232 1398 τὴν
266 1341 377 1400 μήτε
414 1343 646 1399 ταξειότην
685 1350 931 1391 ἐπίσκοπον
974 1346 1001 1403 ἢ
1053 1347 1359 1408 πρεσβύτερον
1409 1349 1486 1391 τοῦ

153 1398 308 1444 λοιποῦ
335 1403 560 1459 γίνεσθαι,
592 1400 722 1444 οὐδὲν
747 1406 1056 1460 ἐφαπτομένου
1085 1403 1215 1448 τοῦδε
1244 1406 1322 1447 τοῦ
1351 1401 1487 1460 νόμου

157 1457 247 1498 τῶν
289 1455 494 1511 τοιαύτης
536 1456 773 1516 ἱερωσύνης
816 1457 1034 1519 πρότερον
1076 1457 1357 1514 ἠξιωμένων,
1409 1461 1488 1503 τοῦ

151 1510 305 1555 λοιποῦ
349 1510 398 1555 δὲ
439 1511 606 1568 μηδένα
651 1513 880 1557 παντελῶς
923 1518 971 1556 ἐκ
1006 1517 1082 1568 τῆς
1123 1517 1349 1574 εἰρημένης
1377 1513 1486 1559 ὄντα

151 1566 279 1623 τύχης
306 1568 366 1611 εἰς
393 1567 469 1610 τὰς
498 1570 712 1626 ῥηθείσας
740 1570 957 1627 ἱερατείας
982 1567 1268 1624 ἀναβαίνειν,
1306 1576 1379 1613 καὶ
1408 1569 1486 1627 μά-

151 1621 280 1667 λιστα
309 1624 349 1666 εἰ
375 1628 448 1666 καὶ
477 1622 560 1678 ἤδη
591 1623 897 1695 λειτουργήσας
925 1623 1063 1680 ἢτοῖς
1077 1626 1357 1676 ταξεωτικοῖς
1379 1627 1486 1679 υπη-

153 1683 170 1722 1
230 1675 414 1736 ρετήσας
451 1681 604 1732 ἔτυχεν
642 1683 924 1739 έπιτάγμασι.
998 1680 1083 1723 Τὸν
1119 1681 1201 1740 γὰρ
1240 1683 1486 1740 ἐντεθραμ-

148 1737 283 1780 μένον
319 1731 573 1794 εἰσπράξεσι
610 1734 820 1792 σφοδραῖς
854 1741 928 1779 καὶ
962 1742 1051 1779 τοῖς
1080 1735 1154 1780 διὰ
1181 1739 1314 1780 τοῦτο
1345 1739 1403 1780 ῶς
1433 1741 1486 1779 εί-

147 1789 220 1832 κὸς
246 1792 645 1845 ἐπισυμβαίνουσιν
673 1788 986 1860 ἁμαρτήμασιν
1014 1789 1092 1836 οὐκ
1129 1789 1186 1836 ἂν
1214 1793 1279 1847 εἴη
1316 1792 1489 1837 δίκαιον

147 1844 247 1913 ἄρτι
279 1848 367 1915 μὲν
401 1845 514 1888 εἶναι
551 1844 782 1902 ταξεώτην
818 1864 845 1902 η
882 1847 1123 1904 βουλευτὴν
1159 1852 1233 1892 καὶ
1271 1847 1488 1910 πράττειν

147 1917 201 1944 τα
230 1915 418 1944 παντων
445 1899 707 1961 πικρότατα,
737 1900 874 1946 εὐθὺς
903 1902 952 1947 δὲ
981 1905 1098 1963 ἱερέα
1126 1909 1485 1958 χειροτονεῖσθαι

149 1964 252 2019 περὶ
283 1961 633 2020 φιλανθρωπίας
659 1980 709 2006 τε
739 1966 812 2004 καὶ
840 1955 1147 2017 ἇκτημοσύνης
1181 1964 1489 2007 νουθετοῦντα

148 2022 223 2060 καὶ
248 2015 338 2076 ὕφη
366 2015 582 2072 σύμενον3
607 2015 832 2077 δόγματα·
861 2017 980 2073 πλὴν
1003 2019 1043 2062 εἰ
1064 2018 1124 2075 μὴ
1148 2022 1196 2061 ἐκ
1219 2025 1382 2074 νηπίας
1400 2016 1489 2074 ἡλι·

148 2079 245 2118 aetas
271 2091 328 2116 κα
379 2075 508 2118 οὔπω
537 2073 619 2128 τὴν
643 2077 815 2132 ἔφηβον
837 2075 1024 2131 ἐκβάσης
1047 2077 1173 2129 ἔτυχε
1194 2080 1287 2119 τοῖς
1311 2073 1488 2131 εὖλαβε·

148 2129 324 2174 στάτοις
349 2134 556 2188 μοναχοῖς
585 2131 1005 2190 ἐγκαταλελεγμένος
1035 2136 1108 2174 καὶ
1146 2130 1375 2188 διαμείνας
1413 2136 1488 2175 ἐπὶ

148 2186 308 2230 τούτου
329 2188 410 2231 τοῦ
433 2183 671 2242 σχήματος·
696 2189 942 2242 τηνικαῦτα
964 2187 1048 2247 γὰρ
1066 2191 1244 2245 ἐφίεμεν
1270 2186 1395 2243 αὐτῷ
1415 2192 1488 2231 καὶ

150 2246 437 2302 πρεσβυτέρῳ
465 2244 682 2302 γενέσθαι
711 2248 786 2286 καὶ
815 2246 874 2287 εἰς
903 2245 1153 2298 ἐπισκοπὴν
1181 2244 1349 2296 ἐλθεῖν,
1380 2243 1488 2302 πρό-

151 2296 286 2351 δηλον
313 2297 378 2352 ὅν,
410 2295 482 2351 ὥς,
511 2296 640 2354 ἡνίκα
665 2300 872 2343 τοιοῦτόν
894 2317 940 2343 τι
963 2305 1145 2359 γένηται
1167 2305 1241 2342 καὶ
1266 2301 1386 2352 ἄξιος
1413 2303 1490 2355 τῆς

153 2354 368 2414 ἱερατείας
391 2357 512 2415 φανῇ
527 2357 556 2407 ⁴,
581 2358 826 2410 τηνικαῦτα
851 2354 1008 2398 ἄδειαν
1032 2357 1119 2406 ἕξει
1138 2361 1291 2411 μένειν
1314 2360 1387 2399 ἐπὶ
1414 2359 1489 2410 τῆς

154 2409 393 2468 ἱερωσύνης
416 2415 490 2454 καὶ
514 2413 593 2453 τοῦ
620 2411 887 2470 λειτουργεῖν
904 2410 1206 2465 ἀπηλλάχθαι,
1230 2412 1314 2466 τὴν
1334 2409 1487 2469 τετάρ·

154 2483 237 2522 την
257 2471 412 2522 μέντοι
433 2471 511 2523 μοῖ
540 2483 596 2509 αν
618 2470 694 2522 τῆς
722 2467 856 2510 αὐτοῦ
882 2473 1136 2524 περιουσίας
1157 2466 1330 2521 ἁπάσης
1354 2472 1487 2526 παρέ·

151 2525 276 2578 χων5
306 2528 399 2567 τοῖς
418 2527 502 2580 βου
552 2528 673 2567 υταῖς
695 2529 769 2567 καὶ
798 2526 867 2579 τῷ
891 2521 1090 2580 δημοσίῳ
1118 2523 1231 2566 κατὰ
1254 2523 1336 2567 τὸν
1361 2526 1486 2582 ἔναγ-

155 2594 225 2631 χος
238 2581 312 2623 ἐπὶ
327 2583 418 2623 τοῖς
432 2585 792 2638 τεταρτημορίοις
804 2581 1001 2623 τεθέντα
1023 2576 1134 2637 παρ’
1155 2576 1284 2636 ἡμῶν
1306 2577 1448 2634 νόμον
1457 2581 1486 2632 ⁵,

157 2718 192 2769 1)
224 2716 418 2770 mysteria
445 2717 543 2759 libri
570 2718 666 2759 boni
692 2727 830 2759 contra
865 2719 1043 2760 Graecos
1157 2720 1211 2771 (2)
1243 2734 1276 2759 c.
1307 2727 1350 2760 52
1380 2727 1490 2760 emat

141 2774 180 2816 ¹‘n
219 2774 333 2825 Call„
374 2790 441 2827 pr.
473 2797 526 2803 —-
565 2779 646 2823 §4.
685 2783 735 2816 13.
774 2783 812 2816 14
851 2777 891 2816 in
922 2775 1088 2816 Nomoc.
1234 2777 1286 2825 (8)
1327 2774 1488 2816 νουθε-

141 2829 306 2872 τοῦντα
334 2832 408 2871 καὶ
445 2823 756 2887 ὑφηγούμενον
791 2829 1263 2885 Οοίἰ.,νομοθετοῦντα
1290 2831 1379 2882 (om.
1414 2834 1488 2872 καὶ

136 2881 460 2943 ὖφηγούμενον)
493 2888 656 2929 Nomoc.
783 2889 836 2939 (4)
873 2891 1033 2943 φανείη
1066 2889 1162 2928 libri
1274 2888 1328 2940 (5)
1359 2883 1385 2940 ἥ
1412 2886 1486 2929 ἱηεζ

205 3044 270 3095 52
314 3045 440 3092 Idem
471 3047 522 3092 Α.
555 3044 753 3090 Iohanni
769 3060 865 3145 hpp.
940 3045 1198 3098 Sancimus,
1241 3051 1293 3090 ut
1337 3046 1490 3090 nullus

150 3105 329 3149 omnino
373 3102 559 3148 curialis
601 3102 670 3147 vel
712 3115 764 3146 co
800 3102 960 3145 ortalis
1011 3102 1059 3145 in
1099 3107 1329 3161 posterum
1373 3116 1398 3147 e
1430 3102 1488 3146 is-

150 3173 291 3225 copus
327 3158 397 3205 vel
425 3158 666 3224 presbyter
691 3157 798 3214 fiat:
841 3158 920 3214 qui
958 3164 1092 3202 antea
1124 3158 1205 3202 tali
1231 3171 1362 3202 sacer
1395 3158 1488 3202 otio

150 3215 276 3274 diqni
303 3213 442 3259 habiti
472 3219 600 3265 sunt,
639 3212 724 3256 liac
759 3213 857 3270 leqe
885 3226 976 3256 non
1008 3218 1269 3271 tanquntur,
1286 3212 1490 3277 posthac

151 3275 299 3315 autem
326 3282 454 3313 nemo
494 3267 673 3312 omnino
712 3268 790 3325 qui
818 3273 1089 3312 memoratae
1119 3268 1397 3312 condicionis
1425 3276 1491 3313 est

151 3326 214 3371 ad
223 3324 459 3384 praedicta
482 3322 737 3367 sacerdotia
758 3323 956 3375 accedat,
971 3323 1239 3380 praesertim
1252 3324 1293 3367 si
1305 3323 1395 3367 iam
1410 3324 1490 3367 mi-

152 3380 363 3426 nistravit
390 3379 459 3425 vel
474 3380 603 3437 sorte
631 3377 927 3422 cohortalinis
953 3378 1227 3422 iussionibus
1256 3378 1486 3423 oboedivit.

156 3442 172 3481 1
235 3437 392 3502 Neque
428 3435 543 3481 enim
579 3434 745 3478 iustum
774 3439 888 3478 esset
914 3448 1026 3486 eum,
1097 3433 1145 3477 ui
1172 3433 1380 3478 violentis
1408 3448 1489 3479 ex-

152 3492 406 3538 actionibus
440 3496 486 3536 et
508 3490 710 3551 peccatis
768 3503 886 3548 quae
920 3489 991 3533 bis
1017 3489 1061 3535 vi
1092 3489 1220 3533 elicet
1248 3488 1490 3547 admiscen-

148 3556 238 3600 tur,
261 3546 508 3590 innutritus
529 3555 610 3597 esc,
632 3544 766 3588 modo
788 3544 1065 3587 cohortalem
1081 3541 1148 3585 vel
1163 3544 1378 3584 curtalem
1394 3552 1488 3583 esse

149 3609 192 3649 et
211 3602 408 3648 omnium
428 3599 712 3645 acerbissima
731 3600 903 3657 facere,
923 3610 1036 3642 mox
1050 3595 1326 3641 sacerdotem
1342 3594 1489 3639 creari

150 3657 444 3704 humanitatis
480 3662 525 3701 et
559 3656 842 3700 innocentiae
869 3659 1124 3712 praecepta
1166 3651 1395 3696 docentem
1434 3663 1489 3694 ac

151 3714 432 3760 suadentem:
452 3712 546 3756 nisi
562 3712 688 3762 forte
707 3711 763 3756 ab
782 3710 984 3758 infantia
1000 3707 1187 3754 necdum
1207 3707 1488 3767 pubertatem

151 3780 358 3824 eyressus
385 3767 503 3809 inter
530 3765 773 3808 monachos
806 3772 1013 3823 receptus
1049 3768 1110 3810 sit
1137 3772 1182 3812 et
1207 3770 1256 3812 in
1285 3780 1338 3811 eo
1366 3773 1489 3810 statu

185 3821 471 3866 ermanserit:
510 3825 614 3865 tunc
648 3820 762 3865 enim
802 3821 844 3865 ei
863 3822 1178 3879 permittimus,
1217 3828 1268 3867 ut
1295 3828 1340 3867 et
1358 3836 1490 3880 pres-

145 3837 393 3976 gytegdfiat
420 3883 464 3921 et
491 3875 552 3919 ad
579 3875 884 3934 episcopatum
933 3877 1156 3922 erveniat:
1176 3879 1255 3936 qui
1274 3878 1488 3930 videlicet,

151 3947 242 3992 quo
338 3932 389 3975 id
418 3932 499 3988 siet
532 3937 576 3976 et
611 3931 823 3975 clericatu
891 3946 1048 3989 tynum
1076 3947 1124 3977 se
1143 3933 1413 3992 praestabit,
1442 3933 1488 3976 in

150 3988 406 4033 sacerdotio
429 4000 724 4045 perseverare
743 3988 918 4044 poterit
948 3994 993 4032 et
1020 4003 1049 4032 a
1077 3989 1332 4033 muneribus
1359 4003 1489 4034 vaca-

151 4044 229 4098 bit,
259 4049 311 4088 ut
339 4049 484 4087 tamen
523 4048 731 4101 quartam
758 4043 1035 4087 substantiae
1054 4050 1236 4102 partem
1265 4045 1419 4089 curiae
1447 4051 1491 4088 et

149 4101 262 4157 fisco
301 4098 468 4155 offerat
500 4097 740 4142 secundum
769 4099 1144 4152 constitutionem,
1183 4114 1318 4157 quam
1345 4114 1490 4158 nuper

154 4155 210 4199 de
268 4161 402 4198 uarta
430 4153 642 4205 dedimus,
672 4153 742 4198 vel
764 4154 878 4208 fisco
905 4155 1022 4206 solo,
1057 4155 1100 4199 si
1124 4155 1253 4220 forte
1281 4154 1489 4199 cohorta-

153 4213 179 4258 2
255 4211 294 4253 is
323 4209 598 4254 condicionis
623 4209 777 4267 fuerit.
822 4207 956 4262 Quod
980 4211 1022 4253 si
1049 4217 1095 4254 et
1119 4216 1238 4254 mter
1260 4210 1489 4255 devotissi-

153 4279 250 4310 mos
289 4265 667 4309 archimandritas
700 4264 918 4322 recipitur
955 4271 999 4310 et
1025 4266 1143 4310 inter
1170 4279 1247 4310 eos
1274 4274 1488 4313 remanet,

155 4319 288 4362 etiam
324 4318 390 4363 sic
408 4318 549 4364 sortis
570 4320 849 4366 vacationem
871 4319 912 4362 ei
927 4331 1231 4375 praestamus,
1252 4320 1488 4364 duumaodo

151 4377 196 4418 et
223 4375 321 4431 ipse
358 4378 565 4430 quartam
595 4374 870 4416 substantiae
906 4386 1018 4415 suae
1039 4382 1220 4431 partem
1248 4377 1488 4418 secundum

153 4429 276 4486 quod
313 4429 510 4473 diximus
549 4428 737 4483 offerat:
774 4427 907 4470 aliter
943 4429 1057 4472 enim
1091 4443 1234 4486 neque
1261 4430 1386 4473 illum
1417 4445 1487 4474 or-

154 4483 306 4526 dinari
339 4498 480 4541 neque
518 4486 796 4527 ordinantem
838 4483 926 4526 tale
954 4483 1064 4540 quid
1088 4486 1245 4548 facere
1267 4486 1487 4543 permitti-

159 4541 182 4580 3
247 4553 353 4582 mus.
427 4538 551 4592 Quae
601 4539 866 4583 excellentia
913 4547 989 4582 tua
1033 4547 1147 4582 sciat
1190 4541 1243 4583 ab
1289 4542 1487 4584 omnib-us

2815 158 2907 238 13

1580 290 1608 349 ἦ
1641 299 1778 350 μονφ
1807 292 1876 346 τῷ
1905 289 2124 346 δημοσίῳ,
2166 294 2252 353 εἴγε
2287 295 2554 349 ταξεωτικῆς
2582 295 2709 354 τύχης
2738 301 2810 348 tn}
2839 325 2911 361 χα.

1581 353 1606 394 2
1663 366 1742 393 νεν
1776 347 1855 392 ὧν.
1911 348 1969 389 Εἰ
2013 345 2062 388 δὲ
2105 354 2178 391 καὶ
2221 354 2270 393 ἐν
2308 356 2398 395 τοῖς
2433 351 2767 408 εύλαβεστάτοις
2794 381 2910 421 αρχι-

1578 402 1842 463 μανδρίταις
1883 402 2074 455 ταχθείη
2119 409 2192 446 καὶ
2237 405 2533 462 διαμείνειενΊ
2578 412 2628 451 ἐν
2656 411 2811 467 αὐτοῖς,
2840 424 2911 459 καὶ

1578 456 1721 502 οὕτως
1758 455 1880 512 αὐτῷ
1911 455 2094 511 δίδομεν
2121 459 2204 511 τὴν
2231 463 2307 514 τῆς
2335 460 2465 515 τύχης
2492 459 2704 516 ἀτέλειαν,
2739 470 2821 521 τὴν
2847 490 2912 514 τε.

1577 511 1746 572 τάρτην
1788 510 2030 560 κάνταῦθα,
2069 517 2232 570 μοῖραν
2260 519 2336 570 τῆς
2374 517 2508 559 αὐτοῦ
2542 535 2598 562 πε
2629 528 2803 574 ιουσίας,
2841 545 2912 569 κα-

1576 567 1729 628 θάπερ
1758 565 1957 612 εἰπόντες
1985 569 2205 624 ἔφθημεν,
2236 578 2546 628 παρεχομένῳ“
2574 575 2602 616 ἄ
2633 574 2717 618 λως
2746 576 2793 619 δὲ
2818 580 2915 622 οὔτε

1576 627 1731 678 ἐκείνῳ
1760 625 2117 682 χειροτονεῖσθαι
2147 629 2456 685 συγχωροῦμεν
2484 628 2585 671 οὔτε
2621 633 2687 684 τῷ
2727 650 2914 690 χειροτο-

1577 684 1599 723 3
1658 681 1811 721 νοῦντι
1848 678 2054 721 τοιοῦτόν
2092 694 2136 721 τι
2174 678 2392 737 πράττειν
2420 686 2612 739 ἐφίεμεν.
2670 690 2915 731 Γινωσκού-

1575 748 1651 788 σης
1677 736 1754 788 τῆς
1782 735 1858 786 σῆς
1879 731 2107 792 ὑπεροχῆς,
2138 731 2197 778 ῶς
2221 738 2364 779 ταῦτα
2386 739 2758 798 παραφυλακτεόν
2776 740 2916 787 ἅπασι

1575 795 1663 833 τοῖς
1706 788 2071 857 θεοφιλεστάτοις
2114 791 2372 836 ἐπισκόποις
2414 795 2578 849 ποινὴν
2619 793 2919 856 ὑφορωμένοις

1574 848 1674 901 περὶ
1701 842 1840 898 αὐτην
1864 845 1947 899 τὴν
1972 843 2231 904 ἱερωσύνην,
2254 849 2351 892 εἴτι
2367 851 2542 893 τοιοῦτο
2557 849 2788 910 πράξαιεν,
2811 854 2918 912 πρὸς

1573 901 1624 943 τὸ
1653 898 1766 966 μηδἊὲ
1794 899 1875 943 τὸν
1901 900 2292 958 χειροτονούμενον
2330 907 2406 959 τῆς
2444 905 2683 965 ἱερωσύνης
2728 908 2917 952 ἀπολαύ-

1574 974 1653 1007 ειν,
1698 972 1782 997 καν
1825 958 1865 998 εἰ
1909 956 2130 1014 πρότερον
2173 958 2436 1014 οἱονδήποτε
2477 963 2666 1018 βαθμὸν
2705 965 2919 1024 ἱερατείας

1573 1015 1759 1064 ἐπεῖχεν,
1798 1008 1898 1054 οἰλλ>
1942 1016 1991 1054 ἐν
2023 1011 2224 1057 ἰδιώταις
2251 1016 2472 1069 τετάχθαι
2512 1023 2584 1060 καὶ
2623 1023 2700 1063 τὰς
2729 1020 2918 1080 λειτουρ-

1572 1075 1595 1111 4
1654 1074 1753 1126 γίας
1769 1067 1975 1119 ἐκτελεῖν,
2008 1069 2074 1112 αἶς
2092 1066 2296 1114 ὑπέκειτο
2313 1070 2545 1131 πρότερον.
2583 1071 2720 1134 “Anco
2736 1074 2917 1119 ἅπαντα

1572 1127 1752 1181 κρατεῖν
1794 1125 1853 1166 εἰς
1896 1123 1978 1167 τὸν
2022 1125 2175 1182 ἐφεξῆς
2218 1125 2480 1183 βουλόμεθα
2531 1127 2712 1188 χρόνον,
2765 1132 2918 1186 ἐπειδὴΙ

1574 1181 1756 1223 τοίνυν8
1794 1181 1981 1238 πρῶτον
2015 1177 2093 1239 ὑφ’
2137 1182 2266 1237 ημῶν
2302 1182 2543 1243 ἐξεύρηται,
2584 1185 2634 1228 οὐ
2665 1202 2917 1246 προσαπτο-

1570 1240 1705 1291 μένου
1744 1235 1978 1279 παντελῶς
2016 1235 2147 1280 τοῦδε
2182 1240 2260 1281 τοῦ
2290 1239 2439 1294 νόμου,
2481 1239 2689 1301 καθάπερ
2719 1241 2918 1287 εἰπόντες

1572 1292 1791 1359 ἔφθημεν,
1821 1294 1919 1334 τῶν
1946 1289 2071 1344 ἅπαξ
2099 1293 2306 1348 τοιαύτης
2335 1294 2574 1353 ἱερωσύνης
2605 1294 2916 1350 ἀξιωθέντων,

1572 1345 1654 1389 ἄλλ
1722 1348 1927 1398 ἐξουσίαν
1972 1347 2172 1402 ἐχόντων
2217 1348 2369 1394 αὐτῶν
2413 1351 2476 1395 δι’
2532 1349 2919 1398 ύποκαταστάτων

1574 1403 1839 1472 λειτουργεῖν
1877 1404 1990 1447 κατὰ
2031 1405 2114 1459 τὴν
2155 1405 2392 1450 Θεοδοσίου
2434 1413 2507 1450 καὶ
2548 1407 2918 1454 Οὐαλεντινιανοῦ

1571 1461 1669 1502 τῶν
1698 1475 1773 1512 της
1803 1458 2009 1516 εὐσεβοῦς
2037 1459 2199 1514 λήξεως
2228 1461 2463 1514 διάταξιν9
2498 1465 2582 1519 τὴν
2612 1467 2719 1524 πρὸς
2751 1470 2919 1522 Θωμᾶν

1573 1520 1596 1559 5
1656 1512 2127 1575 ἀντιγεγραμμένηνω,
2182 1518 2300 1577 Πρὸς
2323 1517 2496 1563 τούτοις
2533 1519 2706 1564 κάκεῖνο
2743 1520 2917 1566 δίκαιον

1573 1572 1687 1613 εἶναι
1717 1576 1789 1613 καὶ
1820 1578 1999 1630 κρατεῖν
2027 1578 2101 1615 καὶ
2129 1573 2451 1617 πολιτεύεσθαι
2480 1578 2770 1633 θεσπίζομεν,
2805 1576 2916 1638 ὅπερ

1570 1628 1711 1670 τεθὲν
1748 1628 1796 1677 ἐξ
1833 1628 1963 1686 ἀρχῆς
2000 1634 2072 1671 καὶ
2113 1628 2488 1686 πολιτευσάμενον
2530 1631 2608 1675 οὐκ
2638 1635 2766 1688 ἴσμεν
2795 1631 2918 1678 ὅπως

1572 1684 1832 1741 παρῶπται.
1899 1683 2172 1740 μεμνήμεθα
2210 1686 2293 1744 γὰρ
2326 1686 2554 1744 Ἀρκαὸίου
2597 1694 2669 1730 καὶ
2709 1686 2917 1747 Ὁνωρίου

1571 1742 1668 1782 τῶν
1708 1742 1784 1793 τῆς
1820 1738 2024 1795 εὐσεβοῦς
2054 1738 2216 1794 λήξεως
2252 1742 2505 1795 ἐντυχόντες
2534 1743 2731 1795 διατάξει
2750 1748 2778 1771 ¹¹
2817 1751 2915 1801 βου-

1572 1794 1733 1854 λομένῃ
1763 1795 1864 1839 τοὺς
1893 1795 2128 1855 κληρικούς,
2167 1798 2290 1853 εἴπερ
2320 1796 2614 1853 ἀμελήσαντες
2641 1799 2815 1853 τύχοιεν
2843 1804 2918 1855 τῆς

1572 1852 1747 1894 ἑαυτῶν
1757 1849 1924 1902 τάξεως
1938 1857 2010 1895 καὶ
2027 1855 2086 1895 εἰς
2097 1851 2366 1906 οἱανδήποτε
2380 1854 2571 1897 ἔνοπλον
2582 1862 2825 1914 στρατείαν
2835 1874 2916 1901 πα-

1571 1906 1850 1967 ραγγείλαιεν
1879 1906 1906 1962 ἢ
1935 1912 2008 1951 καὶ
2027 1910 2335 1968 καθῃρημένοι
2357 1910 2479 1969 παρὰ
2507 1914 2604 1954 τῶν
2625 1912 2915 1969 θεοφιλεστά-

1571 1981 1668 2007 των
1711 1961 1975 2007 ἐπισκόπων
2009 1963 2346 2023 στρατεύεσθαέ
2379 1964 2671 2022 τολμήσαιεν,
2716 1972 2764 2010 ἐκ
2797 1967 2916 2011 ἀλλε·

1572 2021 1687 2062 σθαι
1703 2023 1786 2075 μὲν
1802 2019 1960 2063 αὐτοὺς
1974 2022 2049 2075 τῆς
2065 2027 2299 2081 στρατείας
2321 2021 2367 2076 ἦς
2388 2025 2557 2076 ἔτυχον,
2574 1974 2914 2082 παραδίδῗισθαι

1572 2074 1620 2118 δὲ
1648 2081 1744 2119 ταῖς
1772 2078 1870 2119 τῶν
1886 2075 2065 2120 πόλεων
2080 2076 2270 2132 βουλαῖς,
2300 2074 2657 2138 ὑπουργήσοντας
2683 2079 2735 2122 τὸ
2760 2080 2918 2124 λοιπὸν

1571 2133 1636 2186 τῷ
1654 2130 1869 2187 δημοσίῳ,
1896 2131 2050 2186 ἐπειδὴ
2074 2138 2146 2175 καὶ
2173 2135 2228 2192 τῇ
2250 2135 2329 2175 τοῧ
2352 2132 2571 2178 δεσπότου
2598 2137 2709 2179 θεοῦ
2735 2135 2916 2195 λατρείᾳ

1570 2205 1683 2230 κατα
1722 2188 1805 2231 τὸν
1839 2190 1915 2242 τῆς
1954 2195 2189 2247 στρατείας
2233 2188 2404 2249 τρόπον
2442 2193 2599 2244 ἔτυχον
2637 2188 2916 2236 ἀπειπόντες.

1573 2249 1597 2288 6
1647 2241 1788 2300 Ἄπερ
1817 2249 1997 2302 κρατεῖν
2026 2248 2075 2287 ἐκ
2113 2243 2243 2288 τοῦδε
2275 2244 2403 2300 ἡμῶν
2431 2247 2710 2303 θεσπίζομεν
2738 2249 2817 2291 τοῦ
2846 2246 2915 2292 νό-

1568 2317 1664 2357 μου,
1706 2299 1954 2343 κελεύοντες
1984 2298 2140 2354 αὐτοὺς
2169 2299 2304 2343 εὐθὺς
2332 2307 2404 2343 καὶ
2435 2305 2702 2363 παραχοῆμα
2733 2307 2809 2358 τῆς
2837 2302 2915 2348 πό·

1571 2354 1679 2399 λεως
1721 2360 1900 2411 ἐκείνης,
1945 2358 1993 2408 ἐξ
2030 2357 2078 2412 ης
2107 2358 2215 2407 εἰσί,
2252 2360 2467 2415 γίνεσθαι
2502 2342 2750 2415 βουλευτάς,
2791 2362 2830 2401 εἰ
2856 2360 2916 2415 μὴ

1570 2410 1745 2478 σφόδρα
1784 2410 1998 2467 εὐπορίαν
2037 2415 2127 2466 ἔχοι
2165 2413 2423 2469 βουλευτῶν
2460 2411 2488 2468 ἡ
2516 2412 2654 2466 πόλις,
2700 2419 2916 2474 ἐπείτοιγε

1570 2481 1646 2519 της
1686 2473 1883 2526 γείτονος
1925 2466 1952 2521 ἢ
1981 2472 2055 2509 καὶ
2098 2473 2371 2526 πορρωτέρω
2408 2473 2533 2526 μέχρι
2570 2472 2672 2525 μιᾶς
2704 2473 2915 2528 ἐπαρχίας

1570 2524 1732 2580 ἑτέρας,
1763 2525 1883 2564 ἔνθα
1913 2520 2105 2578 μάλιστα
2139 2523 2392 2579 βουλευτῶν
2420 2527 2699 2577 καθέστηκεν
2735 2524 2913 2584 ἀπορία.

1572 2584 1592 2622 7
1654 2581 1711 2621 Εἰ
1741 2577 1790 2622 δὲ
1819 2575 2012 2635 ἀφανεῖς,
2044 2576 2103 2622 ὠς
2131 2578 2256 2631 εἰκός,
2285 2584 2509 2638 γένοιντο,
2550 2579 2706 2623 ἄδειαν
2733 2579 2914 2635 δίδομεν

2234 2723 2282 2767 (7)
2316 2714 2521 2773 διαμείνῃ
2553 2717 2667 2768 Call„
2707 2710 2929 2770 διαμείνοι

2445 2777 2500 2826 (9)
2543 2769 2795 2821 διατάξεων
2829 2774 2927 2815 coll.

2354 2831 2424 2882 (ιι)
2458 2830 2532 2871 Th.
2561 2833 2625 2879 16,
2655 2839 2689 2879 2,
2713 2838 2758 2870 39

1837 2721 1892 2770 (6)
1930 2720 2134 2769 10,35,4‘?

1859 2778 1912 2825 (8)
1955 2769 2009 2815 τὸ
2033 2774 2118 2815 νῦν
2149 2774 2331 2815 Hercher

1907 2834 1978 2880 (ιο)
2008 2846 2039 2871 c.
2069 2840 2106 2872 21
2137 2831 2174 2870 Ιι.
2203 2839 2229 2872 t.

1576 2719 1740 2762 Nomoc.

1576 2776 1743 2818 Nomoc.

1579 2833 1674 2873 libri
1700 2832 1794 2873 boni

1572 3044 1924 3102 reliqiosissimis
1974 3045 2200 3103 episcopis
2252 3043 2531 3088 observanda
2582 3058 2677 3087 esse
2721 3058 2918 3101 poenam

1573 3101 1696 3144 circa
1733 3100 2034 3145 sacerdotium
2073 3101 2219 3159 ipsum
2259 3099 2582 3157 expectaturis,
2622 3100 2662 3142 si
2693 3099 2802 3156 quid
2832 3099 2920 3143 tale

1572 3157 1765 3213 faciant,
1797 3156 2053 3201 ordinatum
2080 3162 2321 3213 praeterea
2350 3168 2493 3211 neque
2520 3155 2775 3198 sacerdotio
2803 3155 2917 3211 frui,

1575 3211 1750 3256 tametsi
1786 3217 1922 3269 antea
1952 3210 2191 3268 quemlibet
2226 3210 2464 3254 clericatus
2492 3209 2683 3267 qradum
2715 3211 2917 3263 tenuerit,

1570 3267 1651 3312 sed
1689 3267 1807 3311 inter
1845 3267 1987 3310 laicos
2015 3265 2244 3310 numerari
2272 3271 2317 3310 et
2343 3279 2529 3309 munera
2557 3265 2722 3317 subire,
2759 3265 2919 3322 quibus

1572 3327 1598 3367 4
1656 3329 1790 3366 antea
1827 3321 2097 3366 subiacebat.
2155 3320 2282 3375 Quae
2320 3321 2470 3365 omnia
2498 3321 2545 3364 in
2572 3322 2783 3378 futurum
2816 3328 2915 3365 tem—

1564 3391 1658 3438 pus
1686 3378 1836 3422 valere
1863 3378 2080 3429 volumus,
2121 3377 2229 3435 quia
2267 3390 2386 3420 nunc
2411 3377 2606 3434 primum
2637 3391 2664 3420 a
2693 3377 2823 3420 nobis
2851 3377 2917 3420 in-

1572 3439 1703 3479 venta
1731 3439 1850 3485 sunt,
1880 3446 2024 3490 neque
2053 3433 2233 3477 omnino
2250 3431 2360 3476 Ilaec
2389 3432 2480 3484 lex,
2510 3440 2561 3476 ut
2588 3433 2801 3483 diximus,
2841 3447 2918 3477 eos

1574 3493 1747 3546 tanqat,
1778 3489 1856 3546 qui
1883 3489 2019 3532 semel
2044 3489 2346 3533 sacerdotium
2374 3495 2645 3540 meruerunt,
2676 3489 2755 3532 sed
2785 3488 2918 3532 liceat

1573 3545 1637 3590 eis
1664 3558 1756 3609 per
1790 3544 2056 3588 substitutos
2093 3558 2280 3589 munera
2318 3543 2468 3588 subire
2504 3544 2746 3587 secundum
2778 3543 2818 3587 T
2814 3544 2916 3588 beo-

1572 3600 1690 3644 dosii
1718 3605 1764 3644 et
1801 3599 2107 3644 Valentiniani
2135 3600 2264 3645 divae
2291 3599 2532 3643 memoriae
2556 3600 2915 3644 constitutionem

1573 3660 1598 3700 5
1658 3654 1719 3699 ad
1749 3654 1961 3700 Thomam
1989 3656 2267 3715 rescriptam.
2326 3654 2573 3699 Waeterea
2610 3664 2654 3699 et
2684 3655 2800 3698 illud
2825 3656 2915 3698 ius-

1574 3717 1663 3756 tum
1701 3724 1796 3755 esse
1834 3717 1878 3755 et
1913 3711 2114 3756 obtinere
2151 3717 2195 3755 et
2222 3712 2270 3754 in
2309 3725 2393 3754 usu
2429 3724 2525 3754 esse
2553 3710 2763 3762 iubemus,
2794 3710 2917 3767 quod

1572 3768 1627 3811 ab
1657 3767 1788 3810 initio
1810 3767 2013 3824 positum
2042 3774 2085 3812 et
2111 3767 2389 3811 observatum
2418 3766 2507 3809 iam
2525 3766 2745 3809 nescimus
2773 3780 2914 3822 quan-

1574 3828 1663 3866 tum
1694 3836 1750 3866 ne
1783 3822 1958 3879 leqitur.
2017 3823 2293 3867 meminimus
2322 3821 2436 3865 enim
2466 3821 2674 3864 incidisse
2702 3821 2749 3863 in
2774 3822 2913 3864 Arca-

1573 3878 1636 3921 dii
1664 3883 1708 3921 et
1782 3878 1930 3921 onorii
1968 3878 2098 3923 divae
2125 3878 2366 3922 memoriae
2390 3877 2766 3927 constitutionem,
2797 3890 2913 3932 quae

1572 3934 1774 3984 clericos,
1818 3933 1860 3976 si
1901 3933 2101 3978 ordinem
2144 3947 2271 3977 suum
2317 3932 2524 3975 deserant
2566 3940 2608 3975 et
2652 3931 2713 3974 ad
2759 3945 2913 3988 quam-

1573 3988 1679 4032 libet
1718 3994 1938 4032 armatam
1976 3990 2180 4033 militiam
2218 3988 2399 4031 nomina
2439 3987 2545 4030 dent
2579 3986 2649 4031 vel
2676 3986 2809 4030 etiam
2839 3986 2911 4029 de-

1563 4043 1711 4102 positi
1745 4057 1774 4087 a
1810 4044 2160 4102 reliqiosissimis
2197 4044 2421 4105 episcopis
2457 4041 2651 4086 militare
2679 4043 2780 4085 ausi
2807 4041 2909 4092 sint,

1571 4099 1732 4142 militia
1801 4113 1903 4143 uam
1942 4101 2065 4144 nacti
2099 4104 2205 4143 sunt
2242 4112 2347 4142 exui
2386 4097 2482 4142 vult
2510 4104 2553 4140 et
2582 4097 2807 4141 civitatum
2837 4109 2911 4139 cu-

1571 4155 1654 4197 riis
1684 4160 1755 4199 tra
1787 4154 1817 4206 i,
1858 4162 1909 4199 ut
1946 4155 2155 4213 deinceps
2188 4153 2255 4198 rei
2277 4152 2490 4210 publicae
2516 4151 2806 4195 ministerium
2832 4151 2910 4207 fa·

1572 4210 1715 4262 ciant,
1755 4223 1852 4253 cum
1889 4224 1938 4255 se
1966 4210 2135 4254 domini
2172 4209 2245 4253 dei
2280 4207 2463 4251 servitio
2495 4221 2587 4265 per
2622 4207 2807 4250 militiae
2835 4219 2909 4262 qe·

1573 4270 1597 4309 6
1655 4279 1741 4308 nus
1784 4265 2097 4310 abdicaverint.
2169 4263 2295 4318 Quae
2338 4263 2487 4307 valere
2524 4276 2586 4306 ea:
2630 4262 2716 4305 hac
2750 4265 2908 4303 nostra

1572 4321 1670 4378 leqe
1696 4322 1920 4365 sancimus
1946 4320 2145 4365 iubentes
2179 4333 2257 4364 eos
2285 4319 2497 4363 continuo
2527 4330 2582 4360 ac
2608 4317 2758 4360 statim
2777 4315 2909 4381 ‘il-lius

1573 4378 1766 4420 civitatis
1802 4391 1864 4422 ex
1932 4392 1991 4421 ua
2021 4377 2202 4421 oriundi
2229 4382 2335 4419 sunt
2365 4374 2558 4419 curiales
2580 4373 2697 4429 fieri,
2737 4385 2823 4416 nisi
2853 4385 2907 4416 ea

1573 4433 1730 4476 civitas
1774 4392 2017 4476 curiaqibus
2059 4432 2188 4477 valde
2229 4430 2435 4482 abundet,
2472 4442 2561 4492 quo
2601 4441 2708 4471 casu
2736 4428 2908 4492 uicinae

1575 4488 1640 4533 vel
1668 4489 1800 4531 etiam
1837 4488 2070 4532 remotiori
2103 4501 2244 4551 usque
2271 4487 2317 4529 in
2340 4496 2601 4543 prou-imam
2623 4496 2904 4540 provinciam

1534 4574 1537 4589 2
1573 4543 1863 4595 addicantur,
1903 4545 1977 4587 ubi
1999 4544 2281 4601 potissimum
2326 4539 2557 4584 curialium
2594 4553 2789 4595 penuria
2827 4546 2892 4582 est

2515 4609 2572 4648 5*
