3054 4796
146 225 213 274 VI
254 225 334 272 26.
373 223 436 272 27

140 371 279 414 tiones
316 381 404 412 non
439 364 740 421 impuberibus
770 364 872 408 filiis
902 364 1049 408 factae
1079 360 1278 416 expirare
1309 358 1466 403 solent.

139 424 232 468 ΡΡ.
262 435 294 466 x
321 422 363 465 lc.
397 420 494 464 Iun.
524 420 639 477 ipsis
668 430 761 463 1111
787 425 834 464 et
859 421 951 464 AA.
983 430 1124 462 conss.
1279 418 1336 466 [a.
1369 416 1467 480 390]

194 476 224 524 6
260 477 398 521 ¹Idem
425 476 518 519 AA.
549 479 594 519 et
623 473 701 518 00.
733 473 990 527 Quintiano.
1060 471 1342 534 Testamenta
1371 480 1468 533 iure

137 535 256 578 facto
282 532 427 575 multis
448 529 662 574 institutis
678 530 913 574 heredibus
940 533 983 573 et
996 527 1179 571 invicem
1201 526 1468 577 substituas,

135 590 397 634 adeuntibus
427 599 550 629 suam
579 585 826 640 portionem
868 583 1130 628 coheredum
1160 581 1293 624 etiam
1321 580 1470 624 invitis

136 659 183 690 re
215 643 454 688 udiantium
489 640 706 683 adcrescit
728 640 887 694 portio.
947 638 1055 702 Sine
1080 637 1152 680 die
1180 642 1226 681 et
1245 635 1467 680 consule?

184 660 221 745 1'³7
254 700 376 743 Idem
399 698 488 740 AA.
520 702 564 740 et
590 694 667 738 00.
684 695 939 738 'Feliciana
985 693 1032 737 S1
1055 697 1321 737 testamento
1346 692 1468 737 facto

135 756 253 800 intra
280 753 539 818 pupillarem
567 753 759 794 aetatem
789 752 834 793 et
861 750 907 792 in
937 761 1020 792 sua
1048 752 1273 805 potestate
1306 747 1470 793 consti-

135 817 255 855 tutae
289 810 427 861 fihae,
468 807 506 850 si
543 807 661 850 intra
698 806 974 862 pubertatem
1005 804 1258 857 decesserit,
1289 804 1469 848 directis

135 867 278 911 verbis
308 866 435 920 pater
465 862 706 917 substituit,
736 861 942 905 heredem
976 865 1022 905 te
1050 860 1222 905 factum
1250 874 1304 905 ex
1332 864 1468 904 testa-

133 924 277 966 mento
316 922 418 975 post
455 922 657 962 eventum
694 917 964 962 condicionis
993 916 1194 962 intestati
1224 917 1468 961 successio-

133 990 231 1022 nem
282 974 521 1020 exclusisse
564 974 777 1019 constitit.
860 972 906 1017 S.
958 972 1001 1017 lc.
1048 972 1148 1017 Ian.
1194 972 1335 1018 Sirmi
1376 972 1469 1016 AA.

133 1046 273 1078 conss.
1281 1034 1338 1082 [a-
1371 1032 1468 1081 293]

189 1086 219 1137 8
249 1086 373 1131 Idem
401 1087 493 1131 AA.
525 1091 571 1131 et
601 1084 678 1131 00.
711 1084 966 1130 Petroniae.
1011 1085 1226 1130 Precibus
1255 1086 1346 1130 tuis
1377 1097 1468 1128 ma-

131 1143 332 1189 nifestius
361 1142 606 1198 exprimere
635 1141 867 1194 debueras,
899 1141 1085 1185 maritus
1115 1141 1336 1197 quondam
1365 1146 1469 1184 tuus

132 1201 253 1245 miles
297 1199 554 1253 defunctus,
611 1211 739 1253 quem
787 1199 1055 1242 testamento
1099 1197 1219 1241 facto
1263 1197 1470 1241 heredem

134 1268 403 1301 communem
446 1259 641 1298 vestrum
692 1253 834 1297 filium
877 1253 1123 1297 instituisse
1165 1253 1379 1309 proponis
1425 1256 1470 1296 et

132 1311 371 1357 secundum
408 1310 614 1354 heredem
651 1309 906 1365 scripsisse,
953 1314 1157 1354 utrumne
1195 1309 1242 1353 in
1280 1309 1470 1365 primum

133 1381 282 1412 casum
312 1379 371 1410 an
398 1366 488 1410 filio
518 1379 612 1420 suo,
644 1378 773 1420 quem
802 1364 961 1409 habuit
988 1365 1033 1408 in
1060 1368 1283 1422 potestate
1311 1366 1468 1410 mortis

130 1428 349 1479 tempore,
402 1422 442 1466 si
486 1422 604 1465 intra
648 1426 853 1477 quartum
897 1421 1114 1465 decimum
1158 1421 1317 1466 aetatis
1362 1434 1470 1466 suae

135 1484 153 1522 1
213 1492 376 1523 annum
411 1491 470 1522 an
507 1482 664 1534 postea
703 1477 956 1521 decesserit.
1023 1478 1139 1521 Nam
1180 1491 1270 1521 non
1300 1483 1369 1522 est
1396 1477 1464 1521 in·

131 1535 239 1580 certi
266 1534 390 1587 iuris,
420 1533 558 1599 quod,
599 1534 638 1577 si
666 1533 840 1590 quidem
868 1534 914 1576 in
942 1534 1081 1589 patris
1109 1534 1263 1577 militis
1294 1534 1468 1590 positus

129 1595 348 1648 potestate
383 1603 523 1646 primo
565 1602 672 1634 casu
707 1592 882 1633 tantum
921 1589 1080 1634 habuit
1108 1591 1397 1634 substitutum
1426 1595 1471 1635 et

104 1699 106 1701 ¹
129 1647 248 1705 patri
275 1647 404 1690 heres
433 1646 592 1700 extitit,
623 1659 674 1690 eo
706 1645 916 1690 defuncto
946 1646 1003 1690 ad
1032 1649 1077 1690 te
1106 1645 1354 1691 omnimodo
1374 1647 1468 1691 eius

131 1708 156 1746 2
214 1703 432 1759 pertineat
470 1702 710 1746 successio.
776 1701 824 1745 Si
851 1714 955 1746 vero
996 1702 1254 1747 substitutio
1292 1703 1370 1746 in³
1399 1716 1468 1746 se-

132 1759 323 1803 cundum
363 1771 514 1801 casum
543 1758 611 1802 vel
647 1770 858 1813 expressa
885 1758 955 1801 vel
989 1758 1246 1815 compendio
1275 1772 1365 1802 non
1393 1772 1468 1802 us—

132 1827 218 1870 que
257 1814 315 1858 ad
351 1817 516 1858 certam
545 1817 735 1857 aetatem
762 1813 886 1857 facta
914 1814 1185 1870 reperiatur,
1226 1815 1264 1858 si
1294 1815 1470 1870 quidem

132 1870 250 1914 infra
277 1870 555 1926 pubertatem
585 1869 796 1923 decessit,
832 1881 907 1913 eos
936 1870 1100 1913 habeat
1127 1870 1326 1923 heredes,
1358 1884 1468 1926 quos

132 1931 260 1981 pater
299 1926 340 1970 ei
378 1925 610 1969 constituit
639 1930 682 1969 et
710 1925 914 1968 adierunt
947 1925 1257 1970 hereditatem:
1298 1928 1337 1971 si
1363 1940 1468 1970 vero

132 1987 236 2037 post
287 1981 588 2038 pubertatem,
640 1986 687 2024 te
736 1981 831 2025 eius
874 1981 1200 2026 successionem
1243 1982 1470 2026 obtinente

132 2037 253 2081 velut
282 2050 336 2081 ex
366 2050 502 2081 causa
531 2037 857 2081 fideicommissi
885 2038 1023 2092 bona,
1055 2051 1167 2094 quae
1199 2052 1298 2082 cum
1326 2052 1468 2083 more-

133 2098 256 2137 retur
284 2093 425 2149 patris
457 2093 549 2136 eius
579 2094 773 2146 fuerunt,
805 2106 833 2136 a
862 2098 906 2137 te
933 2097 1123 2148 possunt
1150 2098 1317 2150 petere.
1363 2094 1408 2139 S.
1445 2107 1475 2138 V

132 2148 190 2193 id.
220 2154 259 2192 A
295 2149 365 2192 ril.
396 2150 489 2192 AA.
521 2162 664 2193 conss.
1231 2179 1234 2182 -
1282 2154 1338 2204 [a.
1371 2154 1468 2204 293]

189 2201 219 2251 9
279 2218 365 2262 mp.
409 2203 689 2248 lastinianus
724 2205 776 2248 A.
815 2203 978 2249 Menae
1011 2220 1095 2264 pp.
1169 2206 1467 2250 Humanitatis

130 2260 292 2303 intuitu
321 2259 578 2315 parentibus
608 2260 905 2315 indulgemus,
947 2265 1020 2313 ut,
1061 2261 1100 2305 si
1128 2261 1267 2305 filium
1295 2263 1363 2306 vel
1391 2275 1468 2306 ne-

130 2318 277 2371 potem
305 2316 372 2358 vel
416 2320 705 2370 pronepotem
736 2316 1051 2371 cuiuscumque
1098 2330 1231 2361 sexus
1275 2319 1470 2362 habeant

129 2383 211 2414 nec
254 2371 343 2413 alia
416 2371 531 2414 roles
573 2371 933 2414 descendentium
972 2372 1034 2415 eis
1075 2373 1154 2427 sit,
1198 2374 1283 2417 iste
1320 2379 1468 2417 tamen

127 2425 242 2469 filius
272 2426 339 2469 vel
366 2385 459 2469 filiia
487 2427 554 2470 vel
593 2439 732 2482 nepos
762 2427 830 2471 vel
868 2427 1013 2482 neptis
1043 2428 1111 2471 vel
1146 2442 1369 2484 pronepos
1399 2429 1468 2473 vel

126 2482 351 2538 proneptis
389 2486 534 2525 mente
575 2488 732 2537 captus
775 2482 843 2525 vel
887 2485 1034 2526 mente
1076 2487 1209 2539 capta
1250 2490 1466 2540 perpetuo

127 2537 204 2590 sit,
246 2538 315 2580 vel
344 2537 382 2581 si
416 2536 503 2580 duo
533 2539 603 2581 vel
640 2538 792 2593 plures
831 2538 906 2582 isti
943 2538 1129 2591 fuerint,
1174 2540 1322 2585 nullus
1361 2554 1465 2585 vero

126 2606 275 2636 eorum
306 2598 493 2649 saperet,
523 2593 659 2637 liceat
685 2594 823 2637 isdem
854 2595 1114 2650 parentibus
1141 2596 1337 2651 legitima
1363 2611 1466 2653 por-

124 2649 244 2692 tione
273 2649 313 2692 ei
337 2650 404 2693 vel
434 2649 497 2693 eis
522 2649 680 2693 relicta
709 2663 818 2706 quos
842 2650 1062 2695 voluerint
1087 2651 1155 2695 his
1183 2653 1465 2708 substituere,

124 2707 177 2748 ut
212 2705 446 2749 occasione
483 2705 737 2750 huiusmodi
773 2706 1102 2751 substitutionis
1132 2708 1190 2752 ad
1219 2710 1466 2765 exemplum

125 2761 357 2816 pupillaris
396 2761 520 2804 nulla
555 2762 750 2817 querella
788 2767 943 2806 contra
971 2767 1285 2808 testamentum
1315 2779 1466 2809 eorum

127 2817 308 2871 oriatur,
338 2817 403 2860 ita
432 2820 604 2870 tamen,
634 2821 705 2873 ut,
742 2819 780 2862 si
809 2821 967 2874 postea
994 2819 1233 2875 resipuerit
1260 2822 1329 2865 vel
1357 2822 1465 2865 resi-

125 2874 322 2927 puerint,
363 2873 465 2917 talis
506 2874 764 2918 substitutio
797 2878 960 2926 cesset,
998 2876 1067 2919 vel
1106 2877 1144 2920 si
1173 2877 1254 2921 filii
1282 2883 1362 2920 aut
1390 2879 1466 2921 alii

126 2928 441 2973 descendentes
496 2942 550 2973 ex
601 2930 854 2974 huiusmodi
901 2935 1046 2974 mente
1100 2935 1234 2987 capta
1275 2947 1467 2988 persona

126 2985 345 3040 sapientes
377 2986 476 3038 sint,
507 2998 598 3029 non
627 2986 760 3029 liceat
787 2987 963 3042 parenti
992 2988 1068 3043 qui
1091 2989 1157 3032 vel
1186 3002 1299 3045 quae
1327 2994 1464 3034 testa-

124 3043 199 3083 tur
234 3041 344 3085 alios
382 3054 513 3097 quam
544 3054 599 3084 ex
628 3055 679 3086 eo
710 3042 1027 3087 descendentes
1057 3058 1193 3088 unum
1222 3046 1290 3090 vel
1321 3051 1465 3091 certos

129 3100 147 3139 1
206 3097 275 3140 vel
305 3110 454 3141 omnes
485 3098 768 3142 substituere.
828 3099 905 3143 Sin
934 3112 1037 3144 vero
1067 3101 1201 3144 etiam
1231 3102 1308 3145 alii
1336 3102 1464 3146 liberi

124 3153 327 3197 testatori
364 3153 434 3197 vel
469 3155 690 3198 testatrici
732 3155 822 3199 sint
867 3156 1112 3211 sapientes,
1162 3170 1217 3201 ex
1252 3158 1321 3202 his
1360 3172 1463 3203 vero

124 3210 1465 3316 ἒὲῐῗὲἓέῗθέῑὲὲἳηέθὲζῖέἵξέῗὲθέὲέἓῐνὲῗιέἓῗῃέἓὸἒξὲἓέἔᾱ

125 3319 219 3364 fieri
257 3322 614 3366 substitutionem
654 3326 843 3380 oportet.
910 3323 965 3368 D.
998 3337 1069 3368 Η]
1104 3325 1163 3369 id.
1203 3326 1309 3372 Dec.
1351 3326 1464 3372 Con-

126 3377 324 3420 stantino
361 3377 423 3420 oli
451 3379 521 3422 dn.
551 3378 807 3424 Iustiniano
831 3380 880 3424 A.
903 3394 942 3438 p
980 3416 988 3424 .
1022 3392 1068 3424 ΙΙ
1093 3395 1213 3426 oona
1275 3387 1332 3436 [a.
1365 3387 1463 3437 528]

80 3434 84 3439 '
129 3475 140 3496 .-
185 3430 248 3478 10
282 3433 297 3457 ⁴
328 3433 424 3497 flem
463 3435 513 3477 A.
547 3433 744 3478 Iohanni
774 3451 858 3494 pp.
967 3450 1041 3480 um
1072 3438 1250 3494 quidam
1290 3440 1463 3484 duobus

126 3488 424 3554 impubenbus
466 3489 567 3533 filiis
611 3492 701 3535 suis
744 3492 978 3537 heredibus
1026 3494 1240 3538 institutis
1286 3496 1463 3550 adiecit,

127 3556 164 3586 s1
193 3548 377 3598 uterque
405 3546 606 3599 impubes
636 3546 895 3601 decesserit,
934 3550 1058 3592 illum
1096 3551 1180 3595 sibi
1210 3564 1308 3595 esse
1337 3553 1462 3596 here-

127 3598 244 3650 dem,
286 3605 330 3643 et
369 3599 656 3644 dubitabatur
686 3604 804 3657 apud
834 3606 1037 3661 antiquos
1066 3606 1211 3662 legum
1240 3611 1461 3662 auctores,

126 3658 330 3721 utrumne
359 3660 466 3700 tunc
494 3658 632 3700 voluit
661 3660 948 3704 substitutum
977 3662 1168 3718 admitti,
1210 3677 1311 3708 cum
1340 3670 1460 3709 uter-

126 3724 210 3766 que
239 3711 356 3755 fihus
386 3712 479 3756 eius
509 3713 556 3756 in
585 3714 727 3769 prima
756 3719 902 3760 aetate
938 3718 1200 3775 decesserit,
1240 3733 1298 3764 an
1327 3722 1460 3765 alter-

124 3769 223 3811 utro
256 3767 493 3811 decedente
522 3769 623 3812 ilico
654 3772 921 3817 substitutus
958 3774 1005 3817 in
1033 3775 1126 3819 eius
1157 3781 1331 3832 partem
1360 3789 1461 3821 suc-

127 3823 272 3877 cedat,
325 3823 496 3879 placuit
539 3825 702 3870 Sabino
754 3829 1110 3875 substitutionem
1159 3838 1268 3877 tunc
1313 3834 1462 3878 locum

125 3879 310 3934 habere,
366 3893 466 3923 cum
520 3885 705 3937 uterque
763 3883 1022 3930 decesserit:
1080 3889 1298 3944 cogitasse
1347 3891 1462 3934 enim

125 3938 293 4000 patrem
322 3935 464 3991 primo
494 3936 733 3982 decedente
772 3939 951 3984 fratrem
991 3956 1119 3987 suum
1155 3944 1202 3988 in
1231 3945 1327 3990 eius
1356 3960 1461 4002 por-

132 3995 139 4031 1
205 3995 370 4057 tionem
399 3993 652 4038 succedere.
718 3994 811 4039 Nos
842 3998 1034 4042 eiusdem
1066 3999 1218 4044 Sabini
1246 4002 1461 4046 veriorem

124 4052 385 4091 sententiam
408 4049 707 4095 existimantes
732 4064 821 4095 non
847 4053 974 4097 aliter
998 4056 1356 4103 substitutionem
1382 4058 1460 4102 ad-

123 4103 377 4147 mittendam
395 4117 492 4149 esse
514 4118 754 4162 censemus,
779 4107 866 4151 nisi
888 4112 1072 4166 uterque
1087 4124 1238 4157 eorum
1255 4114 1302 4157 in
1349 4115 1462 4158 rima

123 4164 268 4203 aetate
284 4159 535 4205 decesserit.
577 4161 633 4207 D.
659 4165 737 4207 VJ‘
760 4162 928 4221 k.Au,q.
948 4165 1303 4229 Constantinopo
1322 4183 1337 4213 t
1347 4176 1463 4230 post

122 4215 404 4259 consulatum
433 4216 677 4276 Lampadii
703 4224 750 4264 et
779 4219 949 4265 Orestis
977 4236 1040 4267 vv.
1072 4237 1134 4267 σο.
1271 4229 1330 4280 [a.
1362 4230 1459 4279 531]

123 4358 172 4408 (ι)
203 4359 320 4412 iunye
351 4362 390 4410 6,
421 4369 478 4410 49,
509 4370 527 4399 4
642 4363 696 4412 (2)
726 4374 756 4401 s.
788 4374 833 4402 π
864 4362 919 4402 id.
945 4363 1022 4403 Iul.
1055 4366 1339 4421 I'hilippopoli
1370 4371 1456 4409 AA.

122 4425 250 4452 conss.
281 4416 351 4465 (==·=
381 4432 417 4453 a.
451 4418 534 4467 293)
565 4420 603 4467 6,
634 4426 693 4467 49,
725 4426 744 4458 4
885 4419 939 4470 (3)
969 4421 1012 4458 in
1050 4422 1090 4465 0,
1128 4426 1169 4462 et
1198 4417 1242 4462 in
1272 4423 1347 4474 13⁶,
1389 4427 1457 4466 de-

112 4470 207 4519 ficit
235 4469 300 4509 Ra
371 4471 424 4522 (4)
455 4474 573 4525 {unqe
595 4489 627 4513 c.
645 4482 679 4515 11
706 4474 741 4514 Ιι.
763 4483 788 4515 t.
815 4483 853 4514 et
876 4476 915 4525 6,
933 4484 990 4526 25,
1008 4485 1112 4518 s...1o
1185 4481 1240 4531 (5)
1270 4493 1340 4521 1111
1364 4496 1457 4532 scr„

122 4525 177 4575 qs.
215 4525 450 4579 Zoitschrtfi
483 4530 556 4578 fiir
594 4529 874 4583 Rechaeyesch.
904 4539 941 4572 11
965 4546 1011 4584 p·
1041 4541 1104 4574 179
1247 4536 1303 4587 (o)
1337 4537 1458 4590 iunqo

124 4593 157 4618 c.
186 4588 227 4621 10
258 4581 293 4621 Ιι.
325 4590 350 4621 ε.
382 4591 419 4623 et
448 4584 487 4632 6,
518 4591 576 4637 25,
608 4593 715 4627 s...¹o
820 4585 875 4638 (7)
902 4584 1014 4626 filius
1044 4588 1180 4630 eadem
1212 4592 1317 4643 edd„
1345 4590 1458 4632 filiun

1454 202 1555 260 260

2101 224 2174 262 DE
2210 221 2558 262 NECESSARHS
2592 223 2664 261 m·
2699 221 2887 261 sauvis

1611 355 1669 402 11
1708 355 1853 400 ‘Idem
1881 360 1932 402 A.
1965 357 2162 404 Iohanni
2182 372 2266 417 pp.
2335 356 2383 400 Si
2423 357 2519 411 quis
2558 358 2731 403 duobus
2760 359 2885 402 here-

1553 411 1682 455 dibus
1711 412 1926 457 institutis
1965 414 2058 459 filio
2088 428 2168 459 suo
2200 412 2416 469 impuberi
2445 425 2521 457 eos
2550 427 2642 458 una
2671 427 2769 458 cum
2799 413 2888 458 alio

1554 468 1685 511 tertio
1716 468 1946 513 substituit
1973 476 2018 514 et
2042 472 2176 515 verba
2199 468 2453 513 testamenti
2478 467 2543 511 ita
2568 470 2887 526 composuerit:

1555 523 1778 579 ‘quisquis
1815 524 1923 569 mihi
1958 527 2086 571 heres
2117 527 2221 581 erit,
2261 527 2308 569 et
2336 523 2481 568 Titius
2516 523 2606 568 filio
2634 539 2732 569 meo
2761 526 2890 570 heres

1555 582 1671 622 ‘esto
1681 579 1706 633 '‚
1752 581 1995 625 secundum
2033 583 2151 638 quod
2191 581 2311 637 apud
2350 579 2590 635 Ulpianum
2632 581 2889 635 invenimus,

1553 639 1728 679 mortuo
1753 634 1981 692 impubere
2002 637 2094 683 filio
2121 638 2431 696 quaerebatur,
2462 635 2678 702 quomodo
2704 637 2761 680 ad
2784 638 2891 682 sub-

1554 691 1830 735 stitutionem
1872 698 2086 738 vocentur
2127 700 2218 738 tres
2263 692 2515 736 substituti:
2562 695 2767 736 utrumne
2809 693 2891 738 duo

1553 747 1744 803 priores,
1785 747 1863 802 qui
1898 751 1945 792 et
1971 750 2088 804 patri
2116 749 2303 793 heredes
2332 748 2513 791 fuerant
2541 747 2709 803 scripti,
2749 748 2798 791 in
2826 748 2892 792 di-

1552 803 1732 846 midiam
1759 808 1975 848 vocantur
2003 810 2048 849 et
2076 806 2220 849 Titius
2248 805 2296 848 in
2323 803 2539 859 reliquam
2568 803 2804 856 dimidiam,
2834 815 2892 847 an

1553 864 1642 903 tres
1684 859 1918 903 substituti
1953 862 2256 917 unusquisque
2294 873 2347 904 ex
2386 860 2546 902 triente
2585 858 2643 902 ad
2677 859 2892 916 substitu-

1552 915 1718 959 tionem
1744 916 1989 960 vocantur?
2018 917 2108 960 alia
2136 918 2361 973 applicata
2391 914 2690 970 dubitatione,
2730 915 2768 958 si
2794 914 2894 971 quis

1552 971 1617 1015 ita
1655 970 1861 1015 heredem
1898 971 2148 1028 scripserit:
2190 973 2357 1017 ‘Titius
2400 983 2491 1014 una
2531 984 2630 1014 cum
2668 970 2773 1015 filiis
2801 970 2895 1015 suis

1554 1031 1598 1072 et
1627 1027 1913 1083 Sempronius
1942 1027 2127 1072 heredes
2155 1028 2264 1072 mihi
2290 1028 2459 1072 sunto'.
2513 1030 2558 1071 et
2584 1027 2632 1070 in
2660 1030 2895 1082 praesente

1554 1083 1715 1128 etenim
1754 1083 1903 1139 specie
1946 1085 2244 1139 quaerebatur
2280 1083 2523 1128 secundum
2551 1082 2790 1139 Ulpianum
2817 1095 2894 1127 vo-

1553 1141 1702 1183 luntas
1732 1139 1962 1183 testantis:
1995 1142 2199 1185 utrumne
2230 1141 2394 1184 Titium
2423 1153 2513 1183 una
2545 1152 2645 1183 cum
2675 1139 2766 1182 suis
2794 1137 2896 1183 filiis

1553 1197 1598 1240 in
1642 1194 1867 1240 dimidiam
1909 1198 2042 1239 vocat
2085 1200 2131 1239 et
2167 1196 2475 1262 Sempronium
2511 1196 2559 1238 in
2597 1195 2731 1238 aliam
2769 1194 2895 1260 dimi-

1563 1258 1573 1295 1
1638 1252 1779 1303 diam,
1825 1264 1884 1294 an
1928 1264 2081 1295 omnes
2121 1251 2168 1295 in
2205 1253 2371 1296 virilem
2408 1251 2685 1308 portionem?
2754 1249 2896 1295 Nobis

1555 1313 1702 1352 autem
1739 1308 1788 1351 in
1822 1307 1964 1363 prima
2003 1307 2177 1363 quidem
2214 1308 2363 1363 specie
2391 1307 2564 1351 videtur
2599 1312 2691 1351 tres
2731 1306 2896 1351 substi-

1553 1368 1672 1409 tutos
1713 1375 2071 1419 unumquemque
2105 1362 2153 1407 in
2181 1363 2386 1407 trientem
2414 1363 2586 1417 vocari,
2622 1363 2669 1406 in
2698 1361 2895 1407 secunda

1553 1426 1701 1464 autem
1731 1420 1899 1476 specie,
1939 1433 2039 1463 cum
2068 1423 2114 1463 et
2141 1423 2306 1463 natura
2363 1424 2461 1463 ater
2490 1425 2534 1463 et
2562 1419 2679 1463 filius
2709 1418 2863 1466 eadem.
2879 1419 2897 1445 ⁷

1554 1490 1744 1533 persona
1781 1488 1924 1532 paene
1950 1475 2291 1532 intelleguntur,
2359 1475 2554 1519 imidiam
2589 1474 2765 1530 quidem
2791 1485 2896 1531 par-
2955 1508 2957 1513 ,

1554 1538 1641 1577 tem
1678 1533 1798 1577 Titio
1843 1546 1943 1576 cum
1981 1531 2107 1586 filiis,
2152 1532 2339 1575 alteram
2376 1535 2524 1575 autem
2562 1533 2736 1586 partem
2774 1529 2895 1574 Sem-

1554 1590 1710 1646 pronio
1751 1588 1986 1644 adsignari.
2052 1587 2107 1632 D.
2140 1599 2232 1632 1111
2264 1587 2308 1632 k.
2345 1589 2461 1645 Auq.
2505 1585 2899 1645 Constantinopoli

1548 1651 1660 1705 post
1689 1645 1973 1690 consulatum
1997 1643 2239 1702 Lampadii
2267 1649 2312 1689 et
2328 1642 2499 1690 Orestis
2522 1657 2588 1688 vv.
2605 1655 2668 1688 co.
2715 1645 2773 1696 [a.
2799 1644 2895 1695 531]

2120 1927 2343 1977 XXV11.⁸

1555 2012 1630 2051 DE
1669 2010 2033 2052 NECESSARIIS
2070 2010 2144 2051 ET
2182 2008 2410 2050 SERVIS⁹
2447 2009 2779 2051 HEREDIBUS
2813 2009 2895 2050 IN-

1745 2067 2079 2108 STITUENDIS
2109 2066 2223 2107 VEL
2254 2065 2707 2108 SUBSTITUENDIS.

1611 2148 1635 2195 1
1673 2145 1739 2203 (2)
1774 2147 1924 2208 ¹⁰Imp.
1955 2148 2184 2193 Pertinax
2211 2149 2263 2192 A.
2294 2147 2518 2192 Lucretio.
2584 2147 2652 2202 Is,
2693 2147 2769 2204 qui
2806 2147 2893 2192 sol-

1552 2205 1693 2249 vendo
1724 2218 1814 2248 non
1843 2208 1926 2258 est,
1955 2205 2161 2249 h‘eredem
2189 2204 2488 2248 necessarium
2525 2204 2657 2247 etiam
2684 2203 2733 2247 in
2771 2203 2896 2247 frau-

1553 2261 1651 2304 dem
1697 2261 1963 2304 creditorum
2005 2261 2254 2316 relinquere
2296 2262 2458 2315 potest.
2527 2259 2607 2302 sed
2647 2258 2687 2302 si
2721 2258 2895 2315 pignori

1553 2317 1686 2360 datus
1723 2316 1851 2360 fuisti
1888 2321 1934 2360 et
1967 2317 2014 2360 in
2050 2316 2203 2360 eadem
2233 2327 2370 2359 causa
2397 2313 2697 2370 permansisti,
2726 2326 2810 2359 nec
2837 2314 2895 2359 ab

1551 2385 1605 2471 εε
1638 2372 2112 2472 samaias?
2783 2370 2898 2471 {a}

1550 2483 1592 2527 lc.
1625 2483 1772 2542 April.
1805 2483 2005 2528 Falcone
2033 2489 2079 2528 et
2109 2482 2243 2528 Claro
2274 2496 2418 2527 conss.
2706 2486 2763 2536 [a.
2798 2486 2894 2536 193]

1609 2537 1640 2585 2
1671 2539 1739 2594 (1)
1771 2537 1884 2597 Imp.
1917 2540 2174 2584 Antoninus
2201 2539 2254 2583 A.
2284 2539 2479 2596 Aufidio.
2535 2538 2645 2583 Cum
2673 2552 2750 2584 vos
2781 2538 2897 2584 servi

1553 2596 1783 2640 constituti
1811 2596 1893 2640 sub
1924 2596 2222 2651 appellatione
2244 2595 2504 2640 libertorum
2527 2594 2714 2639 heredes
2740 2595 2896 2652 scripti

1551 2652 1728 2705 essetis,
1764 2664 1817 2696 ea
1847 2653 2071 2708 scriptura
2099 2652 2291 2707 benigna
2318 2652 2683 2708 interpretatione
2710 2651 2896 2708 perinde

1549 2709 1756 2753 habenda
1785 2713 1865 2761 est,
1895 2721 1949 2752 ac
1980 2708 2019 2752 si
2043 2708 2171 2752 liberi
2195 2714 2240 2752 et
2258 2707 2442 2753 heredes
2467 2707 2660 2752 instituti
2679 2707 2892 2753 fuissetis.

1579 2764 1668 2808 uod
1719 2765 1767 2808 in
1816 2765 1962 2820 legato
2016 2765 2164 2809 locum
2215 2778 2305 2809 non
2357 2765 2508 2808 habet.
2579 2764 2780 2822 Accepta
2825 2776 2899 2808 νη

1549 2779 1591 2864 ,2.
1622 2820 1760 2865 Mart.
1791 2819 1955 2865 Prisco
1985 2826 2031 2865 et
2058 2820 2319 2879 Apollinari
2347 2834 2491 2864 conss.
2705 2824 2763 2873 [a.
2797 2823 2894 2873 169]

1607 2873 1637 2924 3
1669 2875 1842 2921 Idem¹³
1880 2877 1973 2920 AA.
2019 2881 2066 2920 et
2104 2875 2183 2920 00.
2224 2876 2375 2920 Felici.
2450 2875 2496 2920 Si
2532 2879 2658 2920 tutor
2686 2875 2909 2933 ancillam

1549 2936 1671 2976 tuam
1717 2933 2005 2978 contubernio
2050 2945 2131 2976 suo
2177 2931 2408 2977 coniunxit
2449 2944 2503 2975 ac
2541 2937 2648 2988 post
2686 2932 2892 2977 heredem

1547 2989 1763 3042 instituit,
1803 3001 1946 3045 neque
1988 2988 2227 3032 dominium
2265 3001 2321 3032 ex
2359 2987 2611 3032 huiusmodi
2647 2987 2767 3032 facto
2812 2989 2893 3034 tibi

1549 3045 1714 3089 auferri
1742 3045 1891 3101 potuit
1919 3050 1975 3100 et,
2006 3049 2058 3088 ut
2087 3045 2181 3089 eius
2211 3044 2404 3089 aditione
2439 3044 2565 3088 iussu
2593 3045 2672 3088 tuo
2702 3043 2786 3088 tibi
2813 3057 2892 3100 per

1548 3102 1664 3145 hanc
1708 3102 1934 3146 successio
1980 3106 2240 3156 quaeratur,
2293 3101 2390 3145 iure
2443 3113 2703 3145 concessam
2753 3100 2892 3145 habes

1548 3157 1824 3202 facultatem.
1871 3157 1917 3202 S.
1946 3169 2039 3202 xv]
2064 3156 2109 3201 lc.
2128 3156 2226 3201 Ian.
2259 3155 2398 3201 Sirmi
2419 3158 2511 3201 AA.
2538 3169 2682 3200 conss.
2715 3160 2772 3209 [a.
2791 3160 2890 3210 293]

1607 3213 1639 3259 4
1668 3213 1782 3273 Imp.
1817 3213 2101 3257 lastinianus
2128 3215 2180 3257 A.
2213 3212 2397 3257 Iuliano
2419 3227 2503 3271 pp.
2574 3211 2684 3257 Cum
2742 3211 2892 3256 uidam

1548 3283 1676 3314 suum
1747 3269 1947 3326 upillumv
1973 3270 2178 3313 heredem
2221 3269 2416 3313 instituit
2454 3272 2513 3313 et.
2541 3281 2668 3313 servo
2740 3267 2892 3313 irectis

1546 3326 1691 3370 verbis
1715 3284 1967 3371 libertatem
1993 3325 2173 3382 reliquit
2195 3330 2241 3370 et
2263 3326 2311 3369 in
2332 3325 2534 3390 secundo·
2551 3323 2705 3380 gradu,
2734 3325 2782 3368 in
2804 3338 2890 3381 quo

1546 3383 1807 3440 pupillarem
1847 3383 2209 3426 substitutionem
2257 3381 2471 3436 faciebat,
2521 3394 2666 3437 ipsum
2716 3393 2891 3425 servum

1546 3439 1642 3483 sine
1685 3439 1892 3483 libertate
1935 3438 2103 3495 pupillo
2148 3451 2229 3482 suo
2285 3437 2539 3490 substituit,
2594 3437 2892 3493 quaerebatur

1545 3496 1661 3539 inter
1688 3496 1946 3552 prudentes,
1977 3497 2016 3540 si
2045 3508 2101 3539 ex
2127 3494 2382 3538 huiusmodi
2416 3493 2733 3538 substitutione
2761 3493 2890 3538 heres

1553 3560 1565 3595 ι
1628 3552 1908 3596 necessarius
1943 3551 2114 3607 pupillo
2145 3550 2319 3594 existat.
2380 3550 2526 3594 Causa
2555 3549 2716 3593 etenim
2753 3549 2888 3594 alter-

1546 3608 1734 3653 cationis
1778 3621 1834 3652 ex
1873 3611 2020 3652 vetere
2062 3607 2216 3663 regula
2258 3610 2357 3650 orta
2400 3611 2490 3659 est,
2536 3605 2641 3660 quia
2684 3605 2888 3650 omnibus

1545 3666 1775 3721 placuerat
1804 3664 1924 3707 hunc
1949 3676 2122 3707 servum
2157 3662 2455 3706 necessarium
2478 3661 2685 3706 heredem
2709 3661 2887 3706 domino

1544 3721 1666 3776 fieri,
1711 3720 1783 3764 cui
1820 3721 1867 3762 in
1907 3719 2059 3763 eodem
2093 3719 2235 3775 gradu
2274 3723 2319 3762 et
2355 3718 2579 3762 hereditas
2620 3721 2666 3761 et
2703 3717 2887 3762 libertas

1544 3777 1898 3833 relinquebatur,
1944 3776 1992 3819 in
2007 3776 2042 3802 ¹⁴
2083 3775 2310 3831 praesenti
2347 3779 2496 3818 autem
2538 3787 2629 3818 non
2665 3773 2712 3817 in
2749 3786 2889 3818 unum

1545 3838 1635 3878 tam
1673 3833 1857 3877 libertas
1897 3844 2030 3887 quam
2067 3831 2327 3876 substitutio
2369 3835 2633 3896 congregata
2675 3833 2766 3884 est,
2806 3829 2886 3874 sed

1546 3896 1568 3933 2
1626 3891 1673 3933 in
1702 3888 1838 3932 alium
1867 3892 1911 3931 et
1939 3888 2075 3931 alium
2102 3887 2301 3943 gradum.
2351 3886 2493 3931 Nobls
2521 3886 2671 3941 itaque
2700 3885 2885 3930 eandem

1543 3944 1875 3990 altercationem
1918 3943 2223 3988 decidentibus
2267 3942 2471 3987 mirabile
2513 3942 2655 3986 visum
2699 3944 2791 3995 est,
2845 3940 2886 3984 si

1542 4054 2598 4103 1..
2656 3995 2885 4097 imm-3¹2³}

2081 4089 2093 4110 9
2605 4087 2617 4108 9

1541 4116 1634 4158 met
1670 4126 1760 4157 non
1797 4112 1895 4156 fieri
1933 4125 2107 4157 servum
2145 4112 2352 4157 heredem
2383 4109 2696 4163 necessarium,
2735 4107 2812 4152 sed
2842 4107 2885 4153 ei

1542 4170 1765 4214 licentiam
1803 4173 2002 4225 praestet
2037 4174 2083 4212 et
2117 4169 2367 4213 libertatem
2398 4165 2608 4221 consequi
2635 4167 2681 4208 et
2708 4163 2882 4231 heredi-3

1542 4231 1681 4271 tatem
1718 4237 1930 4282 respuere
1969 4229 2014 4269 et
2049 4225 2216 4269 domini
2243 4222 2465 4268 voluntati
2498 4221 2762 4265 reclamare:
2805 4233 2883 4277 qui

1541 4383 1636 4409 seno
1674 4368 1858 4409 videntur
1896 4368 2106 4409 addidisse
2148 4366 2367 4407 Iustiniani
2477 4363 2554 4415 (10)
2592 4363 2769 4404 ordinem
2800 4377 2831 4403 c.
2866 4371 2878 4404 1

1543 4433 1579 4465 et
1608 4432 1643 4474 2,
1673 4438 1784 4476 quem
1813 4438 1834 4465 e
1865 4424 1980 4465 libris
2007 4424 2185 4475 restitut,
2223 4429 2379 4463 mentur-
2417 4421 2534 4460 etiam
2566 4418 2610 4459 B
2639 4418 2880 4471 (Heimbacb

1543 4480 1661 4520 tacite
1691 4479 1842 4520 indices
1872 4479 2159 4533 transpositio:
2192 4477 2377 4531 temporis
2406 4484 2535 4516 autem
2559 4475 2657 4516 ordo
2681 4476 2771 4516 ideo
2797 4482 2878 4516 tur-

1542 4537 1659 4576 batus
1687 4535 1856 4585 videtur,
1887 4536 1998 4590 quod
2025 4535 2302 4589 compilatores
2330 4533 2571 4572 Antoninum
2602 4532 2877 4585 imperatorem

1535 4592 1770 4645 putaverint
1790 4606 1874 4632 esse
1895 4592 1960 4632 vel
1985 4591 2242 4633 caracallam
2266 4587 2331 4629 vel
2343 4586 2616 4642 Elayabalum
2692 4586 2762 4638 (¹1)
2786 4585 2875 4638 qui·

127 4633 222 4672 baec
253 4635 387 4675 eadem
421 4636 526 4685 012⁶,
555 4638 652 4679 filii·
680 4641 780 4680 haec
810 4639 943 4681 deesse
964 4640 1042 4694 Rss,
1073 4642 1181 4685 filius
1211 4647 1286 4687 hec
1315 4646 1454 4687 eadem
1539 4646 1630 4687 dem
1660 4644 1716 4698 R,
1745 4662 1818 4687 om.
1841 4647 1878 4689 0
1955 4647 2030 4699 (¹2)
2060 4659 2108 4686 xx
2143 4644 2256 4692 Hal„
2287 4659 2359 4684 om.
2379 4642 2420 4684 R
2504 4645 2577 4694 (13)
2602 4644 2727 4684 scribi
2745 4642 2878 4683 debuit

126 4702 207 4729 esso
238 4691 291 4730 M
378 4694 432 4743 (s)
466 4693 507 4732 Β
531 4696 674 4744 35,13,
703 4704 748 4735 aa
780 4711 886 4750 seqq.

975 4699 1030 4751 (9)
1061 4701 1101 4739 et
1128 4701 1255 4741 servis
1289 4702 1454 4744 Momm-
1539 4703 1663 4755 impp.
1695 4701 1979 4742 Diocletianus
2008 4707 2048 4743 et
2078 4700 2352 4742 Maximianus
2437 4700 2508 4751 (14)
2538 4699 2581 4738 in
2615 4699 2666 4750 R,
2698 4701 2738 4739 et
2765 4697 2808 4738 in
2846 4696 2884 4739 C
