3138 4776
299 199 317 249 1
355 200 551 250 29-31

817 342 1083 391 XXVIIII.¹

498 428 575 469 DE
604 423 825 469 OFFICIO
854 421 1124 474 MAGISTRI
1153 420 1408 464 MILITUM.

349 508 371 554 1
407 507 505 567 Imp
532 523 582 566 p.
604 505 845 550 Gratianus
872 501 1212 548 Valentinianus
1239 507 1284 546 et
1310 500 1349 544 T
1343 499 1611 544 keodosius²

291 564 419 608 AAA.
459 523 537 608 acio
557 558 818 616 Eusiqnium
850 571 934 615 pp.
993 558 1090 602 Viri
1127 559 1320 602 illustres
1358 555 1538 600 comites
1568 561 1612 600 et

288 619 483 674 magistri
518 616 713 672 peditum
750 616 793 655 et
829 613 1022 667 equitum
1051 613 1097 657 in
1125 611 1416 670 provinciales
1443 611 1610 655 nullam

319 676 460 718 enitus
496 672 685 715 habeant
723 672 1005 724 potestatem,
1055 682 1136 713 nec
1172 667 1441 723 amplissima
1482 679 1610 724 prae-

305 735 457 774 ectura
484 729 529 771 in
557 724 765 768 militares
795 723 924 767 viros.
1277 723 1337 780 [a.
1370 723 1609 780 386—387]

344 783 373 829 2
404 783 565 840 ³Impp.
599 779 834 838 Honorius
861 783 907 822 et
937 777 1211 822 Theodosius
1238 780 1330 823 AA.
1362 778 1424 823 ad
1452 778 1611 837 Hypa-

288 842 393 883 tium
444 836 704 893 maqistrum
753 834 941 878 militum
981 847 1072 892 per
1118 834 1350 879 Orientem.
1422 835 1610 891 Appari-

285 900 399 937 tores
429 895 618 936 statutos
649 888 786 933 officii
814 889 880 933 tui
909 890 965 934 ad
1001 889 1122 934 aliud
1149 890 1358 934 iudicium
1386 892 1502 934 trahi
1531 891 1610 933 mi-

283 950 396 992 nime
427 945 645 1002 oportebit
656 946 686 987 ⁴.
741 945 852 989 sciat
891 945 1026 1001 igitur
1061 945 1246 990 illustris
1288 946 1612 1002 magnificentia

283 1008 360 1047 tua
398 1004 479 1046 sub
521 1006 579 1055 te,
619 1002 708 1046 sive
748 1001 930 1045 civiliter
964 1002 1055 1045 sive
1085 1002 1369 1047 criminaliter
1397 1006 1611 1058 appetan-

282 1064 364 1111 tur,
407 1071 482 1101 eos
512 1057 682 1112 litigare
723 1057 896 1101 debere.
965 1056 1019 1101 D.
1050 1057 1110 1101 id.
1150 1057 1256 1102 Dee.
1301 1058 1612 1103 Constantino-

279 1114 375 1172 poli
406 1112 664 1157 Constantio
696 1118 740 1157 et
770 1112 1011 1157 Constante
1039 1126 1183 1158 conss.
1415 1114 1476 1171 [a.
1509 1112 1611 1169 414]

337 1166 365 1214 3
408 1167 522 1226 Imp.
556 1167 676 1212 Zeno
713 1169 764 1212 A.
797 1167 1063 1213 Sebastiano
1094 1183 1177 1227 pp.
1244 1169 1350 1223 Eos,
1391 1170 1466 1225 qui
1495 1169 1613 1212 ultra

281 1228 468 1267 statutos
497 1223 543 1266 in
572 1223 719 1267 officio
748 1224 1026 1278 magisteriae
1057 1238 1136 1280 per
1164 1225 1385 1269 Orientem
1417 1227 1612 1280 potesta-

276 1281 335 1324 tis
366 1279 576 1331 militant,
617 1279 808 1322 civilium
845 1292 1019 1335 quoque
1046 1280 1240 1324 iudicum
1270 1279 1498 1324 sententiis
1538 1293 1612 1324 su-

281 1349 357 1390 per
381 1335 575 1390 quolibet
589 1335 763 1389 negotio
787 1335 1035 1379 subiacere:
1057 1335 1164 1391 ipsis
1190 1336 1296 1391 quin
1320 1336 1450 1380 etiam
1470 1339 1610 1379 statu-

280 1392 335 1434 tis
360 1390 405 1433 in
427 1390 674 1434 tributariis
691 1390 999 1434 collationibus
1015 1391 1203 1435 civilium
1226 1405 1399 1447 quoque
1419 1391 1612 1435 iudicum

280 1445 639 1501 dispositionibus
666 1447 824 1501 procul
852 1445 986 1490 dubio
1008 1447 1230 1502 parituris.
1291 1447 1351 1504 [a.
1369 1447 1610 1503 476—485]

335 1503 366 1548 4
397 1501 509 1560 Imp.
548 1502 818 1545 Anastasius
853 1505 904 1546 A.
936 1500 1132 1546 Iohanni
1169 1504 1384 1559 maqistro
1425 1503 1613 1547 militum

279 1572 360 1602 ver
374 1556 620 1615 Illyricum.
679 1557 845 1601 Milites
877 1557 931 1601 de
953 1558 1078 1610 locis,
1108 1559 1154 1601 in
1175 1559 1332 1614 quibus
1350 1559 1611 1611 consistunt,

279 1614 335 1658 ad
374 1614 460 1657 alia
498 1613 595 1657 loca
635 1613 729 1657 sine
760 1613 941 1668 speciali
969 1619 1149 1658 nostrae
1178 1614 1427 1659 serenitatis
1457 1618 1611 1658 aucto-

279 1671 406 1713 ritate
437 1669 686 1713 nullatenus
715 1668 947 1713 transferri
975 1670 1283 1725 praecipimus,
1322 1673 1432 1714 nec⁵
1461 1684 1612 1715 eorum

278 1738 494 1781 expensae
532 1725 579 1768 in
607 1724 736 1777 locis,
775 1725 822 1767 in
851 1725 1009 1779 quibus
1042 1726 1303 1778 consistunt,
1342 1727 1610 1770 minuantur.

278 1782 355 1825 sed
398 1781 436 1824 si
479 1780 593 1824 forte
636 1781 850 1836 quaedam
888 1794 1077 1836 urguens
1115 1785 1159 1825 et
1197 1783 1448 1826 necessaria
1478 1795 1613 1826 causa

280 1837 514 1889 emerserit,
560 1836 739 1880 utilitati
784 1849 836 1880 ac
883 1837 1112 1880 securitati
1153 1838 1358 1893 publicae
1397 1843 1486 1881 tam
1520 1851 1611 1881 am-

279 1894 518 1949 plissimam
562 1893 892 1948 praetorianam
934 1893 1259 1948 praefecturam
1309 1907 1439 1949 quam
1489 1899 1612 1938 tuam

279 1950 423 1993 sedem
453 1949 546 1993 sine
577 1948 668 1992 ulla
697 1949 1094 2003 procrastinatione
1124 1950 1375 2006 prospicere
1411 1950 1612 2006 protinus

278 2010 450 2060 oportet
487 2010 532 2048 et
570 2004 870 2059 suggestiones
909 2005 966 2047 ad
994 2008 1168 2048 nostras
1209 2019 1339 2050 aures
1378 2006 1612 2057 destinare,

277 2061 520 2104 indicantes
556 2065 649 2103 tam
686 2060 807 2111 loca,
849 2060 902 2103 de
941 2061 1100 2116 quibus
1130 2061 1289 2105 milites
1319 2062 1614 2105 transferendi

277 2122 400 2169 sunt,
441 2129 572 2170 quam
601 2128 675 2168 ea,
714 2116 770 2160 ad
800 2129 911 2171 quae
939 2116 1166 2172 pervenire
1196 2130 1270 2162 eos
1300 2121 1495 2173 oportet,
1533 2131 1612 2161 no-

277 2173 477 2228 minaque
514 2171 853 2216 fortissimorum
890 2185 1191 2227 numerorum,
1230 2173 1277 2216 in
1312 2174 1469 2229 quibus
1499 2173 1612 2217 idem

277 2228 435 2272 milites
474 2227 746 2280 referuntur,
784 2240 865 2271 nec
902 2241 990 2271 non
1021 2229 1308 2283 quantitatem
1337 2242 1612 2272 annonarum

278 2289 321 2327 et
349 2289 450 2327 ante
480 2283 625 2328 omnia
656 2296 854 2337 causam,
894 2284 948 2327 ob
980 2297 1110 2339 quam
1138 2285 1252 2328 idem
1280 2285 1437 2328 milites
1467 2290 1611 2328 trans-

278 2339 444 2383 ferendi
479 2344 606 2391 sunt,
646 2342 698 2383 ut
732 2342 836 2396 post
869 2340 1002 2382 talem
1043 2341 1362 2395 suggestionem
1401 2354 1429 2384 a
1460 2346 1614 2385 nostra

277 2396 540 2439 auctoritate
571 2395 864 2450 competentia
891 2395 1146 2451 procedant.

334 2451 363 2497 5
397 2451 509 2510 Imp.
542 2450 823 2495 lastinianus
837 2451 887 2494 A.
909 2451 1043 2494 Zetae
1073 2451 1168 2495 viro
1199 2451 1366 2495 illustri
1393 2452 1610 2515 maqistro

278 2508 463 2551 militum
497 2521 588 2565 per
628 2507 882 2551 Armeniam
925 2512 968 2550 et
1006 2505 1200 2550 Pontum
1243 2506 1607 2551 Polemoniacum

278 2570 322 2607 et
356 2568 522 2621 qentes.
596 2562 704 2606 Cum
733 2562 926 2619 propitia
955 2562 1181 2606 divinitate
1209 2562 1456 2607 Romanum
1485 2563 1613 2607 nobis

280 2620 336 2663 sit
365 2619 555 2661 delatum
583 2619 825 2674 imperium,
865 2618 1054 2661 sollicita
1083 2631 1190 2662 cura
1227 2623 1360 2665 cauta
1388 2619 1615 2674 diligentia

278 2678 599 2730 pertractantes
649 2674 949 2729 perspeximus
998 2679 1201 2729 oportere
1245 2675 1374 2718 etiam
1412 2675 1612 2730 partibus

279 2731 511 2773 Armeniae
555 2737 598 2772 et
640 2731 781 2773 Ponto
820 2730 1127 2773 Polemoniaco
1173 2739 1217 2773 et
1259 2731 1463 2785 gentibus
1509 2743 1611 2785 pro-

279 2786 421 2840 prium
450 2784 706 2839 magistrum
735 2785 918 2827 militum
938 2797 1018 2841 per
1039 2786 1153 2828 hanc
1177 2786 1314 2840 legem
1332 2787 1611 2838 constituere,

281 2845 485 2905 tuamque
527 2840 887 2894 magnitudinem,
941 2852 1052 2905 quae
1093 2842 1222 2884 nobis
1266 2854 1320 2884 ex
1349 2846 1451 2884 ante
1479 2842 1613 2896 gestis

282 2895 1614 3007 tigit?t23³”tta-²333..tzitgiffittetgtattuetitania?

282 3006 326 3049 id
361 3011 426 3051 est
461 3018 662 3060 magnam
692 3006 962 3058 Armeniam,
1001 3018 1113 3060 quae
1150 3007 1335 3050 interior
1372 3007 1612 3060 dicebatur,

282 3066 327 3105 et
360 3064 510 3116 gentes
550 3062 840 3114 (Anzetenam
874 3061 1095 3115 videlicet,
1135 3062 1396 3117 Ingilenam,
1435 3063 1613 3105 Asthia-

283 3130 458 3168 nenam,
499 3116 770 3171 Sophenam‚
810 3117 1118 3172 Sophanenam
1130 3119 1160 3170 ⁶,
1198 3119 1244 3161 in
1281 3131 1367 3173 qua
1396 3122 1464 3162 est
1492 3119 1611 3161 Mar-

282 3173 504 3228 tyropolIs‚
536 3172 853 3224 Balabitenam)
894 3176 938 3215 et
964 3173 1149 3227 primam
1180 3178 1223 3216 et
1252 3174 1492 3218 secundam
1521 3174 1611 3217 Ar-

281 3229 465 3271 meniam
504 3230 548 3271 et
581 3228 771 3272 Pontum
808 3227 1165 3272 Polemoniacum
1200 3231 1304 3273 tuae
1343 3243 1476 3272 curae
1515 3243 1613 3273 cum

281 3284 372 3327 suis
412 3283 597 3327 ducibus
638 3283 951 3337 commisimus,
990 3284 1148 3328 comite
1175 3285 1409 3329 Armeniae
1438 3286 1614 3340 penitus

281 3340 468 3392 sublato,
510 3342 740 3394 certosque
776 3338 1047 3383 subdidimus
1087 3353 1318 3393 numeros,
1355 3354 1445 3384 non
1483 3341 1613 3385 modo

281 3409 389 3451 quos
428 3395 474 3437 in
510 3395 731 3451 praesenti
759 3408 895 3439 novos
926 3396 1251 3449 constituimus,
1292 3397 1370 3440 sed
1399 3397 1531 3440 etiam
1561 3397 1614 3440 de

280 3451 631 3506 praesentalibus
685 3456 728 3494 et
772 3451 1067 3495 Orientalibus
1121 3457 1165 3495 et
1215 3452 1312 3496 aliis
1366 3453 1612 3508 agminibus

281 3511 550 3561 segregatos,
590 3520 678 3550 non
714 3511 858 3550 tamen
897 3507 1184 3561 quantitatem
1213 3520 1364 3551 eorum
1393 3508 1612 3564 agminum

282 3563 547 3605 minuentes:
590 3561 668 3605 sed
705 3562 808 3617 quia
845 3562 994 3618 plures
1033 3563 1094 3606 eis
1133 3563 1377 3609 addidimus
1417 3566 1509 3608 sine
1551 3565 1614 3608 rei

281 3617 482 3672 publicae
540 3619 789 3672 gravamine
840 3622 883 3661 et
932 3617 1025 3662 sine
1073 3624 1303 3673 augmento
1347 3626 1612 3676 sumptuum,

282 3673 529 3727 aliquantos
569 3673 885 3725 subtraximus,
925 3673 989 3717 ita
1017 3677 1176 3726 tamen,
1215 3680 1265 3718 ut
1294 3679 1339 3720 et
1365 3682 1468 3731 post
1497 3676 1613 3720 hanc

281 3729 627 3772 subtractionem
668 3729 901 3784 ampliores
944 3731 1252 3785 remanserint,
1297 3745 1427 3788 quam
1472 3745 1612 3786 usque

279 3783 337 3827 ad
366 3789 519 3828 nostra
546 3784 691 3828 felicia
719 3784 898 3828 fuerant
925 3789 1135 3840 tempora.

338 3837 368 3886 6
403 3842 418 3865 ⁷
433 3873 1553 3887 .................

282 4203 333 4253 (1)
364 4203 407 4243 Β
437 4203 476 4252 6,
507 4211 540 4253 4,
570 4211 608 4243 14
626 4232 636 4242 .
655 4231 666 4243 .
684 4212 751 4245 ‚16
929 4204 985 4254 (2)
1015 4204 1150 4244 debuit
1179 4219 1260 4244 esse
1289 4203 1608 4245 Valentinianus

280 4257 531 4299 Theodosius
560 4261 601 4296 et
628 4258 827 4298 Arcadius
921 4259 976 4308 (3)
1007 4279 1061 4293 =
1096 4259 1167 4299 Th.
1206 4263 1237 4310 l,
1268 4270 1300 4311 7,
1331 4270 1352 4301 4
1452 4264 1506 4312 (4)
1536 4273 1607 4312 ap-

280 4314 478 4365 paritores
506 4312 632 4352 officii
660 4315 754 4353 tuae
774 4313 1044 4366 praestantiae
1067 4314 1118 4353 ad
1133 4313 1247 4354 aliud
1271 4315 1472 4355 iudicium
1497 4315 1608 4355 trahi

282 4381 329 4407 ex
368 4369 612 4408 auctoritate
651 4381 857 4409 sacrorum
905 4369 1192 4421 rescriptorum
1235 4370 1402 4412 minime
1445 4374 1606 4423 oporte·

281 4422 343 4461 bit
376 4424 447 4464 le.
570 4425 624 4473 (5)
654 4436 706 4464 ne
739 4425 774 4464 C
799 4434 938 4465 contra
968 4425 1011 4465 B
1125 4426 1181 4476 (6)
1210 4427 1430 4477 sophenam
1459 4427 1606 4479 sopho-

284 4489 427 4517 nenam
458 4478 519 4530 M,
554 4479 829 4531 sophonenam
860 4478 901 4530 G,
941 4482 983 4522 et
1010 4480 1284 4531 sophonenam
1314 4483 1377 4522 R.-
1417 4483 1470 4534 cf.
1501 4482 1605 4523 Nov.

286 4533 350 4579 31,
388 4542 417 4582 1,
455 4543 493 4574 3:
546 4532 803 4590 Τζοφανὴνη
841 4549 889 4575 τε
931 4536 1005 4575 καὶ
1043 4529 1282 4587 Ἀνζητὴνη
1326 4532 1353 4589 ἢ
1405 4531 1607 4591 Τζοφανὴ

1130 4592 1380 4643 (8)BG,6
1424 4602 1607 4635 3.4.—

736 4647 792 4698 (ο)
823 4665 876 4681 =
910 4646 979 4690 Th.
1014 4648 1050 4700 1,
1083 4654 1119 4695 8,
1149 4653 1170 4687 2
1306 4624 1394 4700 (10),
1410 4647 1606 4688 Sanusuo

287 4586 338 4634 (7)
370 4590 511 4628 excidit
552 4590 712 4631 Graeca
740 4591 963 4631 constitutio

293 4639 354 4693 Cf
384 4641 481 4694 Diq.
512 4653 541 4693 1,
570 4654 609 4685 13

1615 182 1681 240 82

1688 4480 1836 4532 fregio,
1875 4480 1945 4521 sed
1981 4493 2056 4533 per
2092 4480 2272 4521 laborem
2307 4480 2378 4521 Th.

1689 4647 1783 4688 bata
1811 4660 1836 4687 a
1866 4647 1963 4688 libri

2113 202 2186 240 ns:
2224 184 2446 239 OFFICIO
2488 197 2746 238 MAffls'rm
2784 201 3018 242 murrum

2315 336 2481 384 XXX.a

2023 417 2100 460 DE
2128 419 2353 461 OFFIOIO
2385 419 2741 466 QUAESTORIS.

1740 498 1776 564 ,1
1813 497 1946 564 ⁹Jmp.
1969 499 2241 549 Theodosius
2258 507 2309 549 Α.
2329 503 2544 549 Sallustio
2631 505 2809 549 aestori.
2864 505 3022 552 Totius

1693 567 1872 598 minoris
1911 555 2110 602 laterculi
2138 573 2290 604 curam
2305 562 2338 587 ¹⁰
2376 560 2490 604 scias
2521 572 2547 602 a
2606 564 2709 603 tuae
2738 560 3020 607 sublimitatis

1695 610 2031 656 sollicitudinem
2062 615 2291 670 pertinere,
2321 616 2385 659 ita
2413 620 2464 659 ut
2492 619 2568 658 tuo
2595 615 2812 659 arbitratu
2827 628 2881 660 ex
2909 616 3020 662 serie

1694 667 1769 710 nio
1799 666 2033 731 memoriae
2060 670 2196 714 totius
2225 672 2405 715 minoris
2431 671 2631 714 laterculi
2656 669 2906 726 dignitates,
2935 672 3020 716 hoc

1694 725 1761 766 est
1799 728 2131 778 praepositurae
2160 739 2331 780 omnes,
2362 728 2614 770 tribunatus
2646 729 2690 769 et
2717 726 3024 782 praefecturae

1694 782 1939 821 castrorum
1958 780 1989 804 '¹
2017 779 2140 824 iuxta
2169 782 2527 826 consuetudinem
2555 781 2744 838 priscam
2767 782 3024 827 clementiae

1694 845 1816 876 meae
1843 834 2108 879 auctoritate
2133 837 2338 894 deinceps
2361 838 2593 882 mittantur
2608 838 2654 880 ¹2.
2710 836 2766 882 D.
2791 849 2841 881 V!
2851 836 2895 882 lc.
2912 836 3022 883 Mai.

1698 887 2088 948 Constantinopoli
2126 891 2304 938 Victore
2333 907 2453 938 cons.
2827 893 2889 950 [a.
2921 892 3024 950 424]

1752 941 1782 989 2
1819 943 1978 988 ¹³Idem
2015 947 2066 989 A.
2099 946 2281 992 Helioni
2319 949 2472 993 comiti
2508 953 2552 992 et
2588 948 2806 1006 maqistro
2846 947 3025 1006 officio-

1694 1014 1805 1043 rum.
1865 998 2025 1045 Omnes
2054 1002 2234 1047 minoris
2262 1004 2466 1048 laterculi
2494 1004 2734 1059 dignitates
2747 1037 2758 1056 ,
2799 1016 2911 1060 quae
2942 1004 3024 1048 sub

1696 1068 1803 1099 cura
1838 1054 2012 1111 quidem
2049 1069 2102 1101 ac
2137 1058 2428 1103 sollicitudine
2457 1059 2538 1104 viri
2564 1059 2750 1104 illustris
2779 1059 3025 1116 quaestoris

1695 1124 1791 1155 esse
1819 1115 1951 1155 antea
1980 1111 2252 1167 videbantur,
2292 1119 2446 1170 postea
2474 1128 2575 1159 vero
2605 1116 2674 1160 vel
2702 1115 2932 1160 universae
2959 1116 3027 1159 vel

1694 1167 1861 1211 mediae
1899 1166 1956 1210 ad
1991 1168 2298 1223 magistrorum
2336 1170 2520 1214 militum
2548 1175 2812 1227 potestatem
2842 1170 3026 1227 disposi-

1694 1224 1943 1278 tionemque
1971 1224 2250 1278 transierant,
2279 1225 2446 1280 placuit
2473 1239 2590 1270 nunc
2620 1227 2876 1271 clementiae
2905 1239 3028 1270 meae

1694 1279 1854 1323 vetusti
1900 1279 2110 1334 temporis
2145 1293 2266 1324 more
2302 1286 2511 1325 renovato
2547 1281 2605 1325 ad
2646 1282 2793 1338 prisca
2823 1282 3027 1338 deinceps

1694 1336 1790 1378 iura
1801 1346 2020 1378 revocare.
2048 1333 2403 1379 .D.111lc.Mai.su
2437 1337 2669 1395 rascripto
2683 1351 2803 1382 cons.
2845 1338 2906 1396 [a.
2924 1337 3027 1394 424]

1751 1388 1780 1438 3
1814 1389 1882 1433 Im
1919 1425 1927 1433 .
1958 1391 2226 1434 Anastasius
2265 1392 2315 1434 A.
2358 1350 2553 1436 Egsebio
2591 1393 2808 1450 maqistro
2850 1393 3029 1451 officio-

1695 1461 1806 1490 rum.
1906 1445 2026 1489 fficia
2055 1450 2099 1489 et
2127 1446 2430 1501 condiciones,
2471 1459 2583 1503 quae
2620 1447 2844 1503 pertinent
2881 1448 2938 1492 ad
2965 1448 3028 1492 vi·

1695 1516 1768 1547 ros
1815 1502 1994 1546 devotos
2038 1501 2084 1545 in
2123 1515 2251 1546 sacro
2290 1502 2454 1546 scrinio
2499 1503 2732 1548 memoriae
2777 1503 3029 1558 militantes,

1696 1558 1856 1602 nemini
1902 1558 2035 1601 liceat
2072 1558 2155 1602 sub
2201 1571 2389 1614 quacum
2421 1571 2477 1602 ue
2516 1558 2750 1603 occasione
2797 1559 2892 1604 sine
2940 1559 3030 1603 ulla

1696 1615 1867 1658 divinae
1897 1614 2234 1669 subscriptionis
2263 1614 2402 1658 libera
2422 1614 2527 1658 'tate
2588 1627 2786 1670 eragere:
2827 1627 2894 1668 eo,
2934 1614 3030 1670 qui-

1696 1683 1882 1726 cumque
1933 1671 1979 1712 in
2030 1670 2115 1713 hoc
2167 1670 2300 1713 fuerit
2352 1673 2510 1725 postea
2570 1671 2746 1715 acinore
2790 1670 3029 1723 convictae,

1695 1726 1992 1782 publicatione
2020 1726 2237 1769 bonorum
2268 1739 2446 1769 suorum
2474 1726 2716 1780 multando,
2747 1726 2893 1771 officio
2923 1738 3030 1783 quo·

1696 1795 1779 1838 que
1817 1782 2001 1826 rectoris
2040 1781 2314 1837 provinciae,
2354 1781 2399 1824 in
2430 1795 2518 1837 qua
2550 1795 2638 1826 non
2667 1782 2869 1837 adlegato
2898 1794 3032 1838 super

1696 1838 1885 1892 gerenda
1925 1836 2221 1881 sollicitudine
2263 1850 2389 1881 sacro
2437 1838 2652 1894 rescripto
2690 1838 2848 1903 aliquis
2893 1850 3031 1882 ausus

1695 1895 1830 1937 fuerit
1859 1893 2041 1937 eandem
2072 1906 2222 1936 curam
2252 1892 2424 1936 sibimet
2452 1906 2689 1949 usurpare,
2727 1898 2862 1938 trium
2896 1893 3031 1938 libra-

1696 1963 1793 1992 rum
1823 1949 1921 1993 auri
1951 1949 2175 2004 dispendio
2206 1948 2419 1992 feriendo.
2477 1949 2532 1992 D.
2569 1948 2613 1993 lc.
2643 1947 2780 1994 Mart.
2815 1948 3031 1993 Constan-

1699 2005 1890 2063 tinopoli
1917 2005 2160 2049 Anastasio
2191 2006 2241 2048 A.
2272 2009 2317 2048 et
2343 2003 2472 2062 Rufo
2504 2018 2646 2049 conss.
2834 2005 2896 2063 [a.
2927 2003 3029 2061 492]

2266 2119 2481 2168 XXX1.¹⁴

1844 2202 1920 2242 DE
1951 2201 2178 2243 OFFIGIO
2209 2201 2477 2242 MAGISTRI
2509 2201 2870 2242 OFFICIORUM.

1758 2282 1779 2329 1
1823 2282 1971 2341 ¹⁵Imp.
2013 2282 2301 2327 Constantius
2336 2283 2433 2326 A.¹⁶
2470 2282 2532 2326 ad
2566 2289 2750 2342 aqentes
2796 2283 2844 2327 in
2885 2282 3030 2327 rebus.

1697 2340 1937 2394 Privilegiis
1978 2339 2141 2382 dudum
2189 2338 2368 2382 scholae
2411 2346 2582 2382 vestrae
2624 2338 2804 2383 indultis
2847 2338 3032 2405 integris

1698 2395 1945 2447 reservatis,
1985 2394 2043 2437 ad
2082 2394 2295 2437 ducenam
2332 2394 2464 2438 etiam
2503 2398 2549 2438 et
2583 2398 2811 2438 centenam
2840 2398 2886 2438 et
2914 2395 3031 2438 biar-

1699 2451 1842 2494 chiam
1870 2463 1997 2494 nemo
2023 2449 2246 2504 suffragio,
2276 2450 2362 2493 nisi
2379 2450 2531 2494 labore
2546 2451 2577 2476 ¹⁷
2607 2450 2909 2506 unusquisque
2931 2463 3032 2505 per-

1698 2506 1864 2559 veniat,
1903 2505 2200 2562 principatum
2237 2518 2339 2549 vero
2377 2505 2652 2561 adipiscatur
2687 2505 2919 2550 matricula
2957 2505 3031 2550 de-

1700 2565 1921 2612 currente,
1966 2562 2029 2604 ita
2072 2565 2122 2604 ut
2163 2560 2222 2604 ad
2261 2574 2391 2605 curas
2430 2561 2622 2616 agendas
2665 2566 2709 2605 et
2750 2573 2927 2606 cursum
2968 2561 3033 2606 illi

1702 2623 1718 2661 1
1768 2623 1938 2666 exeant,
1965 2630 2075 2673 quos
2101 2617 2208 2661 ordo
2232 2617 2411 2661 militiae
2425 2622 2555 2661 vocat
2576 2622 2621 2661 et
2634 2617 2850 2662 laborum.
2893 2616 3031 2662 Adiu-

1698 2679 1767 2717 tor
1804 2677 2055 2730 praeterea,
2092 2673 2138 2715 in
2177 2686 2262 2728 quo
2301 2673 2437 2717 totius
2476 2674 2655 2717 scholae
2694 2678 2837 2717 status
2868 2675 2914 2717 et
2939 2686 3032 2717 ma-

1696 2730 1820 2784 gistri
1850 2730 2064 2772 securitas
2097 2729 2338 2772 constituta
2366 2733 2444 2782 est,
2474 2729 2657 2773 idoneus
2687 2729 2909 2784 probitate
2937 2741 3030 2774 mo-

1696 2799 1793 2827 rum
1819 2798 1872 2828 ac
1896 2784 2022 2827 bonis
2047 2784 2216 2828 artibus
2240 2785 2466 2840 praeditus
2489 2784 2652 2828 nostris
2675 2798 2754 2840 per
2774 2785 3031 2840 magistrum

1698 2841 1924 2883 obtutibus
1969 2839 2198 2892 offeratur,
2253 2845 2303 2882 ut
2355 2845 2506 2884 nostro
2562 2840 2791 2885 ordinetur
2833 2841 3030 2886 arbitrio.

1697 2895 1751 2938 D.
1789 2901 1833 2939 et
1851 2909 1935 2953 pp.
1967 2894 2138 2938 Romae
2175 2895 2223 2938 in
2258 2896 2370 2951 foro
2405 2895 2590 2939 ‘traiani
2617 2895 2661 2940 lc.
2692 2895 2804 2941 Nov.
2836 2895 3031 2940 Eusebio

1697 2955 1740 2994 et
1770 2950 1974 3007 Hypatio
2006 2963 2149 2993 conss.
2855 2965 2896 2995 a.
2928 2951 3030 3008 359]

1754 3003 1784 3051 2
1821 3005 1924 3048 ¹⁸Im
1983 3020 2033 3063 p.
2076 3004 2415 3048 Valentinianus
2446 3005 2720 3049 leeodosius
2748 3011 2795 3050 et
2877 3007 3033 3052 cadius

1696 3062 1826 3105 AAA.
1860 3019 1955 3104 adp
1989 3061 2226 3118 rineipium
2256 3061 2519 3117 maqistrum
2550 3062 2821 3118 officiorum.
2890 3062 3031 3108 Nemo

1697 3122 1903 3172 agentum
1930 3116 1977 3160 in
2005 3117 2137 3160 rebus
2168 3116 2364 3160 ordinem
2391 3116 2572 3160 militiae
2597 3121 2730 3172 atque
2748 3117 2782 3144 ¹⁹
2811 3117 3032 3173 stipendia

1696 3177 1963 3228 praevertat,
2004 3172 2175 3215 etiamsi
2210 3171 2351 3215 nostri
2388 3172 2575 3216 numinis
2615 3186 2694 3228 per
2733 3173 3032 3238 obreptionem

1697 3228 1902 3271 detulerit
1938 3228 2178 3271 indultum:
2219 3240 2272 3270 ac
2314 3227 2352 3270 si
2391 3228 2488 3282 quis
2501 3228 2538 3254 ²⁰
2573 3227 2758 3272 formam
2785 3228 3031 3273 istiusmodi

1696 3284 1925 3327 docebitur
1968 3283 2202 3337 obtulisse,
2245 3282 2292 3325 in
2331 3283 2498 3337 locum,
2553 3296 2608 3327 ex
2651 3297 2738 3339 quo
2779 3283 3031 3329 indecenter

1695 3343 1946 3394 emerserat,
1976 3342 2232 3391 revertatur,
2270 3342 2321 3381 ut
2347 3338 2385 3382 is
2414 3338 2554 3394 gradu
2583 3341 2753 3384 ceteros
2783 3339 3029 3393 antecedat,

1697 3408 1823 3450 quem
1862 3394 2083 3451 stipendia
2118 3394 2319 3450 longiora
2358 3395 2426 3438 vel
2461 3394 2586 3440 labor
2655 3395 2836 3440 rolixior
2876 3395 3031 3440 fecerit

1696 3451 1876 3494 anteire.
1945 3449 2039 3494 ΡΡ.
2081 3450 2350 3514 Hadrumeti
2386 3462 2459 3494 VII
2492 3450 2551 3495 id.
2591 3409 2727 3495 ilfurt.
2758 3456 2872 3510 post
2909 3464 3027 3496 cons.

1695 3506 1882 3551 Arcadii
1910 3507 1961 3551 A.
1993 3511 2038 3550 et
2065 3505 2303 3550 Bautonzs.
2833 3506 2894 3564 [a.
2926 3507 3028 3564 386]

1752 3559 1781 3608 3
1815 3561 2001 3626 2¹Impp.
2034 3561 2311 3605 Theodosius
2335 3566 2380 3605 et
2409 3560 2750 3605 Valentinianus
2779 3562 2871 3606 AA.
2898 3560 3030 3606 Phle-

1694 3619 1815 3676 9eti0
1859 3618 2010 3661 comiti
2059 3623 2104 3661 et
2144 3617 2363 3674 maqistro
2409 3617 2678 3698 officiorum.
2756 3615 3029 3661 Scholarium

1695 3678 1945 3717 nostrorum
1997 3672 2191 3725 devotio,
2253 3672 2440 3727 probata
2471 3673 2489 3698 2
2540 3672 2704 3716 nostris
2756 3672 3027 3728 parentibus,

1697 3731 1816 3773 circa
1834 3734 2012 3772 nostrae
2041 3728 2228 3770 maxime
2257 3727 2504 3771 serenitatis
2535 3726 2830 3772 adfectionem
2859 3729 3026 3772 enituit.

1693 3785 1796 3829 inde
1835 3783 2044 3840 quidquid
2082 3782 2140 3831 ad
2168 3783 2357 3827 fovenda
2387 3783 2687 3839 servandaque
2715 3795 2868 3828 eorum
2894 3784 3028 3841 privi-

1693 3841 1807 3896 legia
1841 3840 2112 3896 postulatur,
2151 3839 2301 3883 statim
2340 3838 2602 3883 credidimus
2614 3839 2653 3866 2³
2700 3838 3027 3883 admittendum.

1692 3897 1877 3950 ideoque
1905 3895 2227 3952 suggestionem
2256 3895 2322 3938 tui
2363 3895 2564 3939 culminis
2595 3894 2892 3951 approbantes
2921 3895 3025 3939 viris

1694 3950 2008 4007 spectabilibus
2039 3951 2273 3995 comitibus
2310 3950 2563 3994 scholarum
2590 3949 2850 3995 verberandi
2877 3962 3025 4005 regra-

1693 4006 1879 4051 dandive
1914 4011 2140 4051 senatores
2179 4019 2233 4050 ac
2272 4005 2534 4050 ducenarios
2582 4005 2803 4050 licentiam
2838 4003 3024 4060 denega-

1693 4075 1806 4107 mus.
1864 4074 1917 4106 ea
1944 4074 2145 4118 namque,
2176 4074 2289 4118 quae
2316 4061 2397 4104 tali
2425 4061 2715 4107 commotione
2743 4059 2874 4117 digna
2908 4066 3026 4116 sunt,

1691 4202 1782 4244 viro
1795 4201 1951 4243 illustri
1967 4203 2109 4243 comiti
2126 4205 2168 4243 et
2183 4201 2400 4255 quaestori.
2417 4200 2629 4242 Laterculi
2651 4213 2790 4241 curam
2805 4200 2933 4241 totius
2952 4201 3024 4242 Th.

1694 4261 1760 4310 (11)
1777 4261 2001 4299 castrorum
2017 4274 2090 4301 om.
2111 4259 2183 4300 Th.
2271 4257 2346 4311 (12)
2368 4257 2609 4297 emittantur
2627 4257 2699 4297 le.
2787 4257 2861 4310 (13)
2875 4276 2930 4292 ==
2951 4256 3023 4297 Th.

1695 4317 1731 4366 1,
1762 4324 1797 4362 8,
1828 4323 1848 4356 3
1977 4316 2049 4367 (14)
2082 4315 2124 4355 B
2155 4316 2194 4364 6,
2225 4323 2255 4364 1,
2287 4321 2445 4355 57..61
2577 4311 2651 4363 (15)
2679 4332 2737 4347 ==
2769 4312 2841 4353 Th.
2877 4313 2910 4362 1,
2940 4320 2975 4363 s,
3006 4319 3023 4353 1

1692 4372 1810 4423 izmye
1845 4371 1907 4421 12,
1938 4379 1998 4421 22,
2029 4379 2049 4413 3
2080 4378 2116 4411 a
2150 4368 2220 4411 Th.
2251 4371 2291 4419 6,
2322 4377 2381 4419 29,
2409 4376 2441 4409 4.
2465 4376 2485 4407 5
2599 4367 2672 4418 uo)
2703 4369 2744 4408 et
2771 4366 2961 4407 Iulianus
2975 4365 3021 4407 0.

1694 4427 1807 4466 addit
1839 4426 1911 4466 Th.
2027 4430 2096 4475 (17)
2127 4425 2322 4477 suffragio
2351 4423 2478 4474 nisus,
2512 4421 2652 4528 lab01)·e
2681 4423 2912 4520 Moeffisz’
2939 4421 3022 4462 suf-

2553 4484 2608 4526 (18
2664 4498 2720 4515 ===
2824 4507 2834 4518 0
2893 4507 2904 4530 ‚
2934 4485 2971 4528 0,
3001 4485 3022 4519 2

1690 4537 1766 4590 (19)
1795 4534 2050 4587 militiaeque
2084 4536 2156 4577 Th.
2244 4539 2322 4587 (20)
2352 4533 2445 4587 quis
2473 4549 2546 4575 om.
2581 4534 2654 4575 Th.
2741 4534 2814 4587 (21)
2845 4531 3021 4574 ε-Νου,

1694 4591 1763 4633 Th.
1798 4599 1850 4633 21.
1869 4593 1977 4642 finis
2006 4594 2174 4634 iteratur
2202 4592 2243 4633 in
2280 4593 2340 4642 12,
2369 4598 2429 4640 29,
2459 4598 2475 4631 1
2595 4589 2674 4642 (22)
2705 4590 2763 4630 sic
2778 4587 2898 4641 Nou„
2926 4599 3021 4641 pro-

2074 4649 2149 4700 (23)
2178 4648 2236 4689 sic
2268 4645 2351 4698 CR,
2382 4644 2582 4687 credimus
2610 4644 2669 4687 M
2673 4644 2778 4687 Nou.
