3054 4796
191 164 264 205 DE
298 165 534 206 LEGATIS

186 302 312 347 heres
351 302 487 346 fuerit
526 306 592 349 vel
631 307 938 363 nuncupatus,
975 305 1021 348 in
1060 318 1111 351 eo
1149 308 1350 356 videlicet
1387 317 1524 356 testa-

184 363 354 412 mento,
410 361 527 415 quod
579 364 768 406 testator
809 361 948 406 vicem
1000 375 1175 420 quoque
1222 368 1524 413 codicillorum

186 413 322 459 voluit
350 415 566 470 obtinere,
604 417 756 462 licebit
784 416 838 484 ei³
878 417 918 462 si
949 416 1003 461 de
1033 419 1273 467 hereditate
1304 437 1357 468 ex
1386 430 1523 469 testa-

181 475 329 515 mento
383 473 628 517 secundum
676 477 839 518 mortui
881 472 1151 519 voluntatem
1205 492 1338 534 agens
1389 480 1526 525 fuerit

181 526 296 592 forte
340 535 575 584 superatus
612 530 682 574 vel
725 533 844 574 certe
887 528 986 585 ipse
1021 538 1177 586 sponte
1215 536 1419 591 voluerit,
1466 537 1524 580 ad

181 581 507 629 fideicommissi
550 584 794 630 subsidium
836 586 1084 630 convolare.
1151 603 1239 634 non
1284 594 1396 636 enim
1441 606 1524 649 par

181 638 419 695 eademque
447 641 562 686 ratio
591 640 764 685 videtur
792 641 995 686 amittere
1025 643 1172 688 debita
1207 652 1251 690 et
1279 648 1405 693 lucra
1433 662 1522 693 non

181 699 204 738 3
264 707 436 752 capere.
490 697 542 740 In
573 697 691 741 omni
719 701 865 740 autem
895 698 1050 743 ultima
1080 704 1304 748 voluntate
1334 709 1520 760 excepto

179 755 443 798 testamento
474 754 670 809 quinque
698 757 834 797 testes
865 755 933 798 vel
962 757 1104 810 rogati
1134 759 1199 801 vel
1229 761 1304 815 qui
1333 761 1522 804 fortuitu

179 808 381 852 venerint
409 809 455 852 in
484 822 573 853 uno
604 808 843 864 eodemque
873 813 1072 866 tempore
1105 814 1267 859 debent
1305 815 1518 869 adhiberi,

179 863 269 908 sive
291 864 339 907 in
365 865 453 908 scri
477 863 543 908 ·tis
570 865 661 908 sive
684 867 780 909 sine
807 866 986 922 scriptis
1003 869 1204 914 voluntas
1236 872 1518 916 conficiatur.

179 919 366 964 testibus
396 920 439 964 vi
470 919 618 975 elicet,
650 921 826 975 quando
857 924 1078 979 scriptura
1107 928 1310 971 voluntas
1341 940 1519 983 compo-

178 975 311 1028 nitur,
346 976 702 1021 subnotationem
735 991 861 1022 suam
890 981 1341 1028 accommodantibus.
1400 983 1454 1028 D.
1488 996 1524 1027 x

177 1029 218 1075 lc.
248 1030 387 1076 Mart.
421 1030 815 1092 Constantinopoli
852 1034 1030 1081 Victore
1060 1051 1122 1081 vc.
1155 1052 1275 1083 cons.
1337 1044 1392 1092 [a.
1421 1043 1518 1091 424]

715 1207 983 1256 XXXVII.¹

664 1288 742 1328 DE
770 1289 1025 1331 LEGATIS.

202 1365 254 1431 ,1
301 1366 437 1426 ²Imp.
475 1369 733 1414 Antoninus
760 1375 812 1415 A.
852 1371 966 1417 Pius
1002 1372 1174 1417 libertis
1205 1373 1394 1418 Sextiae
1425 1372 1518 1416 Ba-

170 1422 311 1468 szliae.
357 1422 566 1479 Quamvis
596 1426 742 1471 verbis
772 1427 894 1472 his³:
927 1431 1003 1472 ‘ut
1032 1429 1177 1485 quoad
1207 1443 1308 1472 cum
1333 1429 1517 1473 Claudio

171 1479 320 1544 “Iusto
368 1482 531 1525 morati
580 1482 772 1536 essetis',
820 1485 1027 1528 alimenta
1071 1485 1226 1529 vobis⁴
1272 1489 1318 1528 et
1355 1485 1518 1529 vestia-

169 1548 283 1579 rium
311 1535 506 1592 legatum
536 1538 592 1582 sit
605 1541 633 1591 ⁵,
664 1543 812 1583 tamen
836 1540 954 1584 hanc
979 1540 1117 1584 fuisse
1144 1540 1371 1584 defuncti⁶
1401 1541 1517 1596 cogi-

169 1591 383 1656 tationem
411 1593 693 1660 interpretor,
724 1599 776 1639 ut
805 1601 850 1640 et
876 1601 980 1651 post
1006 1601 1193 1640 mortem
1222 1596 1338 1640 Iusti
1367 1596 1517 1640 eadem

167 1648 292 1692 vobls
353 1655 544 1693 raestan
570 1650 772 1695 voluerit.
834 1651 943 1696 Sine
972 1651 1044 1695 die
1073 1657 1118 1695 et
1146 1652 1340 1696 consule.

225 1701 256 1749 2
329 1718 402 1763 mp
441 1740 449 1749 .
492 1705 686 1750 Severus
728 1712 774 1751 et
813 1708 1071 1751 Antoninus
1112 1708 1206 1751 AA.
1254 1707 1515 1752 Sabiniano.

168 1759 375 1815 Quamvis
438 1774 534 1805 eres
564 1762 796 1806 institutus
824 1762 1114 1807 hereditatem
1144 1764 1412 1818 vendiderit,
1448 1767 1516 1808 ta-

166 1829 267 1860 men
295 1816 440 1872 legata
470 1820 514 1882 et
541 1817 973 1885 fideicommissa-ab
1006 1832 1059 1863 eo
1108 1819 1181 1885 ‘eti
1210 1825 1401 1876 possunt
1431 1825 1475 1863 et
1487 1821 1516 1874 ⁷,

164 1872 1098 1987 amittente.dsffffpeftssfffiassi.
1120 1877 1301 1974 tid}
1317 1879 1518 1989 ῗῑὲὲῗῗ

164 1982 395 2028 Laterano
425 1989 472 2029 et
498 1984 667 2042 Rufino
698 1999 843 2030 conss.
1327 1991 1384 2040 [a.
1421 1991 1516 2040 197]

221 2037 252 2087 3
296 2038 442 2085 ⁸Idem
479 2041 573 2085 AA.
623 2039 887 2087 Victorino·
938 2042 1022 2098 Qui
1060 2046 1166 2099 post
1203 2047 1518 2087 testamentum

163 2095 332 2141 factum
370 2096 556 2153 praedia
592 2110 707 2153 quae
745 2098 907 2154 legavit
935 2099 1113 2155 pignori
1143 2100 1210 2143 vel
1240 2100 1518 2156 hypothecae

164 2151 298 2206 dedit,
338 2158 533 2198 mutasse
564 2153 837 2199 voluntatem
873 2155 992 2199 circa
1020 2156 1334 2212 legatariorum
1363 2168 1515 2213 perso-

163 2221 268 2253 nam
290 2222 380 2253 non
405 2209 599 2253 videtur:
627 2214 672 2253 et
693 2211 810 2264 ideo,
835 2211 970 2255 etiam
995 2212 1034 2256 si
1057 2213 1103 2255 in
1134 2225 1371 2268 personam
1399 2213 1515 2257 actio

165 2264 308 2309 electa
337 2269 424 2318 est,
465 2272 586 2309 recte
621 2266 793 2321 placuit
833 2268 890 2311 ab
920 2269 1082 2312 herede
1112 2269 1294 2324 praedia
1322 2269 1513 2313 liberari.

165 2319 260 2365 ΡΡ.
298 2333 349 2365 VI
374 2319 417 2365 lc.
449 2320 559 2365 Mai.
594 2320 816 2367 Gentiano
847 2328 893 2368 et
919 2323 1071 2368 Basso
1102 2338 1245 2368 conss.
1327 2329 1382 2377 [a.
1417 2329 1514 2377 211]

222 2375 254 2423 4
302 2375 371 2420 Im
407 2412 415 2421 .
462 2378 719 2422 Antoninus
771 2380 823 2422 A.
883 2377 969 2423 Sul
1002 2380 1101 2424 icio.
1187 2380 1332 2424 Servis
1377 2384 1515 2424 testa-

164 2437 312 2478 mento
389 2433 636 2478 ominorum
677 2447 767 2478 non
812 2435 916 2478 data
976 2436 1165 2480 ibertate
1203 2437 1398 2491 legatum
1437 2450 1516 2480 seu

165 2489 551 2534 fideicommissum
588 2490 792 2534 relictum
827 2504 916 2535 non
946 2492 1064 2535 valet
1092 2505 1174 2536 nec
1207 2493 1515 2537 convalescere

165 2548 326 2602 potest,
356 2546 461 2590 licet
488 2550 592 2602 post
620 2549 808 2591 mortem
834 2548 1063 2592 testatoris
1089 2549 1341 2592 libertatem
1368 2549 1516 2605 aliqua

165 2602 338 2647 ratione
354 2603 584 2647 consecuti
603 2606 720 2648 sunt.
767 2602 860 2647 PP.
890 2616 919 2647 V
942 2603 985 2648 lc.
1005 2602 1090 2648 Iul.
1110 2605 1339 2649 Antonino
1355 2607 1408 2649 A.
1426 2617 1517 2653 ιιι]

165 2663 211 2703 et
237 2658 438 2710 Balbino
469 2672 615 2703 conss.
1232 2699 1241 2701 s
1327 2665 1383 2713 [a.
1416 2665 1514 2714 213]

222 2712 252 2761 5
295 2713 422 2760 Idem
460 2716 512 2759 A.
551 2714 748 2766 Donato.
823 2715 926 2760 Non
969 2718 1039 2760 est
1081 2715 1266 2760 dubium
1309 2717 1515 2773 denegari

165 2770 386 2815 actionem
428 2771 676 2826 legatorum
714 2771 756 2815 ei
799 2785 880 2826 pro
919 2772 1124 2827 portione
1162 2774 1431 2828 competenti
1469 2774 1515 2817 in

164 2826 232 2871 his
262 2827 395 2871 rebus
439 2839 551 2883 quas
581 2827 856 2871 subtraxisse
886 2840 984 2871 eum
1017 2827 1071 2872 de
1101 2829 1347 2873 hereditate
1377 2842 1514 2885 appa-

162 2883 314 2947 ruerit.
379 2861 473 2927 221².
514 2895 543 2926 V
579 2882 639 2927 id.
672 2882 796 2942 Sept.
837 2884 1067 2928 Antonino
1108 2887 1158 2928 A.
1192 2897 1283 2929 1111
1321 2894 1366 2929 ec
1404 2887 1513 2930 Bal—

163 2937 268 2982 bino
305 2951 449 2983 conss.
1326 2946 1381 2994 [a.
1416 2945 1513 2995 213]

219 2992 252 3042 6
284 2994 409 3039 Idem
437 2996 489 3040 A.
524 2993 659 3040 Iulio.
725 2995 772 3039 Si
809 2996 954 3052 legata
990 2997 1149 3041 relicta
1188 2998 1356 3054 primus
1394 2999 1513 3054 lega-

162 3051 304 3095 tarius
334 3051 534 3107 agnovit,
575 3051 834 3096 substitutio
872 3065 1024 3097 eorum
1054 3053 1098 3096 in
1162 3066 1368 3098 ersonam
1396 3055 1514 3099 Pon-

162 3108 312 3151 tianae
326 3107 450 3151 facta
463 3107 655 3152 evanuit.
700 3106 794 3152 ΡΡ.
821 3121 915 3152 VIJJ
935 3108 978 3153 lc.
995 3108 1105 3154 Mai.
1169 3124 1296 3154 omae
1310 3110 1453 3155 Laeto
1475 3123 1516 3154 11

162 3169 208 3208 et
238 3161 418 3208 Cereale
446 3177 592 3207 conss.
1325 3171 1380 3218 [a.
1416 3170 1512 3220 215]

221 3216 249 3264 7
285 3217 410 3262 Idem
435 3221 486 3262 A.
514 3218 699 3262 Fausto.
746 3219 794 3262 Si
815 3220 1124 3264 Fortidianum
1155 3221 1340 3265 fundum
1370 3223 1513 3278 primo

162 3280 292 3374 pater
326 3278 432 3319 tuus
468 3274 684 3318 fratribus
715 3287 795 3330 per
823 3277 1185 3332 praeceptionem
1214 3290 1269 3320 ac
1298 3291 1402 3321 mox
1432 3279 1514 3323 tibi

180 3331 347 3386 egavit,
388 3343 611 3375 concursu
650 3330 892 3374 dominium
913 3331 1025 3375 ·eius
1058 3332 1140 3375 tibi
1171 3346 1346 3388 quoque
1377 3347 1511 3389 quae-

171 3392 184 3430 l
247 3386 376 3430 ritur.
424 3386 566 3430 Error
594 3390 742 3430 autem
770 3387 994 3431 nominum
1025 3387 1071 3430 in
1101 3389 1324 3443 scriptura
1353 3389 1513 3443 factus,

164 3443 201 3487 si
230 3442 360 3487 modo
398 3441 453 3486 de
490 3441 723 3498 mancipiis
762 3443 830 3487 vel
869 3443 923 3487 de
962 3443 1320 3498 possessionibus
1359 3445 1514 3500 legatis

163 3512 253 3543 non
291 3498 549 3555 ambigitur,
589 3498 660 3542 ius
698 3499 833 3554 legati
871 3499 964 3544 dati
1003 3513 1095 3544 non
1125 3500 1294 3544 minuit.
1355 3499 1449 3545 ΡΡ.
1490 3514 1516 3545 V

162 3555 222 3599 id.
256 3553 342 3599 Iul.
375 3555 519 3599 Laeto
550 3565 597 3597 ΙΙ
624 3560 668 3599 et
699 3553 879 3600 Cereale
909 3569 1052 3600 conss.
1325 3561 1380 3609 [a.
1414 3560 1511 3610 215]

221 3608 252 3658 8
285 3610 411 3655 Idem
440 3611 491 3654 A.
524 3609 765 3655 Demetrio.
834 3610 903 3655 Ab
933 3610 1315 3656 administratione
1345 3613 1512 3657 tutelae

163 3666 317 3722 religio
355 3666 624 3711 sacramenti
661 3666 945 3722 Marcellum,
987 3681 1116 3724 quem
1156 3668 1279 3712 vobis
1319 3681 1347 3711 a
1385 3674 1512 3724 patre

163 3727 355 3766 tutorem
395 3722 548 3766 datum
586 3726 849 3767 testamento
881 3724 1152 3780 proponitis,
1192 3724 1335 3780 eripit.
1398 3737 1510 3780 quae

163 3791 248 3832 res,
293 3778 529 3834 quominus
572 3778 762 3833 legatum
807 3783 1126 3836 consequatur,
1172 3794 1262 3825 non
1305 3780 1508 3836 impedit:

163 3847 247 3877 nec
277 3834 394 3877 enim
422 3834 540 3878 iuste
563 3836 621 3880 ab
648 3846 701 3877 ea
722 3835 936 3890 petitione
960 3836 1201 3891 repellitur,
1234 3850 1346 3889 cum,
1378 3837 1509 3880 etiam

164 3890 202 3934 si
222 3890 366 3944 vellet,
397 3889 582 3933 tutelam
604 3889 914 3935 administrare
938 3891 1245 3947 prohibeatur.
1298 3892 1389 3935 Pl).
1419 3905 1510 3935 νη]

163 3945 222 3988 id.
240 3944 380 3990 Mart.
406 3944 582 3989 Romae
606 3944 776 3990 Sabino
793 3957 837 3989 [ι
862 3951 908 3991 et
919 3947 1134 3992 Anullino
1156 3961 1300 3992 conss.
1335 3953 1390 4001 [a.
1409 3952 1507 4001 216]

221 3999 252 4049 9
294 4000 408 4060 Imp.
439 3999 705 4045 Alexander
732 4002 784 4045 A.
825 4002 1061 4048 Antiocho.
1130 4003 1179 4048 Si
1219 4004 1267 4047 in
1310 4004 1509 4048 fraudem

163 4071 318 4102 eorum
362 4069 476 4113 quae
519 4060 782 4101 testamento
828 4057 982 4102 relicta
1032 4063 1137 4103 sunt
1179 4059 1398 4104 admissus
1443 4066 1510 4103 est

165 4118 420 4165 accusator,
461 4115 536 4169 qui
574 4115 885 4156 testamentum
914 4113 1076 4158 falsum
1107 4115 1287 4170 diceret,
1327 4130 1508 4172 praeses

164 4170 418 4225 provinciae
456 4168 701 4213 secundum
740 4169 1058 4215 iurisdictionis
1088 4170 1277 4215 formam
1307 4173 1418 4217 solvi
1446 4173 1508 4215 le-

164 4231 270 4280 gata
310 4226 495 4279 iubebit,
539 4225 803 4281 interposita
843 4225 1071 4279 cautione,
1116 4227 1154 4270 si
1192 4228 1334 4272 evicta
1374 4228 1509 4272 fuerit

165 4281 401 4335 hereditas,
442 4294 496 4326 ea
534 4280 843 4324 restituturum
855 4281 885 4333 ⁹,
925 4282 1124 4336 quamvis
1163 4283 1274 4327 alias
1314 4284 1506 4327 cautioni
1550 4327 1553 4338 .

163 4349 167 4369 1

169 4432 220 4483 (1)
252 4433 295 4472 Β
324 4436 392 4483 44,
423 4443 457 4485 4,
489 4442 534 4474 26
574 4448 682 4486 seqq.
719 4454 774 4461 —
819 4433 881 4485 Cs-
911 4431 1011 4486 Diy.
1045 4435 1223 4476 30—32
1264 4435 1362 4476 Inst.
1397 4436 1435 4482 2,
1467 4444 1512 4475 20
1598 4432 1834 4472 restitutum
1867 4431 1920 4472 iri
1956 4448 2033 4474 scr.

825 4489 880 4540 (3)
911 4488 1097 4539 quamvis
1126 4489 1248 4530 verba
1280 4491 1513 4530 testamenti
1597 4490 1672 4540 (sic
1700 4489 1819 4535 Hal.)

1292 4547 1347 4598 (5)
1376 4545 1514 4598 legata
1599 4553 1636 4595 9,
1666 4552 1701 4586 9.
1731 4546 1770 4593 6,
1801 4552 1858 4594 23,
1891 4553 1928 4585 15

1091 4601 1147 4652 (7)
1180 4604 1220 4642 et
1248 4602 1304 4651 R,
1334 4617 1407 4643 om.
1437 4601 1519 4643 PG
1598 4602 1635 4651 6,
1668 4608 1725 4648 23,
1757 4610 1794 4640 15

844 4657 900 4705 (0,)
930 4657 988 4694 sic
1025 4656 1115 4706 CR,
1154 4656 1355 4697 restituiri
1393 4658 1512 4698 dett„-
1552 4693 1556 4697 .

171 4489 226 4538 (2)
256 4507 311 4534 ς
339 4490 438 4543 Diy·
471 4492 536 4540 34,
571 4500 599 4539 ι,
632 4497 684 4538 13,
716 4497 730 4529 1

170 4543 229 4581 ita
257 4555 299 4583 se
328 4543 506 4584 habeant
537 4545 637 4598 Diq.

169 4598 253 4638 sint
283 4599 382 4652 Diy.
521 4603 577 4650 (0)
608 4600 824 4641 defunctae
856 4600 950 4652 Diq¹

170 4654 227 4704 (8)
258 4655 309 4706 cs.
342 4654 439 4695 Inst.
473 4658 510 4706 2,
542 4664 602 4706 20,
633 4666 672 4697 12

746 4544 802 4595 (4)
832 4542 947 4584 Vobis
978 4559 1049 4585 om.
1079 4544 1180 4598 Diq.

1521 156 1623 215 269

2656 165 2724 215 VI
2763 167 2841 216 36.
2884 166 2946 214 37

1607 317 1717 357 tunc
1746 313 1872 359 locus
1904 313 1974 368 sit,
2007 326 2108 357 cum
2142 314 2235 358 sine
2267 318 2565 361 controversia
2595 318 2741 374 legata
2771 317 2950 361 solvan-

1607 372 1694 415 tur.
1769 370 1864 415 PP.
1913 381 1986 416 VJ!
2025 369 2085 414 id.
2131 371 2260 416 Febr.
2312 373 2519 418 Maximo
2565 386 2612 417 11
2662 379 2707 418 et
2757 374 2949 418 Aeliano

1609 439 1753 470 conss.
2765 434 2821 481 [a.
2850 432 2948 481 223]

1667 481 1730 529 10
1772 481 1898 527 Idem
1937 483 1988 526 A.
2027 480 2272 540 Inqenuae.
2344 483 2454 528 Cum
2491 485 2678 529 alienam
2716 497 2810 529 rem
2850 485 2947 540 quis

1606 537 1845 592 reliquerit,
1877 537 1916 583 si
1945 537 2119 594 quidem
2150 539 2318 592 sciens,
2351 545 2442 583 tam
2472 553 2527 583 ex
2556 541 2596 584 16
2627 543 2702 583 ato
2734 552 2864 595 quam
2894 553 2949 583 ex

1605 591 1946 638 fideicommisso
1976 595 2033 638 ab
2063 607 2116 638 60
2148 595 2222 650 qui
2245 596 2436 650 legatum
2462 609 2542 640 seu
2563 553 2947 639 fideicommissum

1606 649 1767 692 meruit
1794 649 1888 704 peti
1916 654 2078 706 potest.
2137 651 2255 706 quod
2285 652 2321 694 si
2351 665 2479 694 suam
2508 663 2606 693 esse
2634 650 2819 705 putavit,
2860 663 2950 692 non

1604 703 1734 746 aliter
1775 704 1892 747 valet
1933 706 2160 760 relictum,
2213 707 2300 750 nisi
2352 706 2579 761 proximae
2622 716 2840 760 personae
2882 706 2951 748 vel

1605 759 1734 801 uxori
1764 759 1831 802 vel
1861 760 1937 802 alii
1966 761 2044 804 tali
2074 774 2292 816 personae
2322 761 2474 804 datum
2503 761 2580 814 sit,
2623 759 2696 803 cui
2725 759 2950 813 legaturus

1563 846 1565 850 .
1604 818 1734 867 esset,
1766 818 1811 857 et
1840 815 1879 856 si
1903 816 2063 858 scisset
2085 829 2178 859 rem
2203 817 2393 859 alienam
2417 828 2528 858 esse.
2575 813 2669 857 ΡΡ.
2699 826 2728 855 V
2752 814 2794 857 lc.
2820 814 2949 858 Febr.

1604 869 1768 913 Albino
1797 874 1841 913 et
1868 868 2078 914 Maximo
2109 884 2252 913 conss.
2764 871 2818 923 [a.
2851 873 2950 922 227]

1663 922 1721 970 11
1759 923 1886 968 Idem
1915 926 1967 967 A.
1991 925 2247 968 Albiniano.
2294 924 2410 967 Filia
2434 925 2679 979 legatorum
2703 937 2794 968 non
2818 925 2954 969 habet

1604 980 1848 1032 actionem,
1889 979 1928 1024 si
1967 992 2042 1035 ea,
2085 993 2199 1035 quae
2230 980 2270 1023 ei
2299 982 2564 1023 testamento
2594 980 2785 1034 reliquit,
2857 985 2954 1024 ater

1603 1037 1726 1080 vivus
1769 1038 1930 1092 postea
1971 1035 2018 1079 in
2061 1035 2209 1080 dotem
2254 1035 2386 1079 dedit.
2460 1034 2553 1079 ΡΡ.
2598 1047 2627 1078 V
2667 1050 2770 1079 non.
2813 994 2950 1080 ΧΙαντ.

1604 1091 1718 1136 Pom
1754 1093 1885 1137 eiano
1915 1096 1962 1136 et
1988 1090 2090 1136 Peli
2123 1105 2182 1135 no
2214 1105 2358 1135 conss.
2764 1096 2820 1144 [a.
2853 1096 2951 1143 231]

1661 1106 1886 1194 12pIdem
1901 1148 1936 1175 ¹⁰
1964 1148 2015 1191 A.
2100 1148 2277 1191 uciano.
2347 1146 2458 1191 Cum
2487 1160 2702 1203 responso
2732 1148 2816 1191 viri
2844 1162 2952 1204 pru-

1604 1204 1847 1249 dentissimi
1889 1204 2146 1260 Papiniani,
2201 1203 2319 1258 quod
2362 1204 2570 1259 precibus
2613 1204 2829 1248 insertum
2871 1207 2952 1256 est,

1603 1260 1930 1317 praeceptionis
1981 1261 2178 1316 legatum
2231 1265 2277 1304 et
2320 1261 2483 1304 omissa
2525 1264 2651 1315 parte
2694 1260 2953 1304 hereditatis

1604 1317 1816 1361 vindicari
1853 1329 1987 1372 posse
2026 1317 2297 1368 declaratur,
2348 1316 2566 1371 intellegis
2611 1316 2828 1360 desiderio
2873 1319 2951 1360 tuo

1610 1378 1623 1416 1
1686 1373 1811 1416 iuxta
1839 1373 1951 1417 iuris
1979 1372 2167 1417 formam
2209 1385 2305 1416 esse
2343 1372 2607 1416 consultum.
2662 1373 2810 1416 Verba
2848 1385 2952 1416 vero

1601 1430 1804 1485 responsi
1833 1429 1944 1473 haec
1976 1434 2102 1473 sunt:
2134 1428 2276 1472 Filiae
2313 1433 2454 1472 mater
2482 1428 2711 1484 praedium
2740 1429 2804 1472 ita
2832 1429 2952 1484 lega-

1603 1485 1684 1529 vit:
1733 1485 2002 1541 ‘praecipito
2057 1485 2217 1529 sumito
2263 1488 2389 1529 extra
2433 1490 2606 1541 partem
2650 1485 2950 1528 hereditatis':

1605 1555 1705 1584 cum
1733 1541 1970 1584 hereditati
2001 1542 2155 1585 matris
2177 1541 2272 1584 filia
2295 1542 2608 1593 renuntiasset,
2638 1541 2776 1585 nihilo
2806 1542 2952 1585 minus

1603 1611 1698 1641 eam
1737 1602 1858 1641 recte
1895 1598 1935 1642 16
1967 1602 2090 1641 atum
2127 1597 2353 1641 vindicare
2392 1597 2532 1641 visum
2571 1602 2652 1641 est.
2719 1596 2814 1641 ΡΡ.
2846 1611 2952 1642 con-

1601 1653 1778 1698 stitutio
1804 1665 1832 1696 V
1856 1653 1914 1710 id.
1961 1654 2021 1697 ul.
2041 1651 2211 1697 Sabino
2229 1665 2276 1696 JJ
2296 1658 2342 1697 et
2366 1652 2564 1697 Venusto
2589 1666 2734 1697 conss.
2778 1657 2834 1706 [a.
2853 1657 2950 1706 240]

1661 1706 1726 1756 13
1765 1707 1834 1752 Im
1860 1723 1913 1767 p.
1952 1708 2268 1753 Diocletianus
2306 1713 2352 1752 et
2387 1707 2702 1752 Maximianus
2739 1710 2831 1752 AA.
2875 1708 2950 1753 Se-

1605 1779 1744 1809 verae.
1858 1764 2032 1819 roprias
2077 1769 2179 1808 tuas
2224 1777 2295 1807 res
2339 1764 2479 1818 legari
2521 1765 2591 1808 vel
2633 1764 2950 1809 fideicommitti

1602 1820 1686 1863 tibi
1724 1833 1815 1864 11011
1851 1820 2052 1875 potuisse
2090 1819 2375 1863 manifestum
2405 1823 2486 1863 est.
2546 1819 2640 1863 ΡΡ.
2672 1833 2743 1863 XV
2768 1820 2810 1864 lc.
2842 1819 2952 1864 Mai.

1605 1875 1811 1920 Maximo
1845 1887 1890 1918 ΙΙ
1916 1880 1962 1919 et
1988 1876 2027 1919 A
2062 1875 2204 1919 uilino
2236 1888 2380 1919 conss.
2765 1880 2822 1929 [a.
2856 1879 2953 1926 286]

1660 1930 1725 1977 14
1758 1930 1884 1975 Idem
1913 1932 2005 1985 AA.
2076 1931 2246 1975 atiano.
2292 1931 2583 1975 Monumenta
2613 1931 2788 1987 quidem
2817 1931 2955 1987 legari

1602 1987 2164 2099 tei-{nffiSiZgffssffiffSff
2180 1987 2618 2100 persiassgiurau‘einp
2627 1989 2954 2102 Ῑῖἶηῖωῗςεῗῖ

1603 2099 1810 2144 Maximo
1843 2112 1889 2143 ΙΙ
1916 2105 1962 2145 et
1988 2100 2203 2158 Aquilino
2235 2114 2379 2144 conss‘.
2767 2105 2823 2153 [a.
2857 2103 2953 2151 286]

1660 2155 1723 2202 15
1757 2155 1883 2200 Idem
1919 2157 2012 2200 AA.
2054 2155 2274 2200 Terentio.
2346 2155 2392 2200 Si
2431 2156 2663 2200 universae
2702 2156 2953 2210 facultates,

1602 2226 1714 2268 quas
1745 2216 1873 2269 pater
1902 2215 2050 2256 vester
2078 2212 2279 2267 reliquit,
2321 2212 2470 2257 debito
2501 2213 2644 2256 fiscali
2673 2218 2752 2256 aut
2781 2213 2954 2268 privato

1602 2269 1919 2322 absumuntur,
1960 2268 2071 2312 nihil
2102 2282 2157 2312 ex
2184 2269 2277 2321 his,
2310 2281 2426 2324 quae
2453 2273 2717 2312 testamento
2750 2269 2845 2313 eius
2876 2269 2953 2312 ad-

1609 2331 1619 2368 1
1686 2325 1854 2381 scripta
1898 2330 2027 2376 sunt,
2073 2325 2220 2368 valere
2270 2327 2431 2380 potest.
2507 2324 2636 2378 Quod
2681 2325 2718 2368 si
2762 2325 2953 2368 deducto

1601 2381 1750 2424 debito
1795 2381 1842 2423 in
1886 2381 2052 2424 relictis
2097 2381 2226 2424 bonis
2272 2381 2546 2435 superfluum
2587 2385 2674 2431 est,
2719 2380 2952 2424 libertates

1601 2437 1801 2492 impediri
1838 2437 1947 2480 iuris
1985 2436 2100 2480 ratio
2138 2449 2228 2480 non
2258 2436 2488 2491 permittit,
2521 2436 2697 2491 quando
2729 2437 2861 2479 etiam
2890 2437 2952 2479 le-

1600 2499 1703 2549 gata
1747 2505 1828 2536 nec
1873 2494 2011 2536 n0n¹¹
2060 2492 2399 2536 fideicommissa
2449 2492 2571 2538 salva
2613 2492 2708 2547 lege
2752 2492 2954 2536 Falcidia

1600 2549 1871 2605 praestanda
1910 2553 2026 2592 sunt.
2094 2547 2187 2592 ΡΡ.
2222 2560 2289 2591 III
2325 2547 2369 2592 lc.
2405 2547 2498 2592 Oct.
2540 2548 2653 2606 ipsis
2687 2559 2778 2591 1111
2813 2558 2859 2592 et
2887 2559 2956 2591 Il!

1601 2606 1692 2649 AA.
1725 2618 1867 2649 conss.
2762 2608 2818 2657 [a.
2852 2608 2950 2657 290]

1658 2658 1724 2708 16
1755 2660 1879 2705 Idem
1910 2662 2001 2704 AA.
2034 2665 2079 2704 et
2110 2659 2188 2706 CC.
2222 2658 2415 2717 Scyllae.
2477 2659 2703 2714 Creffitor,
2742 2661 2780 2704 si
2818 2673 2847 2704 a
2876 2660 2952 2704 de-

1602 2717 1744 2763 bitore
1783 2730 1865 2761 suo
1906 2730 2020 2769 rem,
2064 2729 2196 2772 quam
2233 2716 2432 2771 pignoris
2472 2715 2648 2760 nomine
2678 2722 2952 2772 susceperat,

1600 2773 1792 2828 legatam
1832 2773 1917 2817 sibi
1956 2773 2208 2827 contendit,
2249 2773 2382 2815 etiam
2423 2772 2571 2816 debito
2617 2772 2672 2815 ab
2714 2772 2952 2818 heredibus

1600 2829 1696 2873 eius
1755 2829 1927 2882 oblato,
1987 2829 2222 2885 quominus
2273 2828 2502 2880 restituat,
2563 2827 2740 2872 defendi
2787 2833 2950 2884 potest.

1601 2885 1645 2930 S.
1680 2897 1818 2929 XVJJI
1843 2885 1885 2929 lc.
1918 2885 2047 2930 Febr.
2082 2884 2220 2928 Sirmi
2252 2883 2330 2928 CC.
2363 2897 2507 2929 conss.
2762 2889 2818 2937 [a.
2852 2887 2950 2937 294]

1658 2939 1721 2988 17
1756 2940 1882 2986 Idem
1920 2943 2013 2986 AA.
2053 2947 2099 2986 et
2139 2939 2215 2985 CC.
2259 2939 2563 2998 Eutychiana
2631 2939 2799 2983 Datum
2832 2941 2951 2996 lega-

1600 3003 1694 3042 tum
1733 2998 1867 3041 adimi
1906 3003 1997 3041 tam
2035 3010 2149 3053 pure
2186 3008 2317 3052 quam
2358 2996 2439 3039 sub
2473 2996 2745 3049 condicione,
2780 3009 2870 3040 non
2899 2997 2951 3039 li-

1599 3055 1736 3099 bertis
1774 3057 1968 3106 tantum,
2010 3054 2088 3098 sed
2125 3052 2258 3097 etiam
2298 3052 2498 3107 ingenuis
2538 3052 2721 3107 placuit.
2795 3051 2850 3095 D.
2884 3063 2954 3095 ΠΙ

1599 3125 1702 3155 non.
1735 3109 1874 3154 Mart.
1910 3109 1987 3154 CC.
2021 3123 2164 3153 conss.
2761 3111 2817 3160 [a.
2852 3110 2948 3159 294]

1659 3164 1722 3214 18
1755 3165 1880 3209 Idem
1909 3165 2001 3209 AA.
2034 3170 2079 3209 et
2111 3163 2187 3208 CC.
2221 3162 2411 3207 Iustino.
2467 3163 2540 3206 Ex
2568 3163 2712 3218 legato
2743 3163 2948 3216 nominis,

1600 3222 1848 3266 actionibus
1893 3222 1950 3264 ab
1995 3221 2063 3263 his
2110 3219 2185 3274 qui
2225 3223 2536 3262 successerunt
2579 3231 2668 3262 non
2711 3219 2948 3273 mandatis,

1599 3279 1790 3321 directas
1816 3277 1991 3332 quidem
2015 3276 2212 3319 actiones
2235 3274 2476 3329 legatarius
2499 3274 2666 3319 habere
2681 3288 2771 3319 non
2785 3280 2946 3330 potest,

1600 3334 1782 3378 utilibus
1809 3338 1956 3376 autern
1983 3345 2063 3375 suo
2092 3331 2268 3374 nomine
2294 3330 2560 3386 experietur.
2606 3330 2662 3375 D.
2688 3343 2736 3374 VJ
2763 3331 2822 3375 id.
2839 3330 2946 3376 Dec.

1602 3389 1678 3435 CC.
1712 3402 1859 3432 conss.
2759 3391 2815 3440 [a.
2848 3390 2946 3440 294]

1660 3442 1720 3492 19
1753 3443 1877 3487 Idem
1907 3443 1999 3486 AA.
2032 3446 2076 3486 et
2107 3440 2184 3486 CC.
2218 3441 2396 3486 Niconi.
2456 3441 2560 3486 Non
2598 3445 2772 3486 tantum
2813 3443 2949 3487 duum

1599 3513 1840 3551 mensuum,
1878 3499 1956 3543 sed
1987 3498 2119 3541 etiam
2148 3498 2330 3542 minoris
2360 3498 2572 3554 temporis
2602 3498 2789 3543 maritus
2819 3499 2949 3543 uxori

1598 3560 1863 3601 testamento
1906 3554 2099 3611 scriptus
2139 3554 2363 3608 succedit,
2407 3567 2490 3598 nec
2528 3554 2676 3610 legata
2713 3555 2783 3599 vel
2820 3554 2946 3599 fidei-

1599 3612 1834 3657 commissa
1878 3623 1956 3654 seu
2002 3610 2264 3655 donationes
2309 3611 2520 3667 temporis
2564 3611 2696 3655 huius
2741 3611 2948 3667 angustia

2168 3678 2198 3709 V
2245 3665 2304 3710 id.
2359 3665 2467 3712 Dec.
2520 3666 2811 3711 Nicomediae
2866 3664 2944 3710 CC.

1598 3669 1698 3724 capi
1750 3667 1972 3723 prohibet.
2057 3665 2114 3711 D.

2757 3726 2812 3774 [a.
2846 3725 2943 3772 294]

1597 3738 1740 3768 conss.

1654 3778 1718 3827 20
1761 3779 1886 3823 Idem
1924 3779 2016 3823 AA.
2056 3783 2103 3823 et
2139 3777 2217 3824 CC.
2258 3777 2560 3836 Eutychiana
2630 3777 2753 3822 Uxor
2795 3776 2946 3832 patrui

1595 3837 1661 3880 tui
1690 3837 1729 3881 si
1757 3839 1922 3880 testata
1952 3834 2206 3887 decesserit,
2236 3847 2307 3878 res
2336 3837 2438 3878 tuas
2463 3837 2637 3880 tantum
2661 3845 2792 3876 usum
2821 3832 2944 3875 fruc-

1594 3896 1690 3936 tum
1719 3905 1871 3936 earum
1900 3891 2070 3934 habens
2099 3891 2246 3946 legare
2270 3902 2358 3933 non
2379 3889 2540 3945 potuit.
2592 3888 2647 3932 D.
2675 3899 2746 3931 VJ]
2772 3886 2816 3931 lc.
2840 3886 2942 3931 Ian.

1598 3947 1676 3994 CC.
1709 3961 1852 3992 conss
2754 3947 2810 3995 [a.
2844 3945 2941 3994 294]

1653 4001 1713 4049 21
1754 4002 1904 4060 ¹²Imp.
1941 4001 2312 4047 Constantinus¹³
2340 4002 2391 4044 A.
2425 3999 2486 4043 ad
2503 3999 2767 4063 populum..
2797 3998 2851 4041 In
2879 3997 2940 4042 le-

1594 4060 1709 4115 gatis
1753 4059 1820 4103 vel
1868 4058 2218 4102 fideicommissis
2262 4058 2496 4101 verborum
2544 4065 2798 4099 necessaria
2850 4066 2938 4116 non

1596 4116 1655 4159 sit
1691 4114 1998 4167 observantia,
2041 4115 2106 4158 ita
2143 4119 2195 4157 ut
2232 4113 2345 4156 nihil
2380 4124 2562 4166 prorsus
2600 4110 2797 4163 intersit,
2842 4121 2940 4171 quis

1594 4171 1727 4215 talem
1755 4171 2029 4215 voluntatem
2056 4170 2288 4214 verborum
2320 4179 2449 4211 casus
2480 4166 2705 4221 exceperit
2734 4169 2813 4209 aut
2831 4177 2939 4228 ‚quis

1594 4226 1804 4282 loquendi
1831 4239 1941 4270 usus
1973 4225 2189 4270 effuderit.
2250 4224 2304 4268 D.
2335 4222 2378 4266 lc.
2407 4221 2579 4265 Febr.¹⁴
2607 4219 2868 4265 Constantio
2898 4230 2944 4261 ll

1593 4288 1638 4327 et
1668 4281 1909 4326 Constante
1940 4294 2084 4326 conss.
2750 4279 2806 4327 [a.
2839 4277 2937 4319 339¹

2150 4433 2224 4483 (10)
2255 4430 2381 4471 scribi
2407 4428 2542 4469 debuit
2580 4426 2676 4478 imp.
2710 4425 2943 4466 Gordianus

1949 4488 2019 4541 (11)
2052 4501 2126 4528 nec
2157 4499 2240 4527 non
2277 4485 2362 4532 CR,
2394 4482 2456 4522 vel
2486 4482 2527 4522 P
2651 4482 2721 4531 (12)
2754 4483 2871 4535 iunye
2902 4484 2940 4532 6,

2071 4545 2144 4592 (13)
2173 4543 2297 4583 scribi
2326 4541 2460 4579 debuit
2490 4536 2768 4589 Constantius,
2802 4539 2853 4591 ‘fi
2886 4538 2944 4578 ad

1938 4600 2012 4651 (14)
2042 4598 2269 4638 Laodiceae
2302 4598 2374 4637 ins.
2407 4597 2444 4643 6,
2477 4604 2512 4645 9,
2545 4603 2565 4634 9
