<?xml version="1.0" encoding="UTF-8"?>
<!DOCTYPE html PUBLIC "-//W3C//DTD XHTML 1.0 Transitional//EN"
    "http://www.w3.org/TR/xhtml1/DTD/xhtml1-transitional.dtd">
<html xmlns="http://www.w3.org/1999/xhtml" xml:lang="en" lang="en">
 <head>
  <title>
</title>
<meta http-equiv="Content-Type" content="text/html;charset=utf-8" />
  <meta name='ocr-system' content='tesseract 3.04.00' />
  <meta name='ocr-capabilities' content='ocr_page ocr_carea ocr_par ocr_line ocrx_word'/>
</head>
<body>
  <div class='ocr_page' id='page_1' title='image "./corpusiuriscivil02krueuoft_0418.png"; bbox 0 0 3094 4732; ppageno 0'>
   <div class='ocr_carea' id='block_1_1' title="bbox 176 147 418 202">
    <p class='ocr_par' dir='ltr' id='par_1_1' title="bbox 176 147 418 202">
     <span class='ocr_line' id='line_1_1' title="bbox 176 147 418 202; baseline -0.025 0"><span class='ocrx_word' id='word_1_1' title='bbox 176 147 321 202; x_wconf 87' lang='lat' dir='ltr'>VIIII</span> <span class='ocrx_word' id='word_1_2' title='bbox 355 150 418 197; x_wconf 93' lang='lat'><strong>22</strong></span> 
     </span>
    </p>
   </div>
   <div class='ocr_carea' id='block_1_2' title="bbox 1475 130 1580 190">
    <p class='ocr_par' dir='ltr' id='par_1_2' title="bbox 1475 130 1580 190">
     <span class='ocr_line' id='line_1_2' title="bbox 1475 130 1580 190; baseline -0.019 0"><span class='ocrx_word' id='word_1_3' title='bbox 1475 130 1580 190; x_wconf 78' lang='lat'><strong>382</strong></span> 
     </span>
    </p>
   </div>
   <div class='ocr_carea' id='block_1_3' title="bbox 2055 146 2911 187">
    <p class='ocr_par' dir='ltr' id='par_1_3' title="bbox 2055 146 2911 187">
     <span class='ocr_line' id='line_1_3' title="bbox 2055 146 2911 187; baseline 0.001 -1"><span class='ocrx_word' id='word_1_4' title='bbox 2055 148 2132 186; x_wconf 76' lang='lat' dir='ltr'><strong>AD</strong></span> <span class='ocrx_word' id='word_1_5' title='bbox 2168 148 2218 186; x_wconf 85' lang='lat' dir='ltr'><strong>L.</strong></span> <span class='ocrx_word' id='word_1_6' title='bbox 2258 146 2578 187; x_wconf 74' lang='lat' dir='ltr'>CORNELIAM</span> <span class='ocrx_word' id='word_1_7' title='bbox 2612 149 2687 187; x_wconf 73' lang='lat' dir='ltr'><strong>DF:</strong></span> <span class='ocrx_word' id='word_1_8' title='bbox 2724 146 2911 187; x_wconf 81' lang='lat' dir='ltr'><strong>FALSIS</strong></span> 
     </span>
    </p>
   </div>
   <div class='ocr_carea' id='block_1_4' title="bbox 171 281 2912 356">
    <p class='ocr_par' dir='ltr' id='par_1_4' title="bbox 171 281 2912 356">
     <span class='ocr_line' id='line_1_4' title="bbox 171 281 2912 356; baseline -0.004 -13"><span class='ocrx_word' id='word_1_9' title='bbox 171 311 309 356; x_wconf 70' lang='lat' dir='ltr'><strong>noque</strong></span> <span class='ocrx_word' id='word_1_10' title='bbox 353 297 463 341; x_wconf 88' lang='lat' dir='ltr'><strong>enim</strong></span> <span class='ocrx_word' id='word_1_11' title='bbox 507 293 736 338; x_wconf 86' lang='lat' dir='ltr'><strong>verisimile</strong></span> <span class='ocrx_word' id='word_1_12' title='bbox 780 295 846 336; x_wconf 91' lang='lat' dir='ltr'><strong>est</strong></span> <span class='ocrx_word' id='word_1_13' title='bbox 886 304 979 336; x_wconf 89' lang='lat' dir='ltr'><strong>eam</strong></span> <span class='ocrx_word' id='word_1_14' title='bbox 1022 302 1131 346; x_wconf 90' lang='lat' dir='ltr'><strong>quae</strong></span> <span class='ocrx_word' id='word_1_15' title='bbox 1169 286 1367 341; x_wconf 83' lang='lat' dir='ltr'><strong>arguitur</strong></span> <span class='ocrx_word' id='word_1_16' title='bbox 1402 297 1492 327; x_wconf 90' lang='lat' dir='ltr'><strong>non</strong></span> <span class='ocrx_word' id='word_1_17' title='bbox 1576 282 1820 326; x_wconf 82' lang='lat' dir='ltr'><strong>dentissimi</strong></span> <span class='ocrx_word' id='word_1_18' title='bbox 1855 282 1987 329; x_wconf 86' lang='lat' dir='ltr'><strong>Pauli</strong></span> <span class='ocrx_word' id='word_1_19' title='bbox 2023 283 2286 350; x_wconf 78' lang='lat' dir='ltr'><strong>requiretur.</strong></span> <span class='ocrx_word' id='word_1_20' title='bbox 2346 281 2440 327; x_wconf 92' lang='grc' dir='ltr'><strong>ΡΡ.</strong></span> <span class='ocrx_word' id='word_1_21' title='bbox 2474 296 2508 327; x_wconf 76' lang='lat' dir='ltr'><strong>x</strong></span> <span class='ocrx_word' id='word_1_22' title='bbox 2542 283 2584 329; x_wconf 83' lang='lat' dir='ltr'><strong>lc.</strong></span> <span class='ocrx_word' id='word_1_23' title='bbox 2618 284 2702 331; x_wconf 88' lang='lat' dir='ltr'><strong>Iul.</strong></span> <span class='ocrx_word' id='word_1_24' title='bbox 2733 285 2912 332; x_wconf 82' lang='lat' dir='ltr'><strong>Diocle·-</strong></span> 
     </span>
    </p>
   </div>
   <div class='ocr_carea' id='block_1_5' title="bbox 170 338 2481 400">
    <p class='ocr_par' dir='ltr' id='par_1_5' title="bbox 170 338 2481 400">
     <span class='ocr_line' id='line_1_5' title="bbox 170 338 2481 400; baseline -0.007 0"><span class='ocrx_word' id='word_1_25' title='bbox 170 370 222 400; x_wconf 86' lang='lat' dir='ltr'><strong>ex</strong></span> <span class='ocrx_word' id='word_1_26' title='bbox 263 354 349 397; x_wconf 89' lang='lat' dir='ltr'><strong>fide</strong></span> <span class='ocrx_word' id='word_1_27' title='bbox 390 364 566 395; x_wconf 88' lang='lat' dir='ltr'><strong>causam</strong></span> <span class='ocrx_word' id='word_1_28' title='bbox 604 361 725 391; x_wconf 86' lang='lat' dir='ltr'><strong>suam</strong></span> <span class='ocrx_word' id='word_1_29' title='bbox 765 347 1066 399; x_wconf 79' lang='lat' dir='ltr'><strong>defensuram,</strong></span> <span class='ocrx_word' id='word_1_30' title='bbox 1108 356 1203 387; x_wconf 90' lang='lat' dir='ltr'><strong>cum</strong></span> <span class='ocrx_word' id='word_1_31' title='bbox 1247 339 1493 397; x_wconf 82' lang='lat' dir='ltr'><strong>periculum</strong></span> <span class='ocrx_word' id='word_1_32' title='bbox 1577 340 1700 382; x_wconf 81' lang='lat' dir='ltr'><strong>tiano</strong></span> <span class='ocrx_word' id='word_1_33' title='bbox 1732 350 1801 384; x_wconf 83' lang='lat'><strong>111</strong></span> <span class='ocrx_word' id='word_1_34' title='bbox 1827 345 1872 383; x_wconf 83' lang='lat' dir='ltr'><strong>et</strong></span> <span class='ocrx_word' id='word_1_35' title='bbox 1898 338 2183 385; x_wconf 73' lang='lat' dir='ltr'><strong>Maxtmiano</strong></span> <span class='ocrx_word' id='word_1_36' title='bbox 2214 342 2307 383; x_wconf 87' lang='lat' dir='ltr'><strong>AA.</strong></span> <span class='ocrx_word' id='word_1_37' title='bbox 2338 353 2481 383; x_wconf 81' lang='lat' dir='ltr'><strong>conss.</strong></span> 
     </span>
    </p>
   </div>
   <div class='ocr_carea' id='block_1_6' title="bbox 157 395 1492 1796">
    <p class='ocr_par' dir='ltr' id='par_1_6' title="bbox 157 395 1492 1796">
     <span class='ocr_line' id='line_1_6' title="bbox 168 395 1492 503; baseline -0.012 -49"><span class='ocrx_word' id='word_1_38' title='bbox 168 410 321 466; x_wconf 89' lang='lat' dir='ltr'><strong>capitis</strong></span> <span class='ocrx_word' id='word_1_39' title='bbox 373 407 538 449; x_wconf 86' lang='lat' dir='ltr'><strong>subeat.</strong></span> <span class='ocrx_word' id='word_1_40' title='bbox 623 402 713 445; x_wconf 88' lang='grc' dir='ltr'><strong>ΡΡ.</strong></span> <span class='ocrx_word' id='word_1_41' title='bbox 767 416 870 445; x_wconf 86' lang='lat' dir='ltr'><strong>non.</strong></span> <span class='ocrx_word' id='word_1_42' title='bbox 918 401 1053 446; x_wconf 86' lang='lat' dir='ltr'><strong>Mart.</strong></span> <span class='ocrx_word' id='word_1_43' title='bbox 1108 396 1280 442; x_wconf 87' lang='lat' dir='ltr'><strong>duobus</strong></span> <span class='ocrx_word' id='word_1_44' title='bbox 1302 395 1492 503; x_wconf 52' lang='grc' dir='ltr'><strong>[Αεξινξῗ</strong></span> 
     </span>
     <span class='ocr_line' id='line_1_7' title="bbox 249 465 1357 507; baseline -0.005 0"><span class='ocrx_word' id='word_1_45' title='bbox 249 478 305 507; x_wconf 86' lang='lat' dir='ltr'><strong>ss.</strong></span> <span class='ocrx_word' id='word_1_46' title='bbox 1318 465 1357 494; x_wconf 80' lang='lat' dir='ltr'><strong>a·</strong></span> 
     </span>
     <span class='ocr_line' id='line_1_8' title="bbox 167 479 1491 575; baseline -0.011 -12"><span class='ocrx_word' id='word_1_47' title='bbox 167 479 252 564; x_wconf 54' lang='lat'><strong>⁶⁰⁷}</strong></span> <span class='ocrx_word' id='word_1_48' title='bbox 283 517 393 575; x_wconf 82' lang='lat' dir='ltr'><strong>Imp.</strong></span> <span class='ocrx_word' id='word_1_49' title='bbox 430 512 689 559; x_wconf 78' lang='lat' dir='ltr'><em>Alexander</em></span> <span class='ocrx_word' id='word_1_50' title='bbox 726 513 776 554; x_wconf 91' lang='lat' dir='ltr'><em>A.</em></span> <span class='ocrx_word' id='word_1_51' title='bbox 820 510 1012 555; x_wconf 79' lang='lat' dir='ltr'><strong>Valerio.</strong></span> <span class='ocrx_word' id='word_1_52' title='bbox 1081 507 1199 552; x_wconf 88' lang='lat' dir='ltr'><strong>Satis</strong></span> <span class='ocrx_word' id='word_1_53' title='bbox 1238 508 1392 563; x_wconf 89' lang='lat' dir='ltr'><strong>aperte</strong></span> <span class='ocrx_word' id='word_1_54' title='bbox 1429 505 1491 549; x_wconf 86' lang='lat' dir='ltr'><strong>di-</strong></span> 
     </span>
     <span class='ocr_line' id='line_1_9' title="bbox 164 562 1490 627; baseline -0.011 -9"><span class='ocrx_word' id='word_1_55' title='bbox 164 587 313 618; x_wconf 90' lang='lat' dir='ltr'><strong>vorum</strong></span> <span class='ocrx_word' id='word_1_56' title='bbox 351 574 578 627; x_wconf 88' lang='lat' dir='ltr'><strong>parentum</strong></span> <span class='ocrx_word' id='word_1_57' title='bbox 614 580 807 610; x_wconf 88' lang='lat' dir='ltr'><strong>meorum</strong></span> <span class='ocrx_word' id='word_1_58' title='bbox 845 564 1071 620; x_wconf 81' lang='lat' dir='ltr'><strong>rescriptis</strong></span> <span class='ocrx_word' id='word_1_59' title='bbox 1108 562 1378 606; x_wconf 89' lang='lat' dir='ltr'><strong>declaratum</strong></span> <span class='ocrx_word' id='word_1_60' title='bbox 1410 564 1490 615; x_wconf 86' lang='lat' dir='ltr'><strong>est,</strong></span> 
     </span>
     <span class='ocr_line' id='line_1_10' title="bbox 165 618 1489 675; baseline -0.011 -1"><span class='ocrx_word' id='word_1_61' title='bbox 165 643 260 674; x_wconf 92' lang='lat' dir='ltr'><strong>cum</strong></span> <span class='ocrx_word' id='word_1_62' title='bbox 289 626 523 671; x_wconf 88' lang='lat' dir='ltr'><strong>morandae</strong></span> <span class='ocrx_word' id='word_1_63' title='bbox 562 622 789 668; x_wconf 85' lang='lat' dir='ltr'><strong>solutionis</strong></span> <span class='ocrx_word' id='word_1_64' title='bbox 818 622 959 675; x_wconf 88' lang='lat' dir='ltr'><strong>gratia</strong></span> <span class='ocrx_word' id='word_1_65' title='bbox 988 633 1015 662; x_wconf 92' lang='lat' dir='ltr'><strong>a</strong></span> <span class='ocrx_word' id='word_1_66' title='bbox 1044 619 1244 662; x_wconf 85' lang='lat' dir='ltr'><strong>debitore</strong></span> <span class='ocrx_word' id='word_1_67' title='bbox 1273 618 1376 661; x_wconf 89' lang='lat' dir='ltr'><strong>falsi</strong></span> <span class='ocrx_word' id='word_1_68' title='bbox 1406 618 1489 661; x_wconf 89' lang='lat' dir='ltr'><strong>cri·</strong></span> 
     </span>
     <span class='ocr_line' id='line_1_11' title="bbox 163 674 1490 733; baseline -0.01 -4"><span class='ocrx_word' id='word_1_69' title='bbox 163 698 260 729; x_wconf 91' lang='lat' dir='ltr'><strong>men</strong></span> <span class='ocrx_word' id='word_1_70' title='bbox 290 683 499 733; x_wconf 91' lang='lat' dir='ltr'><strong>obicitur,</strong></span> <span class='ocrx_word' id='word_1_71' title='bbox 537 679 672 724; x_wconf 92' lang='lat' dir='ltr'><strong>nihilo</strong></span> <span class='ocrx_word' id='word_1_72' title='bbox 705 677 849 720; x_wconf 89' lang='lat' dir='ltr'><strong>minus</strong></span> <span class='ocrx_word' id='word_1_73' title='bbox 879 676 1003 719; x_wconf 87' lang='lat' dir='ltr'><strong>salva</strong></span> <span class='ocrx_word' id='word_1_74' title='bbox 1033 675 1315 718; x_wconf 89' lang='lat' dir='ltr'><strong>exsecutione</strong></span> <span class='ocrx_word' id='word_1_75' title='bbox 1346 674 1490 717; x_wconf 88' lang='lat' dir='ltr'><strong>crimi-</strong></span> 
     </span>
     <span class='ocr_line' id='line_1_12' title="bbox 163 728 1488 787; baseline -0.008 -3"><span class='ocrx_word' id='word_1_76' title='bbox 163 742 230 784; x_wconf 89' lang='lat' dir='ltr'><strong>nis</strong></span> <span class='ocrx_word' id='word_1_77' title='bbox 260 739 496 783; x_wconf 87' lang='lat' dir='ltr'><strong>debitorem</strong></span> <span class='ocrx_word' id='word_1_78' title='bbox 525 736 580 779; x_wconf 88' lang='lat' dir='ltr'><strong>ad</strong></span> <span class='ocrx_word' id='word_1_79' title='bbox 609 734 868 778; x_wconf 89' lang='lat' dir='ltr'><strong>solutionem</strong></span> <span class='ocrx_word' id='word_1_80' title='bbox 900 730 1101 787; x_wconf 91' lang='lat' dir='ltr'><strong>compelli</strong></span> <span class='ocrx_word' id='word_1_81' title='bbox 1130 734 1348 786; x_wconf 85' lang='lat' dir='ltr'><strong>oportere.</strong></span> <span class='ocrx_word' id='word_1_82' title='bbox 1395 728 1488 773; x_wconf 86' lang='grc' dir='ltr'><strong>ΡΡ.</strong></span> 
     </span>
     <span class='ocr_line' id='line_1_13' title="bbox 165 788 1489 839; baseline -0.008 0"><span class='ocrx_word' id='word_1_83' title='bbox 165 808 231 839; x_wconf 81' lang='lat'><strong>111</strong></span> <span class='ocrx_word' id='word_1_84' title='bbox 257 809 357 838; x_wconf 88' lang='lat' dir='ltr'><strong>non.</strong></span> <span class='ocrx_word' id='word_1_85' title='bbox 378 793 484 837; x_wconf 82' lang='lat' dir='ltr'><strong>Mai.</strong></span> <span class='ocrx_word' id='word_1_86' title='bbox 511 791 714 835; x_wconf 79' lang='lat' dir='ltr'><strong>Maximo</strong></span> <span class='ocrx_word' id='word_1_87' title='bbox 745 800 791 832; x_wconf 80' lang='grc' dir='ltr'><strong>ΙΙ</strong></span> <span class='ocrx_word' id='word_1_88' title='bbox 817 793 861 832; x_wconf 89' lang='lat' dir='ltr'><strong>et</strong></span> <span class='ocrx_word' id='word_1_89' title='bbox 883 788 1072 831; x_wconf 86' lang='lat' dir='ltr'><strong>Aeliano</strong></span> <span class='ocrx_word' id='word_1_90' title='bbox 1103 799 1245 830; x_wconf 85' lang='lat' dir='ltr'><strong>conss.</strong></span> <span class='ocrx_word' id='word_1_91' title='bbox 1307 790 1362 839; x_wconf 93' lang='lat' dir='ltr'><strong>[a.</strong></span> <span class='ocrx_word' id='word_1_92' title='bbox 1391 789 1489 836; x_wconf 85' lang='grc'>223]</span> 
     </span>
     <span class='ocr_line' id='line_1_14' title="bbox 220 842 1490 905; baseline -0.007 -12"><span class='ocrx_word' id='word_1_93' title='bbox 220 850 248 897; x_wconf 87' lang='grc'><strong>3</strong></span> <span class='ocrx_word' id='word_1_94' title='bbox 281 850 346 905; x_wconf 87' lang='grc'><strong>(4)</strong></span> <span class='ocrx_word' id='word_1_95' title='bbox 397 848 534 891; x_wconf 76' lang='lat' dir='ltr'><strong>¹Idem</strong></span> <span class='ocrx_word' id='word_1_96' title='bbox 576 848 626 890; x_wconf 87' lang='lat' dir='ltr'><em>A.</em></span> <span class='ocrx_word' id='word_1_97' title='bbox 667 844 883 888; x_wconf 76' lang='lat' dir='ltr'><strong>Maximo.</strong></span> <span class='ocrx_word' id='word_1_98' title='bbox 956 843 1171 886; x_wconf 83' lang='lat' dir='ltr'><strong>Maiorem</strong></span> <span class='ocrx_word' id='word_1_99' title='bbox 1215 842 1490 886; x_wconf 89' lang='lat' dir='ltr'><strong>severitatem</strong></span> 
     </span>
     <span class='ocr_line' id='line_1_15' title="bbox 164 898 1489 962; baseline -0.007 -12"><span class='ocrx_word' id='word_1_100' title='bbox 164 907 313 962; x_wconf 86' lang='lat' dir='ltr'><strong>exigit,</strong></span> <span class='ocrx_word' id='word_1_101' title='bbox 359 909 408 948; x_wconf 88' lang='lat' dir='ltr'><strong>ut</strong></span> <span class='ocrx_word' id='word_1_102' title='bbox 449 904 602 947; x_wconf 88' lang='lat' dir='ltr'><strong>merita</strong></span> <span class='ocrx_word' id='word_1_103' title='bbox 644 913 794 945; x_wconf 90' lang='lat' dir='ltr'><strong>eorum</strong></span> <span class='ocrx_word' id='word_1_104' title='bbox 838 899 913 954; x_wconf 92' lang='lat' dir='ltr'><strong>qui</strong></span> <span class='ocrx_word' id='word_1_105' title='bbox 956 899 1079 942; x_wconf 84' lang='lat' dir='ltr'><strong>falsis</strong></span> <span class='ocrx_word' id='word_1_106' title='bbox 1123 898 1489 954; x_wconf 85' lang='lat' dir='ltr'><strong>rescriptionibus</strong></span> 
     </span>
     <span class='ocr_line' id='line_1_16' title="bbox 162 954 1490 1014; baseline -0.006 -9"><span class='ocrx_word' id='word_1_107' title='bbox 162 968 348 1005; x_wconf 85' lang='lat' dir='ltr'><strong>utuntur</strong></span> <span class='ocrx_word' id='word_1_108' title='bbox 378 960 505 1014; x_wconf 86' lang='lat' dir='ltr'><strong>digna</strong></span> <span class='ocrx_word' id='word_1_109' title='bbox 534 970 677 1014; x_wconf 90' lang='lat' dir='ltr'><strong>poena</strong></span> <span class='ocrx_word' id='word_1_110' title='bbox 707 957 1006 1000; x_wconf 86' lang='lat' dir='ltr'><strong>coerceantur.</strong></span> <span class='ocrx_word' id='word_1_111' title='bbox 1066 955 1143 998; x_wconf 89' lang='lat' dir='ltr'><strong>sed</strong></span> <span class='ocrx_word' id='word_1_112' title='bbox 1174 955 1248 1009; x_wconf 92' lang='lat' dir='ltr'><strong>qui</strong></span> <span class='ocrx_word' id='word_1_113' title='bbox 1278 954 1490 1010; x_wconf 88' lang='lat' dir='ltr'><strong>deceptus</strong></span> 
     </span>
     <span class='ocr_line' id='line_1_17' title="bbox 163 1011 1491 1073; baseline -0.005 -14"><span class='ocrx_word' id='word_1_114' title='bbox 163 1021 230 1061; x_wconf 88' lang='lat' dir='ltr'><strong>est</strong></span> <span class='ocrx_word' id='word_1_115' title='bbox 268 1030 344 1073; x_wconf 90' lang='lat' dir='ltr'><strong>per</strong></span> <span class='ocrx_word' id='word_1_116' title='bbox 381 1016 530 1068; x_wconf 88' lang='lat' dir='ltr'><strong>alium,</strong></span> <span class='ocrx_word' id='word_1_117' title='bbox 569 1015 606 1058; x_wconf 88' lang='lat' dir='ltr'><strong>si</strong></span> <span class='ocrx_word' id='word_1_118' title='bbox 644 1025 765 1056; x_wconf 89' lang='lat' dir='ltr'><strong>suam</strong></span> <span class='ocrx_word' id='word_1_119' title='bbox 801 1011 1099 1054; x_wconf 86' lang='lat' dir='ltr'><strong>innocentiam</strong></span> <span class='ocrx_word' id='word_1_120' title='bbox 1129 1011 1290 1066; x_wconf 88' lang='lat' dir='ltr'><strong>probat</strong></span> <span class='ocrx_word' id='word_1_121' title='bbox 1319 1015 1363 1053; x_wconf 88' lang='lat' dir='ltr'><strong>et</strong></span> <span class='ocrx_word' id='word_1_122' title='bbox 1393 1022 1491 1053; x_wconf 92' lang='lat' dir='ltr'><strong>eum</strong></span> 
     </span>
     <span class='ocr_line' id='line_1_18' title="bbox 162 1064 1487 1129; baseline -0.007 -12"><span class='ocrx_word' id='word_1_123' title='bbox 162 1086 188 1116; x_wconf 90' lang='lat' dir='ltr'><strong>a</strong></span> <span class='ocrx_word' id='word_1_124' title='bbox 218 1087 302 1129; x_wconf 92' lang='lat' dir='ltr'><strong>quo</strong></span> <span class='ocrx_word' id='word_1_125' title='bbox 333 1084 436 1115; x_wconf 92' lang='lat' dir='ltr'><strong>acce</strong></span> <span class='ocrx_word' id='word_1_126' title='bbox 467 1072 501 1114; x_wconf 94' lang='lat' dir='ltr'><strong>it</strong></span> <span class='ocrx_word' id='word_1_127' title='bbox 529 1069 718 1120; x_wconf 88' lang='lat' dir='ltr'><strong>exhibet,</strong></span> <span class='ocrx_word' id='word_1_128' title='bbox 750 1080 796 1111; x_wconf 90' lang='lat' dir='ltr'><strong>se</strong></span> <span class='ocrx_word' id='word_1_129' title='bbox 825 1067 995 1110; x_wconf 89' lang='lat' dir='ltr'><strong>liberat.</strong></span> <span class='ocrx_word' id='word_1_130' title='bbox 1056 1066 1147 1110; x_wconf 85' lang='grc' dir='ltr'><strong>ΡΡ.</strong></span> <span class='ocrx_word' id='word_1_131' title='bbox 1176 1068 1292 1109; x_wconf 77' lang='lat'><em>[111²</em></span> <span class='ocrx_word' id='word_1_132' title='bbox 1320 1065 1362 1109; x_wconf 80' lang='lat' dir='ltr'><strong>lc.</strong></span> <span class='ocrx_word' id='word_1_133' title='bbox 1390 1064 1487 1108; x_wconf 89' lang='lat' dir='ltr'><strong>Ian.</strong></span> 
     </span>
     <span class='ocr_line' id='line_1_19' title="bbox 162 1124 1488 1174; baseline -0.007 -1"><span class='ocrx_word' id='word_1_134' title='bbox 162 1129 322 1173; x_wconf 86' lang='lat' dir='ltr'><strong>Albino</strong></span> <span class='ocrx_word' id='word_1_135' title='bbox 353 1134 396 1171; x_wconf 84' lang='lat' dir='ltr'><strong>et</strong></span> <span class='ocrx_word' id='word_1_136' title='bbox 475 1126 626 1169; x_wconf 78' lang='lat' dir='ltr'><strong>aximo</strong></span> <span class='ocrx_word' id='word_1_137' title='bbox 657 1137 798 1168; x_wconf 83' lang='lat' dir='ltr'><strong>conss.</strong></span> <span class='ocrx_word' id='word_1_138' title='bbox 1303 1126 1358 1174; x_wconf 88' lang='lat' dir='ltr'><strong>[a.</strong></span> <span class='ocrx_word' id='word_1_139' title='bbox 1392 1124 1488 1170; x_wconf 81' lang='grc'>227]</span> 
     </span>
     <span class='ocr_line' id='line_1_20' title="bbox 218 1178 1489 1235; baseline -0.005 -7"><span class='ocrx_word' id='word_1_140' title='bbox 218 1183 247 1228; x_wconf 86' lang='grc'>4</span> <span class='ocrx_word' id='word_1_141' title='bbox 280 1182 345 1235; x_wconf 87' lang='grc'><strong>(3)</strong></span> <span class='ocrx_word' id='word_1_142' title='bbox 376 1182 497 1226; x_wconf 83' lang='lat' dir='ltr'><strong>Idem</strong></span> <span class='ocrx_word' id='word_1_143' title='bbox 526 1183 574 1225; x_wconf 89' lang='lat' dir='ltr'><strong>A.</strong></span> <span class='ocrx_word' id='word_1_144' title='bbox 606 1180 767 1224; x_wconf 87' lang='lat' dir='ltr'><strong>Cassio.</strong></span> <span class='ocrx_word' id='word_1_145' title='bbox 827 1178 952 1222; x_wconf 87' lang='lat' dir='ltr'><strong>Licet</strong></span> <span class='ocrx_word' id='word_1_146' title='bbox 981 1191 1035 1222; x_wconf 86' lang='lat' dir='ltr'><strong>ex</strong></span> <span class='ocrx_word' id='word_1_147' title='bbox 1056 1178 1233 1230; x_wconf 88' lang='lat' dir='ltr'><strong>tabulis,</strong></span> <span class='ocrx_word' id='word_1_148' title='bbox 1266 1190 1374 1233; x_wconf 88' lang='lat' dir='ltr'><strong>quas</strong></span> <span class='ocrx_word' id='word_1_149' title='bbox 1406 1180 1489 1223; x_wconf 92' lang='lat' dir='ltr'><strong>sub</strong></span> 
     </span>
     <span class='ocr_line' id='line_1_21' title="bbox 161 1234 1491 1293; baseline -0.004 -11"><span class='ocrx_word' id='word_1_150' title='bbox 161 1239 333 1282; x_wconf 88' lang='lat' dir='ltr'><strong>nomine</strong></span> <span class='ocrx_word' id='word_1_151' title='bbox 375 1238 512 1293; x_wconf 88' lang='lat' dir='ltr'><strong>patris</strong></span> <span class='ocrx_word' id='word_1_152' title='bbox 556 1237 623 1280; x_wconf 91' lang='lat' dir='ltr'><strong>tui</strong></span> <span class='ocrx_word' id='word_1_153' title='bbox 664 1247 844 1279; x_wconf 88' lang='lat' dir='ltr'><strong>uxorem</strong></span> <span class='ocrx_word' id='word_1_154' title='bbox 889 1234 1004 1285; x_wconf 92' lang='lat' dir='ltr'><strong>eius,</strong></span> <span class='ocrx_word' id='word_1_155' title='bbox 1057 1234 1103 1277; x_wconf 88' lang='lat' dir='ltr'><strong>id</strong></span> <span class='ocrx_word' id='word_1_156' title='bbox 1147 1240 1214 1278; x_wconf 91' lang='lat' dir='ltr'><strong>est</strong></span> <span class='ocrx_word' id='word_1_157' title='bbox 1258 1246 1491 1278; x_wconf 88' lang='lat' dir='ltr'><strong>novercam</strong></span> 
     </span>
     <span class='ocr_line' id='line_1_22' title="bbox 161 1290 1490 1349; baseline -0.003 -12"><span class='ocrx_word' id='word_1_158' title='bbox 161 1299 294 1346; x_wconf 88' lang='lat' dir='ltr'><strong>tuam,</strong></span> <span class='ocrx_word' id='word_1_159' title='bbox 326 1296 531 1349; x_wconf 89' lang='lat' dir='ltr'><strong>subrepto</strong></span> <span class='ocrx_word' id='word_1_160' title='bbox 561 1305 661 1337; x_wconf 90' lang='lat' dir='ltr'><strong>vero</strong></span> <span class='ocrx_word' id='word_1_161' title='bbox 691 1294 953 1335; x_wconf 89' lang='lat' dir='ltr'><strong>testamento</strong></span> <span class='ocrx_word' id='word_1_162' title='bbox 982 1291 1119 1334; x_wconf 83' lang='lat' dir='ltr'><strong>falsas</strong></span> <span class='ocrx_word' id='word_1_163' title='bbox 1143 1290 1387 1346; x_wconf 90' lang='lat' dir='ltr'><strong>protulisse</strong></span> <span class='ocrx_word' id='word_1_164' title='bbox 1412 1290 1490 1333; x_wconf 89' lang='lat' dir='ltr'><strong>ad-</strong></span> 
     </span>
     <span class='ocr_line' id='line_1_23' title="bbox 160 1346 1489 1405; baseline -0.003 -12"><span class='ocrx_word' id='word_1_165' title='bbox 160 1351 300 1405; x_wconf 86' lang='lat' dir='ltr'><strong>legas,</strong></span> <span class='ocrx_word' id='word_1_166' title='bbox 343 1362 442 1392; x_wconf 90' lang='lat' dir='ltr'><strong>cum</strong></span> <span class='ocrx_word' id='word_1_167' title='bbox 477 1348 639 1392; x_wconf 90' lang='lat' dir='ltr'><strong>crimen</strong></span> <span class='ocrx_word' id='word_1_168' title='bbox 677 1347 914 1392; x_wconf 90' lang='lat' dir='ltr'><strong>admissum</strong></span> <span class='ocrx_word' id='word_1_169' title='bbox 947 1347 1146 1402; x_wconf 86' lang='lat' dir='ltr'><strong>ignores,</strong></span> <span class='ocrx_word' id='word_1_170' title='bbox 1189 1347 1382 1401; x_wconf 87' lang='lat' dir='ltr'><strong>legatum</strong></span> <span class='ocrx_word' id='word_1_171' title='bbox 1412 1346 1489 1390; x_wconf 92' lang='lat' dir='ltr'><strong>ad-</strong></span> 
     </span>
     <span class='ocr_line' id='line_1_24' title="bbox 159 1402 1490 1461; baseline -0.002 -13"><span class='ocrx_word' id='word_1_172' title='bbox 159 1406 370 1461; x_wconf 88' lang='lat' dir='ltr'><strong>scriptum</strong></span> <span class='ocrx_word' id='word_1_173' title='bbox 413 1405 496 1448; x_wconf 91' lang='lat' dir='ltr'><strong>tibi</strong></span> <span class='ocrx_word' id='word_1_174' title='bbox 538 1409 800 1448; x_wconf 90' lang='lat' dir='ltr'><strong>consecutus</strong></span> <span class='ocrx_word' id='word_1_175' title='bbox 843 1403 922 1454; x_wconf 90' lang='lat' dir='ltr'><strong>sis,</strong></span> <span class='ocrx_word' id='word_1_176' title='bbox 968 1408 1116 1446; x_wconf 89' lang='lat' dir='ltr'><strong>tamen</strong></span> <span class='ocrx_word' id='word_1_177' title='bbox 1156 1416 1243 1447; x_wconf 91' lang='lat' dir='ltr'><strong>non</strong></span> <span class='ocrx_word' id='word_1_178' title='bbox 1282 1402 1490 1458; x_wconf 88' lang='lat' dir='ltr'><strong>impedie-</strong></span> 
     </span>
     <span class='ocr_line' id='line_1_25' title="bbox 158 1458 1490 1505; baseline -0.002 -1"><span class='ocrx_word' id='word_1_179' title='bbox 158 1462 218 1505; x_wconf 87' lang='lat' dir='ltr'><strong>ris</strong></span> <span class='ocrx_word' id='word_1_180' title='bbox 261 1462 585 1505; x_wconf 80' lang='lat' dir='ltr'><strong>accusationem</strong></span> <span class='ocrx_word' id='word_1_181' title='bbox 629 1465 784 1504; x_wconf 90' lang='lat' dir='ltr'><strong>contra</strong></span> <span class='ocrx_word' id='word_1_182' title='bbox 832 1472 926 1503; x_wconf 88' lang='lat' dir='ltr'><strong>eam</strong></span> <span class='ocrx_word' id='word_1_183' title='bbox 970 1459 1028 1501; x_wconf 90' lang='lat' dir='ltr'><strong>im</strong></span> <span class='ocrx_word' id='word_1_184' title='bbox 1062 1459 1158 1502; x_wconf 89' lang='lat' dir='ltr'><strong>letis</strong></span> <span class='ocrx_word' id='word_1_185' title='bbox 1204 1458 1490 1503; x_wconf 86' lang='lat' dir='ltr'><strong>sollemnibus</strong></span> 
     </span>
     <span class='ocr_line' id='line_1_26' title="bbox 157 1513 1490 1561; baseline -0.001 -2"><span class='ocrx_word' id='word_1_186' title='bbox 157 1517 400 1561; x_wconf 87' lang='lat' dir='ltr'><strong>instituere.</strong></span> <span class='ocrx_word' id='word_1_187' title='bbox 482 1515 574 1559; x_wconf 86' lang='grc' dir='ltr'><strong>ΡΡ.</strong></span> <span class='ocrx_word' id='word_1_188' title='bbox 627 1528 684 1559; x_wconf 73' lang='lat' dir='ltr'><strong>xl</strong></span> <span class='ocrx_word' id='word_1_189' title='bbox 731 1515 773 1559; x_wconf 84' lang='lat' dir='ltr'><strong>lc.</strong></span> <span class='ocrx_word' id='word_1_190' title='bbox 820 1515 919 1559; x_wconf 89' lang='lat' dir='ltr'><strong>Ian.</strong></span> <span class='ocrx_word' id='word_1_191' title='bbox 975 1516 1032 1558; x_wconf 85' lang='lat' dir='ltr'><strong>Al</strong></span> <span class='ocrx_word' id='word_1_192' title='bbox 1060 1515 1135 1558; x_wconf 85' lang='lat' dir='ltr'><strong>ino</strong></span> <span class='ocrx_word' id='word_1_193' title='bbox 1188 1522 1232 1559; x_wconf 86' lang='lat' dir='ltr'><strong>et</strong></span> <span class='ocrx_word' id='word_1_194' title='bbox 1281 1513 1490 1560; x_wconf 76' lang='lat' dir='ltr'><strong>Maximo</strong></span> 
     </span>
     <span class='ocr_line' id='line_1_27' title="bbox 158 1574 1489 1626; baseline -0.002 -10"><span class='ocrx_word' id='word_1_195' title='bbox 158 1587 297 1616; x_wconf 81' lang='lat' dir='ltr'><strong>conss.</strong></span> <span class='ocrx_word' id='word_1_196' title='bbox 1302 1577 1358 1626; x_wconf 91' lang='lat' dir='ltr'><strong>[a.</strong></span> <span class='ocrx_word' id='word_1_197' title='bbox 1392 1574 1489 1623; x_wconf 85' lang='lat'>227]</span> 
     </span>
     <span class='ocr_line' id='line_1_28' title="bbox 213 1626 1491 1682; baseline -0.003 -8"><span class='ocrx_word' id='word_1_198' title='bbox 213 1627 242 1674; x_wconf 83' lang='lat'>5</span> <span class='ocrx_word' id='word_1_199' title='bbox 286 1627 407 1672; x_wconf 90' lang='lat' dir='ltr'><strong>Idem</strong></span> <span class='ocrx_word' id='word_1_200' title='bbox 446 1629 497 1672; x_wconf 87' lang='lat' dir='ltr'><em>A.</em></span> <span class='ocrx_word' id='word_1_201' title='bbox 539 1627 767 1671; x_wconf 84' lang='lat' dir='ltr'><strong>Petronio.</strong></span> <span class='ocrx_word' id='word_1_202' title='bbox 836 1627 960 1670; x_wconf 88' lang='lat' dir='ltr'><strong>Falsi</strong></span> <span class='ocrx_word' id='word_1_203' title='bbox 999 1626 1170 1682; x_wconf 88' lang='lat' dir='ltr'><strong>quidem</strong></span> <span class='ocrx_word' id='word_1_204' title='bbox 1217 1627 1381 1672; x_wconf 90' lang='lat' dir='ltr'><strong>crimen</strong></span> <span class='ocrx_word' id='word_1_205' title='bbox 1423 1628 1491 1670; x_wconf 83' lang='lat' dir='ltr'><strong>vel</strong></span> 
     </span>
     <span class='ocr_line' id='line_1_29' title="bbox 158 1683 1492 1739; baseline -0.001 -12"><span class='ocrx_word' id='word_1_206' title='bbox 158 1684 277 1727; x_wconf 88' lang='lat' dir='ltr'><strong>aliud</strong></span> <span class='ocrx_word' id='word_1_207' title='bbox 318 1684 505 1739; x_wconf 87' lang='lat' dir='ltr'><strong>capitale</strong></span> <span class='ocrx_word' id='word_1_208' title='bbox 541 1695 711 1727; x_wconf 87' lang='lat' dir='ltr'><strong>movere</strong></span> <span class='ocrx_word' id='word_1_209' title='bbox 740 1696 818 1727; x_wconf 86' lang='lat' dir='ltr'><strong>vos</strong></span> <span class='ocrx_word' id='word_1_210' title='bbox 856 1683 986 1726; x_wconf 90' lang='lat' dir='ltr'><strong>matri</strong></span> <span class='ocrx_word' id='word_1_211' title='bbox 1025 1687 1197 1727; x_wconf 88' lang='lat' dir='ltr'><strong>vestrae</strong></span> <span class='ocrx_word' id='word_1_212' title='bbox 1233 1689 1357 1729; x_wconf 88' lang='lat' dir='ltr'><strong>secta</strong></span> <span class='ocrx_word' id='word_1_213' title='bbox 1395 1695 1492 1726; x_wconf 88' lang='lat' dir='ltr'><strong>mea</strong></span> 
     </span>
     <span class='ocr_line' id='line_1_30' title="bbox 158 1738 1491 1796; baseline -0.001 -13"><span class='ocrx_word' id='word_1_214' title='bbox 158 1754 244 1783; x_wconf 91' lang='lat' dir='ltr'><strong>non</strong></span> <span class='ocrx_word' id='word_1_215' title='bbox 284 1741 462 1796; x_wconf 86' lang='lat' dir='ltr'><strong>patitur.</strong></span> <span class='ocrx_word' id='word_1_216' title='bbox 531 1739 608 1783; x_wconf 88' lang='lat' dir='ltr'><strong>sed</strong></span> <span class='ocrx_word' id='word_1_217' title='bbox 647 1751 699 1782; x_wconf 90' lang='lat' dir='ltr'><strong>ea</strong></span> <span class='ocrx_word' id='word_1_218' title='bbox 735 1752 806 1782; x_wconf 85' lang='lat' dir='ltr'><strong>res</strong></span> <span class='ocrx_word' id='word_1_219' title='bbox 845 1738 1150 1793; x_wconf 85' lang='lat' dir='ltr'><strong>pecuniarium</strong></span> <span class='ocrx_word' id='word_1_220' title='bbox 1185 1739 1491 1796; x_wconf 88' lang='lat' dir='ltr'><strong>compendium</strong></span> 
     </span>
    </p>
   </div>
   <div class='ocr_carea' id='block_1_7' title="bbox 158 1794 1534 1963">
    <p class='ocr_par' dir='ltr' id='par_1_7' title="bbox 158 1794 1534 1963">
     <span class='ocr_line' id='line_1_31' title="bbox 158 1794 1533 1855; baseline -0.001 -16"><span class='ocrx_word' id='word_1_221' title='bbox 158 1811 245 1839; x_wconf 89' lang='lat' dir='ltr'><strong>non</strong></span> <span class='ocrx_word' id='word_1_222' title='bbox 276 1796 429 1839; x_wconf 81' lang='lat' dir='ltr'><strong>aufert.</strong></span> <span class='ocrx_word' id='word_1_223' title='bbox 491 1794 531 1838; x_wconf 88' lang='lat' dir='ltr'><strong>si</strong></span> <span class='ocrx_word' id='word_1_224' title='bbox 559 1794 672 1838; x_wconf 91' lang='lat' dir='ltr'><strong>enim</strong></span> <span class='ocrx_word' id='word_1_225' title='bbox 702 1795 756 1838; x_wconf 89' lang='lat' dir='ltr'><strong>de</strong></span> <span class='ocrx_word' id='word_1_226' title='bbox 784 1794 871 1839; x_wconf 88' lang='lat' dir='ltr'><strong>fide</strong></span> <span class='ocrx_word' id='word_1_227' title='bbox 900 1795 1162 1850; x_wconf 85' lang='lat' dir='ltr'><strong>scripturae,</strong></span> <span class='ocrx_word' id='word_1_228' title='bbox 1194 1796 1309 1839; x_wconf 90' lang='lat' dir='ltr'><strong>unde</strong></span> <span class='ocrx_word' id='word_1_229' title='bbox 1340 1795 1490 1839; x_wconf 89' lang='lat' dir='ltr'><strong>eadem</strong></span> <span class='ocrx_word' id='word_1_230' title='bbox 1532 1826 1533 1855; x_wconf 25' lang='grc' dir='ltr'>ζ</span> 
     </span>
     <span class='ocr_line' id='line_1_32' title="bbox 158 1850 1534 1903; baseline 0.001 -8"><span class='ocrx_word' id='word_1_231' title='bbox 158 1857 294 1895; x_wconf 88' lang='lat' dir='ltr'><strong>mater</strong></span> <span class='ocrx_word' id='word_1_232' title='bbox 324 1857 469 1895; x_wconf 86' lang='lat' dir='ltr'><strong>vestra</strong></span> <span class='ocrx_word' id='word_1_233' title='bbox 496 1850 878 1894; x_wconf 87' lang='lat' dir='ltr'><strong>fideicommissum</strong></span> <span class='ocrx_word' id='word_1_234' title='bbox 906 1850 991 1893; x_wconf 88' lang='lat' dir='ltr'><strong>sibi</strong></span> <span class='ocrx_word' id='word_1_235' title='bbox 1019 1850 1235 1903; x_wconf 87' lang='lat' dir='ltr'><strong>vindicat,</strong></span> <span class='ocrx_word' id='word_1_236' title='bbox 1272 1851 1490 1895; x_wconf 80' lang='lat' dir='ltr'><strong>dubitatio</strong></span> <span class='ocrx_word' id='word_1_237' title='bbox 1532 1864 1534 1897; x_wconf 53' lang='lat' dir='ltr'><strong>l</strong></span> 
     </span>
     <span class='ocr_line' id='line_1_33' title="bbox 160 1905 1533 1963; baseline -0.001 -13"><span class='ocrx_word' id='word_1_238' title='bbox 160 1910 247 1959; x_wconf 90' lang='lat' dir='ltr'><strong>est,</strong></span> <span class='ocrx_word' id='word_1_239' title='bbox 286 1907 447 1963; x_wconf 87' lang='lat' dir='ltr'><strong>inquiri</strong></span> <span class='ocrx_word' id='word_1_240' title='bbox 482 1906 590 1950; x_wconf 90' lang='lat' dir='ltr'><strong>fides</strong></span> <span class='ocrx_word' id='word_1_241' title='bbox 625 1906 822 1950; x_wconf 89' lang='lat' dir='ltr'><strong>veritatis</strong></span> <span class='ocrx_word' id='word_1_242' title='bbox 863 1906 994 1950; x_wconf 88' lang='lat' dir='ltr'><strong>etiam</strong></span> <span class='ocrx_word' id='word_1_243' title='bbox 1025 1905 1120 1950; x_wconf 89' lang='lat' dir='ltr'><strong>sine</strong></span> <span class='ocrx_word' id='word_1_244' title='bbox 1148 1910 1268 1951; x_wconf 86' lang='lat' dir='ltr'><strong>metu</strong></span> <span class='ocrx_word' id='word_1_245' title='bbox 1299 1906 1491 1951; x_wconf 90' lang='lat' dir='ltr'><strong>criminis</strong></span> <span class='ocrx_word' id='word_1_246' title='bbox 1530 1925 1533 1959; x_wconf 53' lang='lat' dir='ltr'><strong><em>g</em></strong></span> 
     </span>
    </p>
   </div>
   <div class='ocr_carea' id='block_1_8' title="bbox 159 1966 320 2062">
    <p class='ocr_par' dir='ltr' id='par_1_8' title="bbox 159 1966 320 2062">
     <span class='ocr_line' id='line_1_34' title="bbox 159 1966 320 2018; baseline -0.012 -12"><span class='ocrx_word' id='word_1_247' title='bbox 159 1966 320 2018; x_wconf 91' lang='lat' dir='ltr'><strong>potest.</strong></span> 
     </span>
     <span class='ocr_line' id='line_1_35' title="bbox 161 2032 300 2062; baseline -0.007 -1"><span class='ocrx_word' id='word_1_248' title='bbox 161 2032 300 2062; x_wconf 79' lang='lat' dir='ltr'><strong>conss.</strong></span> 
     </span>
    </p>
   </div>
   <div class='ocr_carea' id='block_1_9' title="bbox 152 1961 1494 4256">
    <p class='ocr_par' dir='ltr' id='par_1_9' title="bbox 401 1961 1492 2063">
     <span class='ocr_line' id='line_1_36' title="bbox 401 1961 1492 2020; baseline 0.001 -15"><span class='ocrx_word' id='word_1_249' title='bbox 401 1961 492 2005; x_wconf 88' lang='lat' dir='ltr'><strong>PP.</strong></span> <span class='ocrx_word' id='word_1_250' title='bbox 536 1974 605 2005; x_wconf 78' lang='grc' dir='ltr'><strong>ΙΙΙ</strong></span> <span class='ocrx_word' id='word_1_251' title='bbox 654 1961 695 2005; x_wconf 80' lang='lat' dir='ltr'><strong>lc.</strong></span> <span class='ocrx_word' id='word_1_252' title='bbox 743 1961 864 2020; x_wconf 84' lang='lat' dir='ltr'><strong>Sept.</strong></span> <span class='ocrx_word' id='word_1_253' title='bbox 910 1962 1127 2019; x_wconf 76' lang='lat' dir='ltr'><strong>Aqricola</strong></span> <span class='ocrx_word' id='word_1_254' title='bbox 1177 1969 1222 2007; x_wconf 85' lang='lat' dir='ltr'><strong>et</strong></span> <span class='ocrx_word' id='word_1_255' title='bbox 1274 1963 1492 2008; x_wconf 78' lang='lat' dir='ltr'><strong>Clemente</strong></span> 
     </span>
     <span class='ocr_line' id='line_1_37' title="bbox 1320 2023 1473 2063; baseline -0.013 0"><span class='ocrx_word' id='word_1_256' title='bbox 1320 2034 1358 2063; x_wconf 87' lang='lat' dir='ltr'><strong>a.</strong></span> <span class='ocrx_word' id='word_1_257' title='bbox 1393 2023 1473 2061; x_wconf 82' lang='lat'><strong>230</strong></span> 
     </span>
    </p>

    <p class='ocr_par' dir='ltr' id='par_1_10' title="bbox 152 2022 1494 4256">
     <span class='ocr_line' id='line_1_38' title="bbox 217 2022 1494 2134; baseline -0.002 -15"><span class='ocrx_word' id='word_1_258' title='bbox 217 2072 247 2120; x_wconf 88' lang='grc'>6</span> <span class='ocrx_word' id='word_1_259' title='bbox 278 2073 388 2130; x_wconf 77' lang='lat' dir='ltr'><strong>Imp.</strong></span> <span class='ocrx_word' id='word_1_260' title='bbox 421 2073 541 2116; x_wconf 79' lang='lat' dir='ltr'><strong>Phili</strong></span> <span class='ocrx_word' id='word_1_261' title='bbox 568 2086 660 2131; x_wconf 76' lang='lat' dir='ltr'><strong>pus</strong></span> <span class='ocrx_word' id='word_1_262' title='bbox 688 2073 738 2116; x_wconf 95' lang='lat' dir='ltr'><em>A.</em></span> <span class='ocrx_word' id='word_1_263' title='bbox 778 2077 823 2117; x_wconf 87' lang='lat' dir='ltr'><strong>et</strong></span> <span class='ocrx_word' id='word_1_264' title='bbox 851 2071 1091 2130; x_wconf 75' lang='lat' dir='ltr'><strong>Philippus</strong></span> <span class='ocrx_word' id='word_1_265' title='bbox 1124 2073 1166 2118; x_wconf 83' lang='lat' dir='ltr'><strong>C.</strong></span> <span class='ocrx_word' id='word_1_266' title='bbox 1205 2024 1347 2134; x_wconf 60' lang='lat' dir='ltr'><strong>Ulpio.</strong></span> <span class='ocrx_word' id='word_1_267' title='bbox 1408 2022 1494 2128; x_wconf 65' lang='lat' dir='ltr'><strong>Qui</strong></span> 
     </span>
     <span class='ocr_line' id='line_1_39' title="bbox 158 2128 1491 2181; baseline 0 -9"><span class='ocrx_word' id='word_1_268' title='bbox 158 2130 294 2172; x_wconf 83' lang='lat' dir='ltr'><strong>falsas</strong></span> <span class='ocrx_word' id='word_1_269' title='bbox 323 2129 499 2172; x_wconf 87' lang='lat' dir='ltr'><strong>tabulas</strong></span> <span class='ocrx_word' id='word_1_270' title='bbox 557 2129 568 2139; x_wconf 86' lang='lat'><strong>‘</strong></span> <span class='ocrx_word' id='word_1_271' title='bbox 605 2128 689 2172; x_wconf 92' lang='lat' dir='ltr'><strong>erit</strong></span> <span class='ocrx_word' id='word_1_272' title='bbox 718 2140 798 2171; x_wconf 89' lang='lat' dir='ltr'><strong>nec</strong></span> <span class='ocrx_word' id='word_1_273' title='bbox 827 2129 1033 2181; x_wconf 89' lang='lat' dir='ltr'><strong>tenuerit,</strong></span> <span class='ocrx_word' id='word_1_274' title='bbox 1064 2130 1120 2172; x_wconf 90' lang='lat' dir='ltr'><strong>ad</strong></span> <span class='ocrx_word' id='word_1_275' title='bbox 1151 2130 1350 2175; x_wconf 86' lang='lat' dir='ltr'><strong>defuncti</strong></span> <span class='ocrx_word' id='word_1_276' title='bbox 1377 2130 1491 2174; x_wconf 91' lang='lat' dir='ltr'><strong>iudi·-</strong></span> 
     </span>
     <span class='ocr_line' id='line_1_40' title="bbox 160 2183 1492 2249; baseline 0.001 -22"><span class='ocrx_word' id='word_1_277' title='bbox 160 2185 273 2249; x_wconf 81' lang='lat' dir='ltr'><strong>cium</strong></span> <span class='ocrx_word' id='word_1_278' title='bbox 302 2185 651 2248; x_wconf 38' lang='lat' dir='ltr'><strong>adspirare-non</strong></span> <span class='ocrx_word' id='word_1_279' title='bbox 687 2187 846 2239; x_wconf 92' lang='lat' dir='ltr'><strong>potest.</strong></span> <span class='ocrx_word' id='word_1_280' title='bbox 905 2183 998 2227; x_wconf 88' lang='grc' dir='ltr'><strong>ΡΡ.</strong></span> <span class='ocrx_word' id='word_1_281' title='bbox 1031 2198 1104 2228; x_wconf 67' lang='lat' dir='ltr'><strong>JV</strong></span> <span class='ocrx_word' id='word_1_282' title='bbox 1135 2185 1177 2229; x_wconf 85' lang='lat' dir='ltr'><strong>lc.</strong></span> <span class='ocrx_word' id='word_1_283' title='bbox 1209 2187 1352 2244; x_wconf 81' lang='lat' dir='ltr'><strong>April.</strong></span> <span class='ocrx_word' id='word_1_284' title='bbox 1384 2186 1492 2229; x_wconf 81' lang='lat' dir='ltr'><strong>Pbi-</strong></span> 
     </span>
     <span class='ocr_line' id='line_1_41' title="bbox 159 2239 1490 2357; baseline -0.001 -17"><span class='ocrx_word' id='word_1_285' title='bbox 159 2241 372 2351; x_wconf 37' lang='lat' dir='ltr'><strong>appol&amp;</strong></span> <span class='ocrx_word' id='word_1_286' title='bbox 393 2239 815 2357; x_wconf 40' lang='lat' dir='ltr'><strong>‘’ftqsbtiffignbssng‘te&#39;</strong></span> <span class='ocrx_word' id='word_1_287' title='bbox 832 2291 1062 2338; x_wconf 78' lang='lat' dir='ltr'><strong>Gallienus</strong></span> <span class='ocrx_word' id='word_1_288' title='bbox 1090 2297 1181 2339; x_wconf 82' lang='lat' dir='ltr'><em>AA.</em></span> <span class='ocrx_word' id='word_1_289' title='bbox 1214 2302 1259 2340; x_wconf 73' lang='lat' dir='ltr'><strong>ec</strong></span> <span class='ocrx_word' id='word_1_290' title='bbox 1291 2245 1490 2340; x_wconf 42' lang='lat' dir='ltr'><strong>&amp;affl-23</strong></span> 
     </span>
     <span class='ocr_line' id='line_1_42' title="bbox 155 2348 1490 2406; baseline 0.001 -13"><span class='ocrx_word' id='word_1_291' title='bbox 155 2364 240 2394; x_wconf 83' lang='lat' dir='ltr'><strong>nas</strong></span> <span class='ocrx_word' id='word_1_292' title='bbox 271 2348 312 2393; x_wconf 87' lang='lat' dir='ltr'><strong>C.</strong></span> <span class='ocrx_word' id='word_1_293' title='bbox 394 2349 607 2393; x_wconf 77' lang='lat' dir='ltr'><strong>elzodoro.</strong></span> <span class='ocrx_word' id='word_1_294' title='bbox 666 2349 768 2403; x_wconf 89' lang='lat' dir='ltr'><strong>Ipse</strong></span> <span class='ocrx_word' id='word_1_295' title='bbox 807 2348 1052 2403; x_wconf 89' lang='lat' dir='ltr'><strong>significas,</strong></span> <span class='ocrx_word' id='word_1_296' title='bbox 1092 2365 1192 2394; x_wconf 91' lang='lat' dir='ltr'><strong>cum</strong></span> <span class='ocrx_word' id='word_1_297' title='bbox 1231 2352 1372 2406; x_wconf 91' lang='lat' dir='ltr'><strong>primo</strong></span> <span class='ocrx_word' id='word_1_298' title='bbox 1411 2352 1490 2395; x_wconf 89' lang='lat' dir='ltr'><strong>ad-</strong></span> 
     </span>
     <span class='ocr_line' id='line_1_43' title="bbox 155 2404 1492 2458; baseline 0.001 -9"><span class='ocrx_word' id='word_1_299' title='bbox 155 2404 338 2449; x_wconf 82' lang='lat' dir='ltr'><strong>versarii</strong></span> <span class='ocrx_word' id='word_1_300' title='bbox 380 2405 672 2448; x_wconf 87' lang='lat' dir='ltr'><strong>instrumenta</strong></span> <span class='ocrx_word' id='word_1_301' title='bbox 743 2405 1008 2458; x_wconf 83' lang='lat' dir='ltr'><strong>retulerunt,</strong></span> <span class='ocrx_word' id='word_1_302' title='bbox 1054 2406 1182 2450; x_wconf 90' lang='lat' dir='ltr'><strong>fidem</strong></span> <span class='ocrx_word' id='word_1_303' title='bbox 1228 2420 1378 2450; x_wconf 91' lang='lat' dir='ltr'><strong>eorum</strong></span> <span class='ocrx_word' id='word_1_304' title='bbox 1417 2409 1492 2450; x_wconf 88' lang='lat' dir='ltr'><strong>te³</strong></span> 
     </span>
     <span class='ocr_line' id='line_1_44' title="bbox 154 2460 1488 2516; baseline 0.001 -12"><span class='ocrx_word' id='word_1_305' title='bbox 154 2461 359 2507; x_wconf 87' lang='lat' dir='ltr'><strong>habuisse</strong></span> <span class='ocrx_word' id='word_1_306' title='bbox 390 2466 653 2515; x_wconf 87' lang='lat' dir='ltr'><strong>suspectam.</strong></span> <span class='ocrx_word' id='word_1_307' title='bbox 731 2464 834 2504; x_wconf 81' lang='lat' dir='ltr'><strong>acta</strong></span> <span class='ocrx_word' id='word_1_308' title='bbox 868 2460 1003 2516; x_wconf 85' lang='lat' dir='ltr'><strong>igitur</strong></span> <span class='ocrx_word' id='word_1_309' title='bbox 1041 2464 1342 2507; x_wconf 84' lang='lat' dir='ltr'><strong>transactione</strong></span> <span class='ocrx_word' id='word_1_310' title='bbox 1373 2463 1488 2506; x_wconf 84' lang='lat' dir='ltr'><strong>diffi-</strong></span> 
     </span>
     <span class='ocr_line' id='line_1_45' title="bbox 154 2516 1492 2572; baseline 0.001 -11"><span class='ocrx_word' id='word_1_311' title='bbox 154 2518 238 2561; x_wconf 90' lang='lat' dir='ltr'><strong>cile</strong></span> <span class='ocrx_word' id='word_1_312' title='bbox 266 2519 345 2570; x_wconf 88' lang='lat' dir='ltr'><strong>est,</strong></span> <span class='ocrx_word' id='word_1_313' title='bbox 378 2519 427 2560; x_wconf 92' lang='lat' dir='ltr'><strong>ut</strong></span> <span class='ocrx_word' id='word_1_314' title='bbox 454 2517 493 2559; x_wconf 89' lang='lat' dir='ltr'><strong>is</strong></span> <span class='ocrx_word' id='word_1_315' title='bbox 523 2516 598 2572; x_wconf 93' lang='lat' dir='ltr'><strong>qui</strong></span> <span class='ocrx_word' id='word_1_316' title='bbox 626 2516 898 2572; x_wconf 85' lang='lat' dir='ltr'><strong>provinciam</strong></span> <span class='ocrx_word' id='word_1_317' title='bbox 926 2518 1036 2572; x_wconf 84' lang='lat' dir='ltr'><strong>regit</strong></span> <span class='ocrx_word' id='word_1_318' title='bbox 1063 2519 1184 2562; x_wconf 88' lang='lat' dir='ltr'><strong>velut</strong></span> <span class='ocrx_word' id='word_1_319' title='bbox 1212 2519 1387 2571; x_wconf 86' lang='lat' dir='ltr'><strong>falsum,</strong></span> <span class='ocrx_word' id='word_1_320' title='bbox 1419 2519 1492 2562; x_wconf 92' lang='lat' dir='ltr'><strong>cui</strong></span> 
     </span>
     <span class='ocr_line' id='line_1_46' title="bbox 154 2571 1494 2629; baseline 0.001 -13"><span class='ocrx_word' id='word_1_321' title='bbox 154 2573 284 2617; x_wconf 87' lang='lat' dir='ltr'><strong>semel</strong></span> <span class='ocrx_word' id='word_1_322' title='bbox 324 2572 604 2628; x_wconf 88' lang='lat' dir='ltr'><strong>adquievisti,</strong></span> <span class='ocrx_word' id='word_1_323' title='bbox 642 2571 725 2616; x_wconf 90' lang='lat' dir='ltr'><strong>tibi</strong></span> <span class='ocrx_word' id='word_1_324' title='bbox 761 2585 971 2617; x_wconf 87' lang='lat' dir='ltr'><strong>accusare</strong></span> <span class='ocrx_word' id='word_1_325' title='bbox 999 2574 1237 2629; x_wconf 88' lang='lat' dir='ltr'><strong>permittat.</strong></span> <span class='ocrx_word' id='word_1_326' title='bbox 1298 2574 1391 2618; x_wconf 90' lang='grc' dir='ltr'><strong>ΡΡ.</strong></span> <span class='ocrx_word' id='word_1_327' title='bbox 1424 2587 1494 2618; x_wconf 82' lang='lat' dir='ltr'><strong>III</strong></span> 
     </span>
     <span class='ocr_line' id='line_1_47' title="bbox 155 2627 1488 2683; baseline 0.003 -12"><span class='ocrx_word' id='word_1_328' title='bbox 155 2629 195 2671; x_wconf 77' lang='lat' dir='ltr'><strong>lc.</strong></span> <span class='ocrx_word' id='word_1_329' title='bbox 230 2627 314 2672; x_wconf 85' lang='lat' dir='ltr'><strong>Iul.</strong></span> <span class='ocrx_word' id='word_1_330' title='bbox 349 2628 489 2672; x_wconf 86' lang='lat' dir='ltr'><strong>Tusco</strong></span> <span class='ocrx_word' id='word_1_331' title='bbox 520 2634 564 2671; x_wconf 89' lang='lat' dir='ltr'><strong>et</strong></span> <span class='ocrx_word' id='word_1_332' title='bbox 591 2627 740 2672; x_wconf 88' lang='lat' dir='ltr'><strong>Basso</strong></span> <span class='ocrx_word' id='word_1_333' title='bbox 772 2642 913 2671; x_wconf 80' lang='lat' dir='ltr'><strong>conss.</strong></span> <span class='ocrx_word' id='word_1_334' title='bbox 1302 2635 1358 2683; x_wconf 91' lang='lat' dir='ltr'><strong>[a.</strong></span> <span class='ocrx_word' id='word_1_335' title='bbox 1391 2634 1488 2682; x_wconf 88' lang='grc'>258]</span> 
     </span>
     <span class='ocr_line' id='line_1_48' title="bbox 211 2682 1490 2732; baseline 0.004 -6"><span class='ocrx_word' id='word_1_336' title='bbox 211 2682 240 2732; x_wconf 86' lang='grc'>8</span> <span class='ocrx_word' id='word_1_337' title='bbox 273 2683 397 2727; x_wconf 91' lang='lat' dir='ltr'><strong>Idem</strong></span> <span class='ocrx_word' id='word_1_338' title='bbox 426 2684 515 2727; x_wconf 91' lang='lat' dir='ltr'><strong>AA.</strong></span> <span class='ocrx_word' id='word_1_339' title='bbox 557 2690 601 2727; x_wconf 89' lang='lat' dir='ltr'><strong>et</strong></span> <span class='ocrx_word' id='word_1_340' title='bbox 638 2683 680 2727; x_wconf 89' lang='lat' dir='ltr'><strong>C.</strong></span> <span class='ocrx_word' id='word_1_341' title='bbox 718 2682 914 2727; x_wconf 86' lang='lat' dir='ltr'><strong>Marino.</strong></span> <span class='ocrx_word' id='word_1_342' title='bbox 990 2685 1037 2728; x_wconf 85' lang='lat' dir='ltr'><strong>Si</strong></span> <span class='ocrx_word' id='word_1_343' title='bbox 1079 2685 1218 2730; x_wconf 83' lang='lat' dir='ltr'><strong>falsos</strong></span> <span class='ocrx_word' id='word_1_344' title='bbox 1265 2686 1490 2731; x_wconf 88' lang='lat' dir='ltr'><strong>codicillos</strong></span> 
     </span>
     <span class='ocr_line' id='line_1_49' title="bbox 156 2739 1489 2796; baseline 0.002 -13"><span class='ocrx_word' id='word_1_345' title='bbox 156 2742 211 2783; x_wconf 88' lang='lat' dir='ltr'><strong>ab</strong></span> <span class='ocrx_word' id='word_1_346' title='bbox 250 2740 320 2783; x_wconf 90' lang='lat' dir='ltr'><strong>his</strong></span> <span class='ocrx_word' id='word_1_347' title='bbox 360 2745 515 2784; x_wconf 91' lang='lat' dir='ltr'><strong>contra</strong></span> <span class='ocrx_word' id='word_1_348' title='bbox 551 2752 661 2794; x_wconf 91' lang='lat' dir='ltr'><strong>quos</strong></span> <span class='ocrx_word' id='word_1_349' title='bbox 691 2739 915 2795; x_wconf 89' lang='lat' dir='ltr'><strong>supplicas</strong></span> <span class='ocrx_word' id='word_1_350' title='bbox 944 2740 1089 2784; x_wconf 87' lang='lat' dir='ltr'><strong>factos</strong></span> <span class='ocrx_word' id='word_1_351' title='bbox 1120 2754 1216 2786; x_wconf 89' lang='lat' dir='ltr'><strong>esse</strong></span> <span class='ocrx_word' id='word_1_352' title='bbox 1247 2743 1489 2796; x_wconf 88' lang='lat' dir='ltr'><strong>contendis,</strong></span> 
     </span>
     <span class='ocr_line' id='line_1_50' title="bbox 154 2795 1491 2854; baseline 0.004 -16"><span class='ocrx_word' id='word_1_353' title='bbox 154 2810 241 2839; x_wconf 89' lang='lat' dir='ltr'><strong>non</strong></span> <span class='ocrx_word' id='word_1_354' title='bbox 284 2795 383 2839; x_wconf 90' lang='lat' dir='ltr'><strong>ideo</strong></span> <span class='ocrx_word' id='word_1_355' title='bbox 428 2795 756 2840; x_wconf 90' lang='lat' dir='ltr'><strong>accusationem</strong></span> <span class='ocrx_word' id='word_1_356' title='bbox 801 2796 984 2839; x_wconf 88' lang='lat' dir='ltr'><strong>evadere</strong></span> <span class='ocrx_word' id='word_1_357' title='bbox 1027 2802 1235 2852; x_wconf 88' lang='lat' dir='ltr'><strong>possunt,</strong></span> <span class='ocrx_word' id='word_1_358' title='bbox 1282 2798 1400 2854; x_wconf 91' lang='lat' dir='ltr'><strong>quod</strong></span> <span class='ocrx_word' id='word_1_359' title='bbox 1443 2812 1491 2843; x_wconf 88' lang='lat' dir='ltr'><strong>sc</strong></span> 
     </span>
     <span class='ocr_line' id='line_1_51' title="bbox 154 2851 1491 2908; baseline 0.002 -13"><span class='ocrx_word' id='word_1_360' title='bbox 154 2852 241 2895; x_wconf 88' lang='lat' dir='ltr'><strong>illis</strong></span> <span class='ocrx_word' id='word_1_361' title='bbox 279 2856 442 2905; x_wconf 85' lang='lat' dir='ltr'><strong>negent</strong></span> <span class='ocrx_word' id='word_1_362' title='bbox 478 2851 556 2895; x_wconf 92' lang='lat' dir='ltr'><strong>uti.</strong></span> <span class='ocrx_word' id='word_1_363' title='bbox 617 2864 718 2895; x_wconf 91' lang='lat' dir='ltr'><strong>nam</strong></span> <span class='ocrx_word' id='word_1_364' title='bbox 754 2851 842 2896; x_wconf 89' lang='lat' dir='ltr'><strong>illis</strong></span> <span class='ocrx_word' id='word_1_365' title='bbox 880 2852 1062 2908; x_wconf 89' lang='lat' dir='ltr'><strong>prodest</strong></span> <span class='ocrx_word' id='word_1_366' title='bbox 1095 2853 1377 2898; x_wconf 89' lang='lat' dir='ltr'><strong>instrumenti</strong></span> <span class='ocrx_word' id='word_1_367' title='bbox 1407 2867 1491 2898; x_wconf 92' lang='lat' dir='ltr'><strong>usu</strong></span> 
     </span>
     <span class='ocr_line' id='line_1_52' title="bbox 155 2907 1489 2964; baseline 0.002 -14"><span class='ocrx_word' id='word_1_368' title='bbox 155 2907 397 2958; x_wconf 89' lang='lat' dir='ltr'><strong>abstinere,</strong></span> <span class='ocrx_word' id='word_1_369' title='bbox 435 2907 510 2962; x_wconf 91' lang='lat' dir='ltr'><strong>qui</strong></span> <span class='ocrx_word' id='word_1_370' title='bbox 548 2920 636 2951; x_wconf 92' lang='lat' dir='ltr'><strong>non</strong></span> <span class='ocrx_word' id='word_1_371' title='bbox 674 2907 761 2964; x_wconf 91' lang='lat' dir='ltr'><strong>ipsi</strong></span> <span class='ocrx_word' id='word_1_372' title='bbox 797 2908 1124 2954; x_wconf 86' lang='lat' dir='ltr'><strong>machinatores</strong></span> <span class='ocrx_word' id='word_1_373' title='bbox 1162 2910 1268 2954; x_wconf 88' lang='lat' dir='ltr'><strong>falsi</strong></span> <span class='ocrx_word' id='word_1_374' title='bbox 1297 2922 1395 2955; x_wconf 86' lang='lat' dir='ltr'><strong>esse</strong></span> <span class='ocrx_word' id='word_1_375' title='bbox 1425 2910 1489 2954; x_wconf 92' lang='lat' dir='ltr'><strong>di-</strong></span> 
     </span>
     <span class='ocr_line' id='line_1_53' title="bbox 154 2963 1492 3023; baseline 0.003 -18"><span class='ocrx_word' id='word_1_376' title='bbox 154 2968 314 3007; x_wconf 88' lang='lat' dir='ltr'><strong>cuntur</strong></span> <span class='ocrx_word' id='word_1_377' title='bbox 342 2968 386 3006; x_wconf 91' lang='lat' dir='ltr'><strong>et</strong></span> <span class='ocrx_word' id='word_1_378' title='bbox 416 2975 523 3018; x_wconf 91' lang='lat' dir='ltr'><strong>quos</strong></span> <span class='ocrx_word' id='word_1_379' title='bbox 554 2963 751 3019; x_wconf 90' lang='lat' dir='ltr'><strong>periculo</strong></span> <span class='ocrx_word' id='word_1_380' title='bbox 782 2964 904 3009; x_wconf 91' lang='lat' dir='ltr'><strong>solus</strong></span> <span class='ocrx_word' id='word_1_381' title='bbox 934 2977 1042 3009; x_wconf 89' lang='lat' dir='ltr'><strong>usus</strong></span> <span class='ocrx_word' id='word_1_382' title='bbox 1073 2965 1373 3010; x_wconf 87' lang='lat' dir='ltr'><strong>adstrinxerit.</strong></span> <span class='ocrx_word' id='word_1_383' title='bbox 1416 2967 1492 3023; x_wconf 92' lang='lat' dir='ltr'><strong>qui</strong></span> 
     </span>
     <span class='ocr_line' id='line_1_54' title="bbox 153 3019 1491 3075; baseline 0.002 -12"><span class='ocrx_word' id='word_1_384' title='bbox 153 3022 299 3063; x_wconf 88' lang='lat' dir='ltr'><strong>autem</strong></span> <span class='ocrx_word' id='word_1_385' title='bbox 330 3019 582 3075; x_wconf 88' lang='lat' dir='ltr'><strong>compositis</strong></span> <span class='ocrx_word' id='word_1_386' title='bbox 611 3033 692 3075; x_wconf 92' lang='lat' dir='ltr'><strong>per</strong></span> <span class='ocrx_word' id='word_1_387' title='bbox 721 3020 864 3064; x_wconf 91' lang='lat' dir='ltr'><strong>scelus</strong></span> <span class='ocrx_word' id='word_1_388' title='bbox 895 3020 1109 3065; x_wconf 91' lang='lat' dir='ltr'><strong>codicillis</strong></span> <span class='ocrx_word' id='word_1_389' title='bbox 1137 3022 1184 3066; x_wconf 91' lang='lat' dir='ltr'><strong>in</strong></span> <span class='ocrx_word' id='word_1_390' title='bbox 1215 3022 1491 3067; x_wconf 86' lang='lat' dir='ltr'><strong>severitatem</strong></span> 
     </span>
     <span class='ocr_line' id='line_1_55' title="bbox 152 3074 1492 3130; baseline 0.004 -12"><span class='ocrx_word' id='word_1_391' title='bbox 152 3075 259 3130; x_wconf 90' lang='lat' dir='ltr'><strong>legis</strong></span> <span class='ocrx_word' id='word_1_392' title='bbox 291 3074 521 3119; x_wconf 87' lang='lat' dir='ltr'><strong>Corneliae</strong></span> <span class='ocrx_word' id='word_1_393' title='bbox 548 3075 821 3127; x_wconf 87' lang='lat' dir='ltr'><strong>inciderunt,</strong></span> <span class='ocrx_word' id='word_1_394' title='bbox 857 3090 948 3121; x_wconf 89' lang='lat' dir='ltr'><strong>non</strong></span> <span class='ocrx_word' id='word_1_395' title='bbox 1016 3081 1175 3122; x_wconf 88' lang='lat' dir='ltr'><strong>ossunt</strong></span> <span class='ocrx_word' id='word_1_396' title='bbox 1212 3078 1492 3123; x_wconf 88' lang='lat' dir='ltr'><strong>defensiones</strong></span> 
     </span>
     <span class='ocr_line' id='line_1_56' title="bbox 153 3131 1491 3179; baseline 0.004 -5"><span class='ocrx_word' id='word_1_397' title='bbox 153 3132 246 3175; x_wconf 88' lang='lat' dir='ltr'><strong>eius</strong></span> <span class='ocrx_word' id='word_1_398' title='bbox 273 3131 518 3175; x_wconf 89' lang='lat' dir='ltr'><strong>recusando</strong></span> <span class='ocrx_word' id='word_1_399' title='bbox 550 3131 715 3176; x_wconf 90' lang='lat' dir='ltr'><strong>crimen</strong></span> <span class='ocrx_word' id='word_1_400' title='bbox 748 3132 924 3176; x_wconf 86' lang='lat' dir='ltr'><strong>evitare.</strong></span> <span class='ocrx_word' id='word_1_401' title='bbox 1027 3133 1078 3177; x_wconf 91' lang='lat' dir='ltr'><strong>P.</strong></span> <span class='ocrx_word' id='word_1_402' title='bbox 1112 3146 1180 3178; x_wconf 80' lang='grc' dir='ltr'><strong>ΙΙΙ</strong></span> <span class='ocrx_word' id='word_1_403' title='bbox 1213 3133 1256 3178; x_wconf 82' lang='lat' dir='ltr'><strong>lc.</strong></span> <span class='ocrx_word' id='word_1_404' title='bbox 1289 3134 1375 3179; x_wconf 84' lang='lat' dir='ltr'><strong>Iul.</strong></span> <span class='ocrx_word' id='word_1_405' title='bbox 1408 3137 1491 3179; x_wconf 89' lang='lat' dir='ltr'><strong>Ae-</strong></span> 
     </span>
     <span class='ocr_line' id='line_1_57' title="bbox 154 3187 1490 3243; baseline 0.004 -14"><span class='ocrx_word' id='word_1_406' title='bbox 154 3187 335 3230; x_wconf 85' lang='lat' dir='ltr'><strong>miliano</strong></span> <span class='ocrx_word' id='word_1_407' title='bbox 366 3194 408 3230; x_wconf 86' lang='lat' dir='ltr'><strong>et</strong></span> <span class='ocrx_word' id='word_1_408' title='bbox 437 3187 586 3231; x_wconf 87' lang='lat' dir='ltr'><strong>Basso</strong></span> <span class='ocrx_word' id='word_1_409' title='bbox 618 3201 761 3232; x_wconf 85' lang='lat' dir='ltr'><strong>conss.</strong></span> <span class='ocrx_word' id='word_1_410' title='bbox 1302 3195 1358 3243; x_wconf 92' lang='lat' dir='ltr'><strong>[a.</strong></span> <span class='ocrx_word' id='word_1_411' title='bbox 1393 3195 1490 3242; x_wconf 88' lang='grc'>259]</span> 
     </span>
     <span class='ocr_line' id='line_1_58' title="bbox 210 3240 1494 3307; baseline 0.002 -19"><span class='ocrx_word' id='word_1_412' title='bbox 210 3240 241 3288; x_wconf 80' lang='grc'>9</span> <span class='ocrx_word' id='word_1_413' title='bbox 275 3242 417 3307; x_wconf 74' lang='lat' dir='ltr'><strong>Impp.</strong></span> <span class='ocrx_word' id='word_1_414' title='bbox 452 3242 641 3287; x_wconf 84' lang='lat' dir='ltr'><strong>Carinus</strong></span> <span class='ocrx_word' id='word_1_415' title='bbox 672 3249 718 3287; x_wconf 85' lang='lat' dir='ltr'><strong>et</strong></span> <span class='ocrx_word' id='word_1_416' title='bbox 744 3244 1047 3290; x_wconf 78' lang='lat' dir='ltr'><strong>Numerianus</strong></span> <span class='ocrx_word' id='word_1_417' title='bbox 1077 3246 1168 3290; x_wconf 89' lang='lat' dir='ltr'><strong>AA.</strong></span> <span class='ocrx_word' id='word_1_418' title='bbox 1201 3245 1381 3291; x_wconf 78' lang='lat' dir='ltr'><strong>Messio.</strong></span> <span class='ocrx_word' id='word_1_419' title='bbox 1443 3246 1494 3291; x_wconf 86' lang='lat' dir='ltr'><strong>Si</strong></span> 
     </span>
     <span class='ocr_line' id='line_1_59' title="bbox 156 3297 1492 3356; baseline 0.005 -17"><span class='ocrx_word' id='word_1_420' title='bbox 156 3297 357 3341; x_wconf 89' lang='lat' dir='ltr'><strong>docuer1s</strong></span> <span class='ocrx_word' id='word_1_421' title='bbox 398 3298 514 3353; x_wconf 88' lang='lat' dir='ltr'><strong>apud</strong></span> <span class='ocrx_word' id='word_1_422' title='bbox 551 3300 796 3354; x_wconf 86' lang='lat' dir='ltr'><strong>praesidem</strong></span> <span class='ocrx_word' id='word_1_423' title='bbox 834 3301 1087 3356; x_wconf 85' lang='lat' dir='ltr'><strong>provinciae</strong></span> <span class='ocrx_word' id='word_1_424' title='bbox 1116 3303 1172 3347; x_wconf 92' lang='lat' dir='ltr'><strong>ab</strong></span> <span class='ocrx_word' id='word_1_425' title='bbox 1203 3303 1416 3348; x_wconf 89' lang='lat' dir='ltr'><strong>intestato</strong></span> <span class='ocrx_word' id='word_1_426' title='bbox 1446 3307 1492 3346; x_wconf 94' lang='lat' dir='ltr'><strong>te</strong></span> 
     </span>
     <span class='ocr_line' id='line_1_60' title="bbox 155 3353 1490 3418; baseline 0.007 -24"><span class='ocrx_word' id='word_1_427' title='bbox 155 3353 357 3418; x_wconf 73' lang='lat' dir='ltr'><strong>heredem</strong></span> <span class='ocrx_word' id='word_1_428' title='bbox 388 3354 480 3396; x_wconf 90' lang='lat' dir='ltr'><strong>eius</strong></span> <span class='ocrx_word' id='word_1_429' title='bbox 511 3355 719 3407; x_wconf 85' lang='lat' dir='ltr'><strong>extitisse,</strong></span> <span class='ocrx_word' id='word_1_430' title='bbox 751 3357 827 3411; x_wconf 90' lang='lat' dir='ltr'><strong>qui</strong></span> <span class='ocrx_word' id='word_1_431' title='bbox 856 3357 1083 3402; x_wconf 85' lang='lat' dir='ltr'><strong>codicillos</strong></span> <span class='ocrx_word' id='word_1_432' title='bbox 1113 3358 1378 3415; x_wconf 88' lang='lat' dir='ltr'><strong>scripserat,</strong></span> <span class='ocrx_word' id='word_1_433' title='bbox 1419 3373 1490 3403; x_wconf 86' lang='lat' dir='ltr'><strong>or-</strong></span> 
     </span>
     <span class='ocr_line' id='line_1_61' title="bbox 157 3408 1489 3468; baseline 0.006 -18"><span class='ocrx_word' id='word_1_434' title='bbox 157 3408 372 3452; x_wconf 78' lang='lat' dir='ltr'><strong>dlnarium</strong></span> <span class='ocrx_word' id='word_1_435' title='bbox 403 3414 489 3460; x_wconf 87' lang='lat' dir='ltr'><strong>est,</strong></span> <span class='ocrx_word' id='word_1_436' title='bbox 527 3415 577 3452; x_wconf 82' lang='lat' dir='ltr'><strong>ut</strong></span> <span class='ocrx_word' id='word_1_437' title='bbox 603 3411 650 3453; x_wconf 92' lang='lat' dir='ltr'><strong>in</strong></span> <span class='ocrx_word' id='word_1_438' title='bbox 679 3412 934 3456; x_wconf 89' lang='lat' dir='ltr'><strong>hereditatis</strong></span> <span class='ocrx_word' id='word_1_439' title='bbox 964 3414 1244 3468; x_wconf 88' lang='lat' dir='ltr'><strong>possessione</strong></span> <span class='ocrx_word' id='word_1_440' title='bbox 1275 3416 1489 3459; x_wconf 89' lang='lat' dir='ltr'><strong>constitu-</strong></span> 
     </span>
     <span class='ocr_line' id='line_1_62' title="bbox 154 3463 1489 3525; baseline 0.007 -18"><span class='ocrx_word' id='word_1_441' title='bbox 154 3470 226 3508; x_wconf 89' lang='lat' dir='ltr'><strong>tus</strong></span> <span class='ocrx_word' id='word_1_442' title='bbox 264 3463 601 3509; x_wconf 86' lang='lat' dir='ltr'><strong>fideicommissa</strong></span> <span class='ocrx_word' id='word_1_443' title='bbox 639 3468 877 3521; x_wconf 88' lang='lat' dir='ltr'><strong>praebeas,</strong></span> <span class='ocrx_word' id='word_1_444' title='bbox 919 3483 1031 3524; x_wconf 89' lang='lat' dir='ltr'><strong>quae</strong></span> <span class='ocrx_word' id='word_1_445' title='bbox 1060 3470 1157 3514; x_wconf 90' lang='lat' dir='ltr'><strong>iure</strong></span> <span class='ocrx_word' id='word_1_446' title='bbox 1186 3471 1342 3515; x_wconf 90' lang='lat' dir='ltr'><strong>relicta</strong></span> <span class='ocrx_word' id='word_1_447' title='bbox 1372 3476 1489 3525; x_wconf 88' lang='lat' dir='ltr'><strong>sunt,</strong></span> 
     </span>
     <span class='ocr_line' id='line_1_63' title="bbox 162 3519 1491 3583; baseline 0.008 -21"><span class='ocrx_word' id='word_1_448' title='bbox 162 3526 176 3563; x_wconf 90' lang='lat'>1</span> <span class='ocrx_word' id='word_1_449' title='bbox 241 3519 327 3563; x_wconf 90' lang='lat' dir='ltr'><strong>nisi</strong></span> <span class='ocrx_word' id='word_1_450' title='bbox 356 3520 585 3563; x_wconf 90' lang='lat' dir='ltr'><strong>consilium</strong></span> <span class='ocrx_word' id='word_1_451' title='bbox 615 3525 683 3564; x_wconf 89' lang='lat' dir='ltr'><strong>est</strong></span> <span class='ocrx_word' id='word_1_452' title='bbox 708 3523 932 3567; x_wconf 88' lang='lat' dir='ltr'><strong>codicillos</strong></span> <span class='ocrx_word' id='word_1_453' title='bbox 959 3524 1095 3570; x_wconf 88' lang='lat' dir='ltr'><strong>falsos</strong></span> <span class='ocrx_word' id='word_1_454' title='bbox 1120 3540 1316 3583; x_wconf 87' lang='lat' dir='ltr'><strong>arguere.</strong></span> <span class='ocrx_word' id='word_1_455' title='bbox 1363 3527 1491 3582; x_wconf 78' lang='lat' dir='ltr'><strong>Quod</strong></span> 
     </span>
     <span class='ocr_line' id='line_1_64' title="bbox 156 3575 1489 3640; baseline 0.008 -21"><span class='ocrx_word' id='word_1_456' title='bbox 156 3577 194 3619; x_wconf 87' lang='lat' dir='ltr'><strong>si</strong></span> <span class='ocrx_word' id='word_1_457' title='bbox 224 3575 508 3620; x_wconf 85' lang='lat' dir='ltr'><strong>criminaliter</strong></span> <span class='ocrx_word' id='word_1_458' title='bbox 539 3582 741 3632; x_wconf 91' lang='lat' dir='ltr'><strong>coeptum</strong></span> <span class='ocrx_word' id='word_1_459' title='bbox 770 3579 1018 3624; x_wconf 89' lang='lat' dir='ltr'><strong>interventu</strong></span> <span class='ocrx_word' id='word_1_460' title='bbox 1046 3582 1347 3639; x_wconf 87' lang='lat' dir='ltr'><strong>indulgentiae</strong></span> <span class='ocrx_word' id='word_1_461' title='bbox 1371 3583 1489 3640; x_wconf 84' lang='lat' dir='ltr'><strong>sopi-</strong></span> 
     </span>
     <span class='ocr_line' id='line_1_65' title="bbox 155 3632 1491 3695; baseline 0.006 -21"><span class='ocrx_word' id='word_1_462' title='bbox 155 3638 249 3675; x_wconf 87' lang='lat' dir='ltr'><strong>tum</strong></span> <span class='ocrx_word' id='word_1_463' title='bbox 279 3636 359 3684; x_wconf 91' lang='lat' dir='ltr'><strong>est,</strong></span> <span class='ocrx_word' id='word_1_464' title='bbox 390 3632 527 3676; x_wconf 88' lang='lat' dir='ltr'><strong>habes</strong></span> <span class='ocrx_word' id='word_1_465' title='bbox 556 3636 702 3675; x_wconf 83' lang='lat' dir='ltr'><strong>tamen</strong></span> <span class='ocrx_word' id='word_1_466' title='bbox 731 3634 948 3678; x_wconf 85' lang='lat' dir='ltr'><strong>residuam</strong></span> <span class='ocrx_word' id='word_1_467' title='bbox 972 3636 1075 3681; x_wconf 88' lang='lat' dir='ltr'><strong>inda</strong></span> <span class='ocrx_word' id='word_1_468' title='bbox 1106 3639 1311 3693; x_wconf 91' lang='lat' dir='ltr'><strong>ationem,</strong></span> <span class='ocrx_word' id='word_1_469' title='bbox 1342 3643 1491 3695; x_wconf 82' lang='lat' dir='ltr'><strong>potest</strong></span> 
     </span>
     <span class='ocr_line' id='line_1_66' title="bbox 157 3687 1486 3754; baseline 0.006 -23"><span class='ocrx_word' id='word_1_470' title='bbox 157 3688 212 3731; x_wconf 90' lang='lat' dir='ltr'><strong>de</strong></span> <span class='ocrx_word' id='word_1_471' title='bbox 239 3687 326 3731; x_wconf 86' lang='lat' dir='ltr'><strong>fide</strong></span> <span class='ocrx_word' id='word_1_472' title='bbox 356 3687 601 3742; x_wconf 87' lang='lat' dir='ltr'><strong>scripturae</strong></span> <span class='ocrx_word' id='word_1_473' title='bbox 631 3688 815 3733; x_wconf 85' lang='lat' dir='ltr'><strong>civiliter</strong></span> <span class='ocrx_word' id='word_1_474' title='bbox 844 3693 1007 3746; x_wconf 90' lang='lat' dir='ltr'><strong>quaeri.</strong></span> <span class='ocrx_word' id='word_1_475' title='bbox 1110 3694 1161 3737; x_wconf 91' lang='lat' dir='ltr'><strong>P.</strong></span> <span class='ocrx_word' id='word_1_476' title='bbox 1190 3707 1258 3738; x_wconf 79' lang='grc' dir='ltr'><strong>[η</strong></span> <span class='ocrx_word' id='word_1_477' title='bbox 1283 3695 1323 3738; x_wconf 79' lang='lat' dir='ltr'><strong>lc.</strong></span> <span class='ocrx_word' id='word_1_478' title='bbox 1342 3695 1486 3754; x_wconf 79' lang='lat' dir='ltr'><strong>April.</strong></span> 
     </span>
     <span class='ocr_line' id='line_1_67' title="bbox 160 3742 1488 3804; baseline 0.009 -20"><span class='ocrx_word' id='word_1_479' title='bbox 160 3742 322 3786; x_wconf 86' lang='lat' dir='ltr'><strong>Carino</strong></span> <span class='ocrx_word' id='word_1_480' title='bbox 354 3754 399 3785; x_wconf 81' lang='grc' dir='ltr'><strong>ΙΙ</strong></span> <span class='ocrx_word' id='word_1_481' title='bbox 428 3749 472 3786; x_wconf 84' lang='lat' dir='ltr'><strong>et</strong></span> <span class='ocrx_word' id='word_1_482' title='bbox 502 3742 772 3788; x_wconf 78' lang='lat' dir='ltr'><strong>Numeriano</strong></span> <span class='ocrx_word' id='word_1_483' title='bbox 802 3747 892 3790; x_wconf 84' lang='lat' dir='ltr'><strong>AA.</strong></span> <span class='ocrx_word' id='word_1_484' title='bbox 924 3761 1063 3793; x_wconf 81' lang='lat' dir='ltr'><strong>conss.</strong></span> <span class='ocrx_word' id='word_1_485' title='bbox 1303 3756 1357 3804; x_wconf 90' lang='lat' dir='ltr'><strong>[a.</strong></span> <span class='ocrx_word' id='word_1_486' title='bbox 1391 3755 1488 3803; x_wconf 86' lang='lat'>284]</span> 
     </span>
     <span class='ocr_line' id='line_1_68' title="bbox 186 3797 1489 3865; baseline 0.01 -27"><span class='ocrx_word' id='word_1_487' title='bbox 186 3797 280 3861; x_wconf 31' lang='grc'><strong>,10</strong></span> <span class='ocrx_word' id='word_1_488' title='bbox 311 3797 455 3854; x_wconf 79' lang='lat' dir='ltr'><strong>Impp.</strong></span> <span class='ocrx_word' id='word_1_489' title='bbox 486 3797 792 3844; x_wconf 80' lang='lat' dir='ltr'><strong>Diocletianus</strong></span> <span class='ocrx_word' id='word_1_490' title='bbox 829 3808 874 3845; x_wconf 85' lang='lat' dir='ltr'><strong>et</strong></span> <span class='ocrx_word' id='word_1_491' title='bbox 900 3802 1208 3850; x_wconf 80' lang='lat' dir='ltr'><strong>Maximianus</strong></span> <span class='ocrx_word' id='word_1_492' title='bbox 1237 3808 1329 3851; x_wconf 89' lang='lat' dir='ltr'><strong>AA.</strong></span> <span class='ocrx_word' id='word_1_493' title='bbox 1360 3807 1489 3865; x_wconf 72' lang='lat' dir='ltr'><strong>Leqi-</strong></span> 
     </span>
     <span class='ocr_line' id='line_1_69' title="bbox 160 3853 1490 3918; baseline 0.008 -24"><span class='ocrx_word' id='word_1_494' title='bbox 160 3860 278 3896; x_wconf 75' lang='lat' dir='ltr'><strong>timo.</strong></span> <span class='ocrx_word' id='word_1_495' title='bbox 333 3853 441 3896; x_wconf 90' lang='lat' dir='ltr'><strong>Cum</strong></span> <span class='ocrx_word' id='word_1_496' title='bbox 470 3855 686 3910; x_wconf 87' lang='lat' dir='ltr'><strong>suppositi</strong></span> <span class='ocrx_word' id='word_1_497' title='bbox 712 3862 868 3911; x_wconf 87' lang='lat' dir='ltr'><strong>partus</strong></span> <span class='ocrx_word' id='word_1_498' title='bbox 900 3859 1061 3904; x_wconf 90' lang='lat' dir='ltr'><strong>crimen</strong></span> <span class='ocrx_word' id='word_1_499' title='bbox 1091 3863 1240 3918; x_wconf 88' lang='lat' dir='ltr'><strong>patrui</strong></span> <span class='ocrx_word' id='word_1_500' title='bbox 1267 3862 1335 3907; x_wconf 92' lang='lat' dir='ltr'><strong>tui</strong></span> <span class='ocrx_word' id='word_1_501' title='bbox 1362 3863 1490 3907; x_wconf 85' lang='lat' dir='ltr'><strong>uxori</strong></span> 
     </span>
     <span class='ocr_line' id='line_1_70' title="bbox 158 3909 1487 3973; baseline 0.011 -23"><span class='ocrx_word' id='word_1_502' title='bbox 158 3921 355 3973; x_wconf 76' lang='lat' dir='ltr'><strong>moveas,</strong></span> <span class='ocrx_word' id='word_1_503' title='bbox 394 3909 512 3963; x_wconf 90' lang='lat' dir='ltr'><strong>apud</strong></span> <span class='ocrx_word' id='word_1_504' title='bbox 547 3915 760 3955; x_wconf 88' lang='lat' dir='ltr'><strong>rectorem</strong></span> <span class='ocrx_word' id='word_1_505' title='bbox 788 3914 1039 3968; x_wconf 88' lang='lat' dir='ltr'><strong>provinciae</strong></span> <span class='ocrx_word' id='word_1_506' title='bbox 1066 3917 1274 3962; x_wconf 88' lang='lat' dir='ltr'><strong>instituta</strong></span> <span class='ocrx_word' id='word_1_507' title='bbox 1303 3931 1487 3963; x_wconf 87' lang='lat' dir='ltr'><strong>accusa-</strong></span> 
     </span>
     <span class='ocr_line' id='line_1_71' title="bbox 159 3963 1492 4027; baseline 0.009 -22"><span class='ocrx_word' id='word_1_508' title='bbox 159 3969 277 4007; x_wconf 86' lang='lat' dir='ltr'><strong>tione</strong></span> <span class='ocrx_word' id='word_1_509' title='bbox 304 3963 358 4027; x_wconf 33' lang='lat' dir='ltr'><strong>‚id</strong></span> <span class='ocrx_word' id='word_1_510' title='bbox 426 3964 548 4008; x_wconf 88' lang='lat' dir='ltr'><strong>roba.</strong></span> <span class='ocrx_word' id='word_1_511' title='bbox 616 3965 709 4010; x_wconf 89' lang='grc' dir='ltr'><strong>ΡΡ.</strong></span> <span class='ocrx_word' id='word_1_512' title='bbox 741 3979 799 4011; x_wconf 76' lang='lat' dir='ltr'><strong>x!</strong></span> <span class='ocrx_word' id='word_1_513' title='bbox 831 3968 872 4012; x_wconf 82' lang='lat' dir='ltr'><strong>lc.</strong></span> <span class='ocrx_word' id='word_1_514' title='bbox 908 3969 999 4014; x_wconf 86' lang='lat' dir='ltr'><strong>Oct.</strong></span> <span class='ocrx_word' id='word_1_515' title='bbox 1041 3972 1322 4019; x_wconf 83' lang='lat' dir='ltr'><strong>Diocletiano</strong></span> <span class='ocrx_word' id='word_1_516' title='bbox 1363 3977 1413 4019; x_wconf 88' lang='lat' dir='ltr'><strong>A.</strong></span> <span class='ocrx_word' id='word_1_517' title='bbox 1448 3987 1492 4018; x_wconf 87' lang='lat' dir='ltr'><strong>Il</strong></span> 
     </span>
     <span class='ocr_line' id='line_1_72' title="bbox 161 4019 1487 4083; baseline 0.005 -21"><span class='ocrx_word' id='word_1_518' title='bbox 161 4026 203 4062; x_wconf 92' lang='lat' dir='ltr'><strong>et</strong></span> <span class='ocrx_word' id='word_1_519' title='bbox 231 4019 381 4063; x_wconf 72' lang='lat' dir='ltr'><strong>Aristo</strong></span> <span class='ocrx_word' id='word_1_520' title='bbox 444 4020 487 4063; x_wconf 90' lang='lat' dir='ltr'><strong>lo</strong></span> <span class='ocrx_word' id='word_1_521' title='bbox 517 4034 658 4065; x_wconf 83' lang='lat' dir='ltr'><strong>conss.</strong></span> <span class='ocrx_word' id='word_1_522' title='bbox 1301 4035 1355 4083; x_wconf 62' lang='lat' dir='ltr'><strong>[a.</strong></span> <span class='ocrx_word' id='word_1_523' title='bbox 1390 4034 1487 4082; x_wconf 85' lang='lat'>285]</span> 
     </span>
     <span class='ocr_line' id='line_1_73' title="bbox 220 4072 1489 4143; baseline 0.011 -25"><span class='ocrx_word' id='word_1_524' title='bbox 220 4072 275 4119; x_wconf 88' lang='lat'><strong>11</strong></span> <span class='ocrx_word' id='word_1_525' title='bbox 321 4073 445 4139; x_wconf 79' lang='lat' dir='ltr'><strong>Idem</strong></span> <span class='ocrx_word' id='word_1_526' title='bbox 481 4077 570 4140; x_wconf 80' lang='lat' dir='ltr'><strong>AA.</strong></span> <span class='ocrx_word' id='word_1_527' title='bbox 617 4076 808 4123; x_wconf 84' lang='lat' dir='ltr'><strong>Isidoro.</strong></span> <span class='ocrx_word' id='word_1_528' title='bbox 882 4081 930 4124; x_wconf 85' lang='lat' dir='ltr'><strong>Si</strong></span> <span class='ocrx_word' id='word_1_529' title='bbox 972 4082 1025 4126; x_wconf 86' lang='lat' dir='ltr'><strong>lis</strong></span> <span class='ocrx_word' id='word_1_530' title='bbox 1069 4086 1326 4140; x_wconf 87' lang='lat' dir='ltr'><strong>pecuniaria</strong></span> <span class='ocrx_word' id='word_1_531' title='bbox 1369 4086 1489 4143; x_wconf 86' lang='lat' dir='ltr'><strong>apud</strong></span> 
     </span>
     <span class='ocr_line' id='line_1_74' title="bbox 160 4130 1486 4196; baseline 0.013 -25"><span class='ocrx_word' id='word_1_532' title='bbox 160 4130 582 4196; x_wconf 36' lang='lat' dir='ltr'><strong>pedaneos‘iudices</strong></span> <span class='ocrx_word' id='word_1_533' title='bbox 618 4135 800 4179; x_wconf 88' lang='lat' dir='ltr'><strong>remissa</strong></span> <span class='ocrx_word' id='word_1_534' title='bbox 837 4139 925 4190; x_wconf 91' lang='lat' dir='ltr'><strong>est,</strong></span> <span class='ocrx_word' id='word_1_535' title='bbox 965 4138 1094 4183; x_wconf 88' lang='lat' dir='ltr'><strong>etiam</strong></span> <span class='ocrx_word' id='word_1_536' title='bbox 1125 4142 1178 4185; x_wconf 91' lang='lat' dir='ltr'><strong>de</strong></span> <span class='ocrx_word' id='word_1_537' title='bbox 1206 4142 1292 4186; x_wconf 85' lang='lat' dir='ltr'><strong>fide</strong></span> <span class='ocrx_word' id='word_1_538' title='bbox 1321 4143 1486 4186; x_wconf 90' lang='lat' dir='ltr'><strong>instru-</strong></span> 
     </span>
     <span class='ocr_line' id='line_1_75' title="bbox 160 4186 1487 4256; baseline 0.013 -30"><span class='ocrx_word' id='word_1_539' title='bbox 160 4189 295 4228; x_wconf 85' lang='lat' dir='ltr'><strong>menti</strong></span> <span class='ocrx_word' id='word_1_540' title='bbox 325 4186 507 4229; x_wconf 81' lang='lat' dir='ltr'><strong>c1v111ter</strong></span> <span class='ocrx_word' id='word_1_541' title='bbox 536 4189 654 4243; x_wconf 90' lang='lat' dir='ltr'><strong>apud</strong></span> <span class='ocrx_word' id='word_1_542' title='bbox 688 4203 761 4235; x_wconf 91' lang='lat' dir='ltr'><strong>eos</strong></span> <span class='ocrx_word' id='word_1_543' title='bbox 801 4191 927 4235; x_wconf 86' lang='lat' dir='ltr'><strong>iuxta</strong></span> <span class='ocrx_word' id='word_1_544' title='bbox 965 4206 1225 4250; x_wconf 91' lang='lat' dir='ltr'><strong>responsum</strong></span> <span class='ocrx_word' id='word_1_545' title='bbox 1262 4198 1345 4241; x_wconf 90' lang='lat' dir='ltr'><strong>viri</strong></span> <span class='ocrx_word' id='word_1_546' title='bbox 1382 4212 1487 4256; x_wconf 92' lang='lat' dir='ltr'><strong>pru·</strong></span> 
     </span>
    </p>
   </div>
   <div class='ocr_carea' id='block_1_10' title="bbox 162 4326 1491 4611">
    <p class='ocr_par' dir='ltr' id='par_1_11' title="bbox 162 4326 1491 4611">
     <span class='ocr_line' id='line_1_76' title="bbox 162 4326 1491 4392; baseline 0.012 -28"><span class='ocrx_word' id='word_1_547' title='bbox 162 4326 212 4375; x_wconf 79' lang='lat'><strong>(1)</strong></span> <span class='ocrx_word' id='word_1_548' title='bbox 244 4326 418 4366; x_wconf 82' lang='lat' dir='ltr'><strong>ordinem</strong></span> <span class='ocrx_word' id='word_1_549' title='bbox 448 4341 479 4366; x_wconf 88' lang='lat' dir='ltr'><strong>c.</strong></span> <span class='ocrx_word' id='word_1_550' title='bbox 510 4336 529 4368; x_wconf 86' lang='grc'>3</span> <span class='ocrx_word' id='word_1_551' title='bbox 561 4338 597 4369; x_wconf 86' lang='lat' dir='ltr'><strong>et</strong></span> <span class='ocrx_word' id='word_1_552' title='bbox 626 4340 644 4370; x_wconf 78' lang='grc'>4</span> <span class='ocrx_word' id='word_1_553' title='bbox 674 4332 731 4371; x_wconf 88' lang='lat' dir='ltr'><strong>ad</strong></span> <span class='ocrx_word' id='word_1_554' title='bbox 759 4333 792 4373; x_wconf 87' lang='lat' dir='ltr'><em>C</em></span> <span class='ocrx_word' id='word_1_555' title='bbox 818 4343 854 4373; x_wconf 87' lang='lat' dir='ltr'><strong>et</strong></span> <span class='ocrx_word' id='word_1_556' title='bbox 877 4334 920 4374; x_wconf 87' lang='grc' dir='ltr'><em>Β</em></span> <span class='ocrx_word' id='word_1_557' title='bbox 950 4337 1209 4377; x_wconf 77' lang='lat' dir='ltr'><strong>restituimus.-</strong></span> <span class='ocrx_word' id='word_1_558' title='bbox 1241 4341 1383 4392; x_wconf 82' lang='lat' dir='ltr'><strong>quibus</strong></span> <span class='ocrx_word' id='word_1_559' title='bbox 1414 4355 1491 4380; x_wconf 85' lang='lat' dir='ltr'><strong>non</strong></span> 
     </span>
     <span class='ocr_line' id='line_1_77' title="bbox 162 4382 1491 4437; baseline 0.014 -18"><span class='ocrx_word' id='word_1_560' title='bbox 162 4382 317 4421; x_wconf 79' lang='lat' dir='ltr'><strong>videtur</strong></span> <span class='ocrx_word' id='word_1_561' title='bbox 346 4384 500 4422; x_wconf 83' lang='lat' dir='ltr'><strong>obstare</strong></span> <span class='ocrx_word' id='word_1_562' title='bbox 527 4385 609 4424; x_wconf 83' lang='lat' dir='ltr'><strong>dies</strong></span> <span class='ocrx_word' id='word_1_563' title='bbox 634 4401 665 4427; x_wconf 90' lang='lat' dir='ltr'><strong>c.</strong></span> <span class='ocrx_word' id='word_1_564' title='bbox 693 4395 726 4437; x_wconf 87' lang='grc'><strong>3,</strong></span> <span class='ocrx_word' id='word_1_565' title='bbox 758 4403 841 4429; x_wconf 83' lang='lat' dir='ltr'><strong>cum</strong></span> <span class='ocrx_word' id='word_1_566' title='bbox 871 4391 957 4430; x_wconf 84' lang='lat' dir='ltr'><strong>veri</strong></span> <span class='ocrx_word' id='word_1_567' title='bbox 985 4391 1095 4431; x_wconf 78' lang='lat' dir='ltr'><strong>haud</strong></span> <span class='ocrx_word' id='word_1_568' title='bbox 1123 4396 1302 4436; x_wconf 80' lang='lat' dir='ltr'><strong>absimile</strong></span> <span class='ocrx_word' id='word_1_569' title='bbox 1330 4397 1383 4436; x_wconf 82' lang='lat' dir='ltr'><strong>sit</strong></span> <span class='ocrx_word' id='word_1_570' title='bbox 1406 4410 1491 4436; x_wconf 80' lang='lat' dir='ltr'><strong>eum</strong></span> 
     </span>
     <span class='ocr_line' id='line_1_78' title="bbox 163 4436 1490 4504; baseline 0.014 -30"><span class='ocrx_word' id='word_1_571' title='bbox 163 4438 213 4476; x_wconf 85' lang='lat' dir='ltr'><strong>ab</strong></span> <span class='ocrx_word' id='word_1_572' title='bbox 247 4436 486 4478; x_wconf 82' lang='lat' dir='ltr'><strong>Haloandro</strong></span> <span class='ocrx_word' id='word_1_573' title='bbox 516 4443 754 4483; x_wconf 83' lang='lat' dir='ltr'><strong>emendatum</strong></span> <span class='ocrx_word' id='word_1_574' title='bbox 785 4459 867 4485; x_wconf 76' lang='lat' dir='ltr'><strong>esse</strong></span> <span class='ocrx_word' id='word_1_575' title='bbox 898 4446 954 4486; x_wconf 85' lang='lat' dir='ltr'><strong>ad</strong></span> <span class='ocrx_word' id='word_1_576' title='bbox 981 4446 1083 4486; x_wconf 81' lang='lat' dir='ltr'><strong>diem</strong></span> <span class='ocrx_word' id='word_1_577' title='bbox 1118 4464 1148 4488; x_wconf 90' lang='lat' dir='ltr'><strong>c.</strong></span> <span class='ocrx_word' id='word_1_578' title='bbox 1181 4459 1214 4500; x_wconf 82' lang='grc'><strong>4,</strong></span> <span class='ocrx_word' id='word_1_579' title='bbox 1244 4466 1347 4504; x_wconf 82' lang='lat' dir='ltr'><strong>quae</strong></span> <span class='ocrx_word' id='word_1_580' title='bbox 1376 4459 1420 4491; x_wconf 82' lang='lat' dir='ltr'><strong>ut</strong></span> <span class='ocrx_word' id='word_1_581' title='bbox 1447 4452 1490 4492; x_wconf 83' lang='lat' dir='ltr'><strong>in</strong></span> 
     </span>
     <span class='ocr_line' id='line_1_79' title="bbox 163 4491 1490 4559; baseline 0.013 -28"><span class='ocrx_word' id='word_1_582' title='bbox 163 4491 204 4530; x_wconf 83' lang='lat' dir='ltr'><em>R</em></span> <span class='ocrx_word' id='word_1_583' title='bbox 234 4500 271 4532; x_wconf 80' lang='lat' dir='ltr'><strong>et</strong></span> <span class='ocrx_word' id='word_1_584' title='bbox 299 4493 387 4533; x_wconf 73' lang='lat' dir='ltr'><strong>edd.</strong></span> <span class='ocrx_word' id='word_1_585' title='bbox 446 4494 503 4533; x_wconf 81' lang='lat' dir='ltr'><strong>ita</strong></span> <span class='ocrx_word' id='word_1_586' title='bbox 532 4496 572 4535; x_wconf 83' lang='lat' dir='ltr'><strong>in</strong></span> <span class='ocrx_word' id='word_1_587' title='bbox 601 4497 841 4550; x_wconf 63' lang='lat' dir='ltr'><strong>Eqnatiano.</strong></span> <span class='ocrx_word' id='word_1_588' title='bbox 866 4515 898 4541; x_wconf 90' lang='lat' dir='ltr'><strong>c.</strong></span> <span class='ocrx_word' id='word_1_589' title='bbox 930 4509 950 4541; x_wconf 81' lang='grc'><strong>3</strong></span> <span class='ocrx_word' id='word_1_590' title='bbox 982 4507 1234 4545; x_wconf 77' lang='lat' dir='ltr'><strong>antecesserit</strong></span> <span class='ocrx_word' id='word_1_591' title='bbox 1331 4507 1385 4559; x_wconf 79' lang='grc'>(2)</span> <span class='ocrx_word' id='word_1_592' title='bbox 1416 4521 1490 4547; x_wconf 83' lang='lat' dir='ltr'><strong>nu-</strong></span> 
     </span>
     <span class='ocr_line' id='line_1_80' title="bbox 163 4548 1266 4611; baseline 0.015 -26"><span class='ocrx_word' id='word_1_593' title='bbox 163 4561 291 4587; x_wconf 81' lang='lat' dir='ltr'><strong>merus</strong></span> <span class='ocrx_word' id='word_1_594' title='bbox 321 4548 378 4589; x_wconf 80' lang='lat' dir='ltr'><strong>ad</strong></span> <span class='ocrx_word' id='word_1_595' title='bbox 406 4549 505 4589; x_wconf 79' lang='lat' dir='ltr'><strong>diem</strong></span> <span class='ocrx_word' id='word_1_596' title='bbox 535 4565 567 4592; x_wconf 90' lang='lat' dir='ltr'><strong>c.</strong></span> <span class='ocrx_word' id='word_1_597' title='bbox 600 4561 619 4592; x_wconf 78' lang='grc'>4</span> <span class='ocrx_word' id='word_1_598' title='bbox 650 4555 907 4607; x_wconf 77' lang='lat' dir='ltr'><strong>corriyendus</strong></span> <span class='ocrx_word' id='word_1_599' title='bbox 938 4565 995 4597; x_wconf 80' lang='lat' dir='ltr'><strong>est</strong></span> <span class='ocrx_word' id='word_1_600' title='bbox 1023 4559 1092 4611; x_wconf 75' lang='lat' dir='ltr'><strong>(cs.</strong></span> <span class='ocrx_word' id='word_1_601' title='bbox 1124 4569 1199 4599; x_wconf 83' lang='lat' dir='ltr'><strong>not.</strong></span> <span class='ocrx_word' id='word_1_602' title='bbox 1232 4561 1266 4611; x_wconf 92' lang='lat'><strong>1)</strong></span> 
     </span>
    </p>
   </div>
   <div class='ocr_carea' id='block_1_11' title="bbox 167 4601 459 4650">
    <p class='ocr_par' dir='ltr' id='par_1_12' title="bbox 167 4601 459 4650">
     <span class='ocr_line' id='line_1_81' title="bbox 167 4601 459 4650; baseline 0.014 -9"><span class='ocrx_word' id='word_1_603' title='bbox 167 4601 259 4650; x_wconf 79' lang='lat' dir='ltr'><strong>LR,</strong></span> <span class='ocrx_word' id='word_1_604' title='bbox 289 4606 388 4642; x_wconf 81' lang='lat' dir='ltr'><strong>tunc</strong></span> <span class='ocrx_word' id='word_1_605' title='bbox 423 4604 459 4645; x_wconf 82' lang='lat' dir='ltr'><em>C</em></span> 
     </span>
    </p>
   </div>
   <div class='ocr_carea' id='block_1_12' title="bbox 1571 345 2921 4254">
    <p class='ocr_par' dir='ltr' id='par_1_13' title="bbox 2722 345 2911 396">
     <span class='ocr_line' id='line_1_82' title="bbox 2722 345 2911 396; baseline -0.016 -9"><span class='ocrx_word' id='word_1_606' title='bbox 2722 348 2779 396; x_wconf 91' lang='lat' dir='ltr'><strong>[a.</strong></span> <span class='ocrx_word' id='word_1_607' title='bbox 2812 345 2911 395; x_wconf 84' lang='lat'>287]</span> 
     </span>
    </p>

    <p class='ocr_par' dir='ltr' id='par_1_14' title="bbox 1572 391 2914 637">
     <span class='ocr_line' id='line_1_83' title="bbox 1633 391 2912 450; baseline 0.004 -12"><span class='ocrx_word' id='word_1_608' title='bbox 1633 391 1697 438; x_wconf 87' lang='lat'><strong>12</strong></span> <span class='ocrx_word' id='word_1_609' title='bbox 1729 393 1854 438; x_wconf 88' lang='lat' dir='ltr'><strong>Idem</strong></span> <span class='ocrx_word' id='word_1_610' title='bbox 1883 395 1974 439; x_wconf 92' lang='lat' dir='ltr'><strong>AA.</strong></span> <span class='ocrx_word' id='word_1_611' title='bbox 2006 402 2051 440; x_wconf 84' lang='lat' dir='ltr'><strong>et</strong></span> <span class='ocrx_word' id='word_1_612' title='bbox 2081 395 2159 440; x_wconf 88' lang='grc'><strong>00.</strong></span> <span class='ocrx_word' id='word_1_613' title='bbox 2190 394 2360 439; x_wconf 83' lang='lat' dir='ltr'><strong>Primo.</strong></span> <span class='ocrx_word' id='word_1_614' title='bbox 2419 394 2625 450; x_wconf 80' lang='lat' dir='ltr'><strong>Querella</strong></span> <span class='ocrx_word' id='word_1_615' title='bbox 2660 397 2766 442; x_wconf 84' lang='lat' dir='ltr'><strong>falsi</strong></span> <span class='ocrx_word' id='word_1_616' title='bbox 2800 403 2912 443; x_wconf 88' lang='lat' dir='ltr'><strong>tem-</strong></span> 
     </span>
     <span class='ocr_line' id='line_1_84' title="bbox 1572 449 2911 507; baseline 0.005 -15"><span class='ocrx_word' id='word_1_617' title='bbox 1572 449 1800 506; x_wconf 89' lang='lat' dir='ltr'><strong>poralibus</strong></span> <span class='ocrx_word' id='word_1_618' title='bbox 1839 451 2265 507; x_wconf 85' lang='lat' dir='ltr'><strong>praescriptionibus</strong></span> <span class='ocrx_word' id='word_1_619' title='bbox 2303 464 2394 494; x_wconf 93' lang='lat' dir='ltr'><strong>non</strong></span> <span class='ocrx_word' id='word_1_620' title='bbox 2433 451 2682 496; x_wconf 88' lang='lat' dir='ltr'><strong>excluditur</strong></span> <span class='ocrx_word' id='word_1_621' title='bbox 2721 453 2806 498; x_wconf 87' lang='lat' dir='ltr'><strong>nisi</strong></span> <span class='ocrx_word' id='word_1_622' title='bbox 2846 454 2911 499; x_wconf 80' lang='lat' dir='ltr'><strong>vi·</strong></span> 
     </span>
     <span class='ocr_line' id='line_1_85' title="bbox 1572 505 2914 564; baseline 0.005 -16"><span class='ocrx_word' id='word_1_623' title='bbox 1572 505 1684 561; x_wconf 90' lang='lat' dir='ltr'><strong>ginti</strong></span> <span class='ocrx_word' id='word_1_624' title='bbox 1721 517 1936 549; x_wconf 91' lang='lat' dir='ltr'><strong>annorum</strong></span> <span class='ocrx_word' id='word_1_625' title='bbox 1973 508 2252 562; x_wconf 84' lang='lat' dir='ltr'><strong>exceptione,</strong></span> <span class='ocrx_word' id='word_1_626' title='bbox 2293 507 2412 550; x_wconf 91' lang='lat' dir='ltr'><strong>sicut</strong></span> <span class='ocrx_word' id='word_1_627' title='bbox 2440 509 2589 550; x_wconf 88' lang='lat' dir='ltr'><strong>cetera</strong></span> <span class='ocrx_word' id='word_1_628' title='bbox 2619 521 2794 564; x_wconf 88' lang='lat' dir='ltr'><strong>quoque</strong></span> <span class='ocrx_word' id='word_1_629' title='bbox 2820 509 2914 555; x_wconf 80' lang='lat' dir='ltr'><strong>fere</strong></span> 
     </span>
     <span class='ocr_line' id='line_1_86' title="bbox 1575 560 2912 637; baseline 0.005 -33"><span class='ocrx_word' id='word_1_630' title='bbox 1575 560 1770 604; x_wconf 90' lang='lat' dir='ltr'><strong>crimina.</strong></span> <span class='ocrx_word' id='word_1_631' title='bbox 1818 560 1863 604; x_wconf 89' lang='lat' dir='ltr'><strong>S.</strong></span> <span class='ocrx_word' id='word_1_632' title='bbox 1890 573 1941 605; x_wconf 75' lang='lat' dir='ltr'><strong>VJ</strong></span> <span class='ocrx_word' id='word_1_633' title='bbox 1962 562 2020 605; x_wconf 85' lang='lat' dir='ltr'><strong>id.</strong></span> <span class='ocrx_word' id='word_1_634' title='bbox 2039 564 2152 637; x_wconf 58' lang='lat' dir='ltr'><strong>Aug.</strong></span> <span class='ocrx_word' id='word_1_635' title='bbox 2182 562 2429 606; x_wconf 85' lang='lat' dir='ltr'><strong>Viminacio</strong></span> <span class='ocrx_word' id='word_1_636' title='bbox 2446 563 2540 605; x_wconf 92' lang='lat' dir='ltr'><strong>AA.</strong></span> <span class='ocrx_word' id='word_1_637' title='bbox 2565 576 2708 607; x_wconf 87' lang='lat' dir='ltr'><strong>conss.</strong></span> <span class='ocrx_word' id='word_1_638' title='bbox 2740 568 2912 620; x_wconf 78' lang='lat' dir='ltr'><strong>[a.293]</strong></span> 
     </span>
    </p>

    <p class='ocr_par' dir='ltr' id='par_1_15' title="bbox 1572 613 2917 896">
     <span class='ocr_line' id='line_1_87' title="bbox 1633 613 2914 675; baseline 0.004 -14"><span class='ocrx_word' id='word_1_639' title='bbox 1633 613 1696 662; x_wconf 88' lang='lat'><strong>13</strong></span> <span class='ocrx_word' id='word_1_640' title='bbox 1729 615 1854 659; x_wconf 90' lang='lat' dir='ltr'><strong>Idem</strong></span> <span class='ocrx_word' id='word_1_641' title='bbox 1882 619 1973 661; x_wconf 89' lang='lat' dir='ltr'><strong>AA.</strong></span> <span class='ocrx_word' id='word_1_642' title='bbox 2010 624 2055 662; x_wconf 84' lang='lat' dir='ltr'><strong>et</strong></span> <span class='ocrx_word' id='word_1_643' title='bbox 2085 617 2164 662; x_wconf 71' lang='lat'><strong>60.</strong></span> <span class='ocrx_word' id='word_1_644' title='bbox 2195 617 2367 662; x_wconf 85' lang='lat' dir='ltr'><strong>Marco.</strong></span> <span class='ocrx_word' id='word_1_645' title='bbox 2429 617 2515 672; x_wconf 82' lang='lat' dir='ltr'><strong>Qui</strong></span> <span class='ocrx_word' id='word_1_646' title='bbox 2542 618 2680 662; x_wconf 84' lang='lat' dir='ltr'><strong>veluti</strong></span> <span class='ocrx_word' id='word_1_647' title='bbox 2706 631 2914 675; x_wconf 79' lang='lat' dir='ltr'><strong>praesen·</strong></span> 
     </span>
     <span class='ocr_line' id='line_1_88' title="bbox 1572 671 2914 730; baseline 0.004 -16"><span class='ocrx_word' id='word_1_648' title='bbox 1572 677 1660 715; x_wconf 91' lang='lat' dir='ltr'><strong>tem</strong></span> <span class='ocrx_word' id='word_1_649' title='bbox 1691 671 1924 727; x_wconf 85' lang='lat' dir='ltr'><strong>scripsisse</strong></span> <span class='ocrx_word' id='word_1_650' title='bbox 1953 685 2023 718; x_wconf 87' lang='lat' dir='ltr'><strong>res</strong></span> <span class='ocrx_word' id='word_1_651' title='bbox 2052 674 2273 730; x_wconf 88' lang='lat' dir='ltr'><strong>recepisse</strong></span> <span class='ocrx_word' id='word_1_652' title='bbox 2302 686 2420 727; x_wconf 90' lang='lat' dir='ltr'><strong>suas,</strong></span> <span class='ocrx_word' id='word_1_653' title='bbox 2462 686 2564 717; x_wconf 92' lang='lat' dir='ltr'><strong>cum</strong></span> <span class='ocrx_word' id='word_1_654' title='bbox 2592 674 2754 718; x_wconf 88' lang='lat' dir='ltr'><strong>absens</strong></span> <span class='ocrx_word' id='word_1_655' title='bbox 2783 681 2914 728; x_wconf 83' lang='lat' dir='ltr'><strong>esset,</strong></span> 
     </span>
     <span class='ocr_line' id='line_1_89' title="bbox 1575 727 2917 784; baseline 0.003 -12"><span class='ocrx_word' id='word_1_656' title='bbox 1575 727 1858 782; x_wconf 86' lang='lat' dir='ltr'><strong>conscripsit,</strong></span> <span class='ocrx_word' id='word_1_657' title='bbox 1898 741 1989 772; x_wconf 91' lang='lat' dir='ltr'><strong>non</strong></span> <span class='ocrx_word' id='word_1_658' title='bbox 2027 729 2251 784; x_wconf 88' lang='lat' dir='ltr'><strong>ignoranti</strong></span> <span class='ocrx_word' id='word_1_659' title='bbox 2309 730 2515 784; x_wconf 88' lang='lat' dir='ltr'><strong>nicquam</strong></span> <span class='ocrx_word' id='word_1_660' title='bbox 2548 730 2713 782; x_wconf 87' lang='lat' dir='ltr'><strong>aufert,</strong></span> <span class='ocrx_word' id='word_1_661' title='bbox 2753 731 2831 775; x_wconf 88' lang='lat' dir='ltr'><strong>sed</strong></span> <span class='ocrx_word' id='word_1_662' title='bbox 2867 742 2917 776; x_wconf 83' lang='lat' dir='ltr'><strong>se</strong></span> 
     </span>
     <span class='ocr_line' id='line_1_90' title="bbox 1575 783 2915 841; baseline 0.001 -13"><span class='ocrx_word' id='word_1_663' title='bbox 1575 783 1768 828; x_wconf 88' lang='lat' dir='ltr'><strong>criminis</strong></span> <span class='ocrx_word' id='word_1_664' title='bbox 1801 783 1966 840; x_wconf 89' lang='lat' dir='ltr'><strong>obligat</strong></span> <span class='ocrx_word' id='word_1_665' title='bbox 1993 785 2204 841; x_wconf 89' lang='lat' dir='ltr'><strong>periculo.</strong></span> <span class='ocrx_word' id='word_1_666' title='bbox 2307 785 2358 829; x_wconf 90' lang='lat' dir='ltr'><strong>P.</strong></span> <span class='ocrx_word' id='word_1_667' title='bbox 2385 796 2435 828; x_wconf 73' lang='lat' dir='ltr'><strong>VI</strong></span> <span class='ocrx_word' id='word_1_668' title='bbox 2460 785 2503 829; x_wconf 79' lang='lat' dir='ltr'><strong>lc.</strong></span> <span class='ocrx_word' id='word_1_669' title='bbox 2531 785 2628 830; x_wconf 87' lang='lat' dir='ltr'><strong>Ian.</strong></span> <span class='ocrx_word' id='word_1_670' title='bbox 2663 785 2802 830; x_wconf 85' lang='lat' dir='ltr'><strong>Sirmi</strong></span> <span class='ocrx_word' id='word_1_671' title='bbox 2822 787 2915 832; x_wconf 88' lang='lat' dir='ltr'><strong>AA.</strong></span> 
     </span>
     <span class='ocr_line' id='line_1_91' title="bbox 1574 845 2916 896; baseline 0.001 -12"><span class='ocrx_word' id='word_1_672' title='bbox 1574 854 1718 884; x_wconf 81' lang='lat' dir='ltr'><strong>conss.</strong></span> <span class='ocrx_word' id='word_1_673' title='bbox 2728 845 2785 895; x_wconf 84' lang='lat' dir='ltr'><strong>[a.</strong></span> <span class='ocrx_word' id='word_1_674' title='bbox 2817 845 2916 896; x_wconf 81' lang='lat'>293]</span> 
     </span>
    </p>

    <p class='ocr_par' dir='ltr' id='par_1_16' title="bbox 1573 894 2918 1118">
     <span class='ocr_line' id='line_1_92' title="bbox 1632 894 2917 954; baseline 0 -12"><span class='ocrx_word' id='word_1_675' title='bbox 1632 894 1696 942; x_wconf 85' lang='lat'><strong>14</strong></span> <span class='ocrx_word' id='word_1_676' title='bbox 1730 894 1855 939; x_wconf 88' lang='lat' dir='ltr'><strong>Idem</strong></span> <span class='ocrx_word' id='word_1_677' title='bbox 1883 896 1976 939; x_wconf 92' lang='lat' dir='ltr'><strong>AA.</strong></span> <span class='ocrx_word' id='word_1_678' title='bbox 2007 902 2052 940; x_wconf 84' lang='lat' dir='ltr'><strong>et</strong></span> <span class='ocrx_word' id='word_1_679' title='bbox 2083 895 2161 942; x_wconf 86' lang='grc'><strong>00.</strong></span> <span class='ocrx_word' id='word_1_680' title='bbox 2194 896 2453 942; x_wconf 83' lang='lat' dir='ltr'><strong>Gentianae.</strong></span> <span class='ocrx_word' id='word_1_681' title='bbox 2513 897 2652 951; x_wconf 87' lang='lat' dir='ltr'><strong>Eum,</strong></span> <span class='ocrx_word' id='word_1_682' title='bbox 2693 897 2770 954; x_wconf 92' lang='lat' dir='ltr'><strong>qui</strong></span> <span class='ocrx_word' id='word_1_683' title='bbox 2801 897 2917 942; x_wconf 86' lang='lat' dir='ltr'><strong>cela-</strong></span> 
     </span>
     <span class='ocr_line' id='line_1_93' title="bbox 1573 951 2918 1008; baseline 0.002 -12"><span class='ocrx_word' id='word_1_684' title='bbox 1573 952 1635 996; x_wconf 89' lang='lat' dir='ltr'><strong>vit</strong></span> <span class='ocrx_word' id='word_1_685' title='bbox 1662 951 1731 995; x_wconf 89' lang='lat' dir='ltr'><strong>vel</strong></span> <span class='ocrx_word' id='word_1_686' title='bbox 1761 951 1924 995; x_wconf 88' lang='lat' dir='ltr'><strong>amovit</strong></span> <span class='ocrx_word' id='word_1_687' title='bbox 1951 953 2278 1008; x_wconf 88' lang='lat' dir='ltr'><strong>testamentum,</strong></span> <span class='ocrx_word' id='word_1_688' title='bbox 2322 953 2592 998; x_wconf 90' lang='lat' dir='ltr'><strong>committere</strong></span> <span class='ocrx_word' id='word_1_689' title='bbox 2609 954 2787 998; x_wconf 84' lang='lat' dir='ltr'><strong>crimen</strong></span> <span class='ocrx_word' id='word_1_690' title='bbox 2814 953 2918 999; x_wconf 79' lang='lat' dir='ltr'><strong>falsi</strong></span> 
     </span>
     <span class='ocr_line' id='line_1_94' title="bbox 1573 1008 2916 1065; baseline 0.001 -13"><span class='ocrx_word' id='word_1_691' title='bbox 1573 1008 1750 1065; x_wconf 91' lang='lat' dir='ltr'><strong>publice</strong></span> <span class='ocrx_word' id='word_1_692' title='bbox 1801 1010 1955 1051; x_wconf 89' lang='lat' dir='ltr'><strong>notum</strong></span> <span class='ocrx_word' id='word_1_693' title='bbox 2010 1010 2089 1051; x_wconf 90' lang='lat' dir='ltr'><strong>est.</strong></span> <span class='ocrx_word' id='word_1_694' title='bbox 2173 1008 2219 1052; x_wconf 93' lang='lat' dir='ltr'><strong>S.</strong></span> <span class='ocrx_word' id='word_1_695' title='bbox 2272 1021 2346 1053; x_wconf 57' lang='grc' dir='ltr'><strong><em>ΙΙΙ,</em></strong></span> <span class='ocrx_word' id='word_1_696' title='bbox 2390 1009 2432 1053; x_wconf 81' lang='lat' dir='ltr'><strong>lc.</strong></span> <span class='ocrx_word' id='word_1_697' title='bbox 2481 1009 2579 1053; x_wconf 88' lang='lat' dir='ltr'><strong>Ian.</strong></span> <span class='ocrx_word' id='word_1_698' title='bbox 2634 1009 2772 1053; x_wconf 82' lang='lat' dir='ltr'><strong>Sirmi</strong></span> <span class='ocrx_word' id='word_1_699' title='bbox 2823 1011 2916 1054; x_wconf 90' lang='lat' dir='ltr'><strong>AA.</strong></span> 
     </span>
     <span class='ocr_line' id='line_1_95' title="bbox 1574 1069 2916 1118; baseline 0.001 -10"><span class='ocrx_word' id='word_1_700' title='bbox 1574 1078 1717 1108; x_wconf 83' lang='lat' dir='ltr'><strong>conss.</strong></span> <span class='ocrx_word' id='word_1_701' title='bbox 2729 1069 2787 1116; x_wconf 85' lang='lat' dir='ltr'><strong>[a.</strong></span> <span class='ocrx_word' id='word_1_702' title='bbox 2818 1069 2916 1118; x_wconf 84' lang='lat'>293]</span> 
     </span>
    </p>

    <p class='ocr_par' dir='ltr' id='par_1_17' title="bbox 1574 1118 2918 1398">
     <span class='ocr_line' id='line_1_96' title="bbox 1632 1118 2917 1177; baseline 0 -11"><span class='ocrx_word' id='word_1_703' title='bbox 1632 1119 1694 1166; x_wconf 88' lang='lat'><strong>15</strong></span> <span class='ocrx_word' id='word_1_704' title='bbox 1730 1118 1853 1163; x_wconf 90' lang='lat' dir='ltr'><strong>Idem</strong></span> <span class='ocrx_word' id='word_1_705' title='bbox 1884 1121 1975 1163; x_wconf 89' lang='lat' dir='ltr'><strong>AA.</strong></span> <span class='ocrx_word' id='word_1_706' title='bbox 2008 1124 2052 1163; x_wconf 86' lang='lat' dir='ltr'><strong>et</strong></span> <span class='ocrx_word' id='word_1_707' title='bbox 2083 1118 2160 1163; x_wconf 91' lang='grc'><strong>00.</strong></span> <span class='ocrx_word' id='word_1_708' title='bbox 2186 1119 2327 1177; x_wconf 82' lang='lat' dir='ltr'><strong>Rufo.</strong></span> <span class='ocrx_word' id='word_1_709' title='bbox 2388 1120 2435 1164; x_wconf 86' lang='lat' dir='ltr'><strong>Si</strong></span> <span class='ocrx_word' id='word_1_710' title='bbox 2465 1121 2659 1165; x_wconf 89' lang='lat' dir='ltr'><strong>creditor</strong></span> <span class='ocrx_word' id='word_1_711' title='bbox 2689 1121 2917 1166; x_wconf 86' lang='lat' dir='ltr'><strong>colludens</strong></span> 
     </span>
     <span class='ocr_line' id='line_1_97' title="bbox 1575 1175 2918 1232; baseline 0.001 -13"><span class='ocrx_word' id='word_1_712' title='bbox 1575 1190 1674 1219; x_wconf 90' lang='lat' dir='ltr'><strong>cum</strong></span> <span class='ocrx_word' id='word_1_713' title='bbox 1705 1176 1902 1220; x_wconf 89' lang='lat' dir='ltr'><strong>debitore</strong></span> <span class='ocrx_word' id='word_1_714' title='bbox 1933 1189 2013 1219; x_wconf 89' lang='lat' dir='ltr'><strong>suo</strong></span> <span class='ocrx_word' id='word_1_715' title='bbox 2043 1175 2124 1220; x_wconf 91' lang='lat' dir='ltr'><strong>tibi</strong></span> <span class='ocrx_word' id='word_1_716' title='bbox 2154 1177 2385 1232; x_wconf 89' lang='lat' dir='ltr'><strong>praedium</strong></span> <span class='ocrx_word' id='word_1_717' title='bbox 2413 1177 2718 1231; x_wconf 86' lang='lat' dir='ltr'><strong>venumdedit,</strong></span> <span class='ocrx_word' id='word_1_718' title='bbox 2756 1176 2918 1222; x_wconf 88' lang='lat' dir='ltr'><strong>falsum</strong></span> 
     </span>
     <span class='ocr_line' id='line_1_98' title="bbox 1575 1231 2918 1288; baseline 0.001 -12"><span class='ocrx_word' id='word_1_719' title='bbox 1575 1233 1793 1276; x_wconf 88' lang='lat' dir='ltr'><strong>commisit</strong></span> <span class='ocrx_word' id='word_1_720' title='bbox 1823 1233 1896 1275; x_wconf 80' lang='lat' dir='ltr'><strong>et⁴</strong></span> <span class='ocrx_word' id='word_1_721' title='bbox 1925 1232 2005 1274; x_wconf 91' lang='lat' dir='ltr'><strong>tibi</strong></span> <span class='ocrx_word' id='word_1_722' title='bbox 2035 1232 2145 1275; x_wconf 89' lang='lat' dir='ltr'><strong>nihil</strong></span> <span class='ocrx_word' id='word_1_723' title='bbox 2175 1231 2328 1285; x_wconf 87' lang='lat' dir='ltr'><strong>officit,</strong></span> <span class='ocrx_word' id='word_1_724' title='bbox 2369 1232 2448 1277; x_wconf 91' lang='lat' dir='ltr'><strong>sed</strong></span> <span class='ocrx_word' id='word_1_725' title='bbox 2477 1246 2524 1277; x_wconf 89' lang='lat' dir='ltr'><strong>se</strong></span> <span class='ocrx_word' id='word_1_726' title='bbox 2554 1233 2691 1288; x_wconf 90' lang='lat' dir='ltr'><strong>magis</strong></span> <span class='ocrx_word' id='word_1_727' title='bbox 2725 1234 2918 1277; x_wconf 90' lang='lat' dir='ltr'><strong>criminis</strong></span> 
     </span>
     <span class='ocr_line' id='line_1_99' title="bbox 1574 1287 2916 1334; baseline 0.001 -2"><span class='ocrx_word' id='word_1_728' title='bbox 1574 1288 1850 1332; x_wconf 85' lang='lat' dir='ltr'><strong>accusationi</strong></span> <span class='ocrx_word' id='word_1_729' title='bbox 1887 1287 1995 1331; x_wconf 89' lang='lat' dir='ltr'><strong>fecit</strong></span> <span class='ocrx_word' id='word_1_730' title='bbox 2034 1288 2284 1332; x_wconf 90' lang='lat' dir='ltr'><strong>obnoxium.</strong></span> <span class='ocrx_word' id='word_1_731' title='bbox 2356 1288 2400 1332; x_wconf 87' lang='lat' dir='ltr'><strong>S.</strong></span> <span class='ocrx_word' id='word_1_732' title='bbox 2443 1301 2546 1333; x_wconf 70' lang='lat' dir='ltr'><strong>XIII</strong></span> <span class='ocrx_word' id='word_1_733' title='bbox 2582 1289 2624 1333; x_wconf 80' lang='lat' dir='ltr'><strong>lc.</strong></span> <span class='ocrx_word' id='word_1_734' title='bbox 2665 1289 2795 1334; x_wconf 85' lang='lat' dir='ltr'><strong>Febr.</strong></span> <span class='ocrx_word' id='word_1_735' title='bbox 2838 1287 2916 1334; x_wconf 90' lang='grc'><strong>00.</strong></span> 
     </span>
     <span class='ocr_line' id='line_1_100' title="bbox 1574 1347 2917 1398; baseline 0.001 -10"><span class='ocrx_word' id='word_1_736' title='bbox 1574 1358 1717 1388; x_wconf 85' lang='lat' dir='ltr'><strong>conss.</strong></span> <span class='ocrx_word' id='word_1_737' title='bbox 2729 1348 2787 1398; x_wconf 88' lang='lat' dir='ltr'><strong>[a.</strong></span> <span class='ocrx_word' id='word_1_738' title='bbox 2819 1347 2917 1398; x_wconf 87' lang='grc'>294]</span> 
     </span>
    </p>

    <p class='ocr_par' dir='ltr' id='par_1_18' title="bbox 1572 1398 2921 1846">
     <span class='ocr_line' id='line_1_101' title="bbox 1634 1398 2918 1447; baseline -0.001 0"><span class='ocrx_word' id='word_1_739' title='bbox 1634 1398 1697 1447; x_wconf 89' lang='grc'><strong>16</strong></span> <span class='ocrx_word' id='word_1_740' title='bbox 1730 1399 1854 1444; x_wconf 86' lang='lat' dir='ltr'><strong>Idem</strong></span> <span class='ocrx_word' id='word_1_741' title='bbox 1884 1401 1975 1443; x_wconf 88' lang='grc' dir='ltr'><strong>ΑΑ.</strong></span> <span class='ocrx_word' id='word_1_742' title='bbox 2017 1405 2061 1443; x_wconf 88' lang='lat' dir='ltr'><strong>et</strong></span> <span class='ocrx_word' id='word_1_743' title='bbox 2100 1398 2178 1443; x_wconf 90' lang='grc'><strong>00.</strong></span> <span class='ocrx_word' id='word_1_744' title='bbox 2211 1399 2478 1445; x_wconf 85' lang='lat' dir='ltr'><strong>Fortunato.</strong></span> <span class='ocrx_word' id='word_1_745' title='bbox 2548 1401 2614 1444; x_wconf 92' lang='lat' dir='ltr'><strong>De</strong></span> <span class='ocrx_word' id='word_1_746' title='bbox 2651 1400 2740 1444; x_wconf 88' lang='lat' dir='ltr'><strong>fide</strong></span> <span class='ocrx_word' id='word_1_747' title='bbox 2778 1403 2918 1446; x_wconf 84' lang='lat' dir='ltr'><strong>testa-</strong></span> 
     </span>
     <span class='ocr_line' id='line_1_102' title="bbox 1573 1455 2918 1514; baseline 0 -13"><span class='ocrx_word' id='word_1_748' title='bbox 1573 1457 1708 1501; x_wconf 89' lang='lat' dir='ltr'><strong>menti</strong></span> <span class='ocrx_word' id='word_1_749' title='bbox 1724 1456 1924 1512; x_wconf 86' lang='lat' dir='ltr'><strong>querenti</strong></span> <span class='ocrx_word' id='word_1_750' title='bbox 1952 1456 2114 1512; x_wconf 83' lang='lat' dir='ltr'><strong>duplex</strong></span> <span class='ocrx_word' id='word_1_751' title='bbox 2138 1455 2209 1499; x_wconf 85' lang='lat' dir='ltr'><strong>via</strong></span> <span class='ocrx_word' id='word_1_752' title='bbox 2234 1455 2436 1511; x_wconf 87' lang='lat' dir='ltr'><strong>litigandi</strong></span> <span class='ocrx_word' id='word_1_753' title='bbox 2457 1457 2625 1500; x_wconf 91' lang='lat' dir='ltr'><strong>tributa</strong></span> <span class='ocrx_word' id='word_1_754' title='bbox 2640 1459 2722 1501; x_wconf 87' lang='lat' dir='ltr'><strong>est.</strong></span> <span class='ocrx_word' id='word_1_755' title='bbox 2764 1470 2918 1514; x_wconf 87' lang='lat' dir='ltr'><strong>quam-</strong></span> 
     </span>
     <span class='ocr_line' id='line_1_103' title="bbox 1573 1513 2920 1569; baseline 0.001 -13"><span class='ocrx_word' id='word_1_756' title='bbox 1573 1513 1637 1557; x_wconf 89' lang='lat' dir='ltr'><strong>vis</strong></span> <span class='ocrx_word' id='word_1_757' title='bbox 1676 1513 1827 1569; x_wconf 90' lang='lat' dir='ltr'><strong>itaque</strong></span> <span class='ocrx_word' id='word_1_758' title='bbox 1864 1526 1944 1567; x_wconf 89' lang='lat' dir='ltr'><strong>per</strong></span> <span class='ocrx_word' id='word_1_759' title='bbox 1979 1517 2315 1567; x_wconf 88' lang='lat' dir='ltr'><strong>procuratorem</strong></span> <span class='ocrx_word' id='word_1_760' title='bbox 2354 1513 2684 1556; x_wconf 88' lang='lat' dir='ltr'><strong>accusationem</strong></span> <span class='ocrx_word' id='word_1_761' title='bbox 2711 1526 2843 1569; x_wconf 87' lang='lat' dir='ltr'><strong>perse</strong></span> <span class='ocrx_word' id='word_1_762' title='bbox 2873 1514 2920 1557; x_wconf 86' lang='lat' dir='ltr'><strong>ui</strong></span> 
     </span>
     <span class='ocr_line' id='line_1_104' title="bbox 1572 1568 2920 1625; baseline 0.001 -13"><span class='ocrx_word' id='word_1_763' title='bbox 1572 1583 1662 1614; x_wconf 85' lang='lat' dir='ltr'><strong>non</strong></span> <span class='ocrx_word' id='word_1_764' title='bbox 1702 1574 1843 1625; x_wconf 91' lang='lat' dir='ltr'><strong>potes,</strong></span> <span class='ocrx_word' id='word_1_765' title='bbox 1886 1568 2208 1624; x_wconf 85' lang='lat' dir='ltr'><strong>disceptatione</strong></span> <span class='ocrx_word' id='word_1_766' title='bbox 2247 1569 2422 1623; x_wconf 89' lang='lat' dir='ltr'><strong>privata</strong></span> <span class='ocrx_word' id='word_1_767' title='bbox 2449 1573 2597 1612; x_wconf 92' lang='lat' dir='ltr'><strong>tamen</strong></span> <span class='ocrx_word' id='word_1_768' title='bbox 2627 1569 2682 1613; x_wconf 92' lang='lat' dir='ltr'><strong>de</strong></span> <span class='ocrx_word' id='word_1_769' title='bbox 2711 1570 2805 1614; x_wconf 89' lang='lat' dir='ltr'><strong>eius</strong></span> <span class='ocrx_word' id='word_1_770' title='bbox 2866 1569 2920 1614; x_wconf 89' lang='lat' dir='ltr'><strong>de</strong></span> 
     </span>
     <span class='ocr_line' id='line_1_105' title="bbox 1574 1624 2920 1680; baseline 0.001 -12"><span class='ocrx_word' id='word_1_771' title='bbox 1574 1625 1698 1680; x_wconf 91' lang='lat' dir='ltr'><strong>queri</strong></span> <span class='ocrx_word' id='word_1_772' title='bbox 1735 1638 1824 1669; x_wconf 92' lang='lat' dir='ltr'><strong>non</strong></span> <span class='ocrx_word' id='word_1_773' title='bbox 1863 1625 2132 1680; x_wconf 89' lang='lat' dir='ltr'><strong>prohiberis,</strong></span> <span class='ocrx_word' id='word_1_774' title='bbox 2172 1638 2272 1667; x_wconf 91' lang='lat' dir='ltr'><strong>cum</strong></span> <span class='ocrx_word' id='word_1_775' title='bbox 2310 1637 2413 1668; x_wconf 88' lang='lat' dir='ltr'><strong>reus</strong></span> <span class='ocrx_word' id='word_1_776' title='bbox 2453 1624 2517 1667; x_wconf 93' lang='lat' dir='ltr'><strong>ita</strong></span> <span class='ocrx_word' id='word_1_777' title='bbox 2555 1630 2796 1670; x_wconf 89' lang='lat' dir='ltr'><strong>conventus</strong></span> <span class='ocrx_word' id='word_1_778' title='bbox 2829 1638 2920 1670; x_wconf 81' lang='lat' dir='ltr'><strong>non</strong></span> 
     </span>
     <span class='ocr_line' id='line_1_106' title="bbox 1572 1680 2921 1738; baseline 0.001 -14"><span class='ocrx_word' id='word_1_779' title='bbox 1572 1686 1748 1726; x_wconf 89' lang='lat' dir='ltr'><strong>tantum</strong></span> <span class='ocrx_word' id='word_1_780' title='bbox 1793 1682 1849 1724; x_wconf 90' lang='lat' dir='ltr'><strong>ab</strong></span> <span class='ocrx_word' id='word_1_781' title='bbox 1887 1681 1973 1724; x_wconf 88' lang='lat' dir='ltr'><strong>alio</strong></span> <span class='ocrx_word' id='word_1_782' title='bbox 2013 1681 2149 1731; x_wconf 90' lang='lat' dir='ltr'><strong>iuste,</strong></span> <span class='ocrx_word' id='word_1_783' title='bbox 2197 1681 2274 1724; x_wconf 90' lang='lat' dir='ltr'><strong>sed</strong></span> <span class='ocrx_word' id='word_1_784' title='bbox 2314 1680 2447 1724; x_wconf 90' lang='lat' dir='ltr'><strong>etiam</strong></span> <span class='ocrx_word' id='word_1_785' title='bbox 2486 1694 2538 1724; x_wconf 91' lang='lat' dir='ltr'><strong>eo</strong></span> <span class='ocrx_word' id='word_1_786' title='bbox 2553 1684 2570 1708; x_wconf 86' lang='lat'>⁵</span> <span class='ocrx_word' id='word_1_787' title='bbox 2616 1681 2694 1738; x_wconf 88' lang='lat' dir='ltr'><strong>qui</strong></span> <span class='ocrx_word' id='word_1_788' title='bbox 2732 1681 2921 1726; x_wconf 85' lang='lat' dir='ltr'><strong>civiliter</strong></span> 
     </span>
     <span class='ocr_line' id='line_1_107' title="bbox 1575 1735 2918 1793; baseline 0.001 -12"><span class='ocrx_word' id='word_1_789' title='bbox 1575 1737 1662 1793; x_wconf 88' lang='lat' dir='ltr'><strong>egit</strong></span> <span class='ocrx_word' id='word_1_790' title='bbox 1698 1737 1966 1781; x_wconf 89' lang='lat' dir='ltr'><strong>sollemniter</strong></span> <span class='ocrx_word' id='word_1_791' title='bbox 2004 1737 2207 1780; x_wconf 87' lang='lat' dir='ltr'><strong>accusari</strong></span> <span class='ocrx_word' id='word_1_792' title='bbox 2245 1738 2401 1793; x_wconf 87' lang='lat' dir='ltr'><strong>possit.</strong></span> <span class='ocrx_word' id='word_1_793' title='bbox 2472 1735 2517 1780; x_wconf 91' lang='lat' dir='ltr'><strong>S.</strong></span> <span class='ocrx_word' id='word_1_794' title='bbox 2559 1749 2655 1782; x_wconf 76' lang='lat' dir='ltr'><em>VIII</em></span> <span class='ocrx_word' id='word_1_795' title='bbox 2688 1737 2748 1781; x_wconf 88' lang='lat' dir='ltr'><strong>id.</strong></span> <span class='ocrx_word' id='word_1_796' title='bbox 2789 1737 2918 1782; x_wconf 84' lang='lat' dir='ltr'><strong>Febr.</strong></span> 
     </span>
     <span class='ocr_line' id='line_1_108' title="bbox 1575 1793 2918 1846; baseline 0.001 -9"><span class='ocrx_word' id='word_1_797' title='bbox 1575 1793 1714 1837; x_wconf 84' lang='lat' dir='ltr'><strong>Sirmi</strong></span> <span class='ocrx_word' id='word_1_798' title='bbox 1747 1793 1824 1837; x_wconf 89' lang='grc'><strong>00.</strong></span> <span class='ocrx_word' id='word_1_799' title='bbox 1856 1806 1998 1836; x_wconf 83' lang='lat' dir='ltr'><strong>conss.</strong></span> <span class='ocrx_word' id='word_1_800' title='bbox 2120 1797 2122 1801; x_wconf 85' lang='grc'>’</span> <span class='ocrx_word' id='word_1_801' title='bbox 2731 1798 2787 1846; x_wconf 91' lang='lat' dir='ltr'><strong>[a.</strong></span> <span class='ocrx_word' id='word_1_802' title='bbox 2820 1797 2918 1846; x_wconf 90' lang='grc'>294]</span> 
     </span>
    </p>

    <p class='ocr_par' dir='ltr' id='par_1_19' title="bbox 1573 1846 2920 2348">
     <span class='ocr_line' id='line_1_109' title="bbox 1634 1846 2918 1895; baseline 0 -1"><span class='ocrx_word' id='word_1_803' title='bbox 1634 1847 1695 1894; x_wconf 87' lang='grc'><strong>17</strong></span> <span class='ocrx_word' id='word_1_804' title='bbox 1730 1848 1854 1892; x_wconf 90' lang='lat' dir='ltr'><strong>Idem</strong></span> <span class='ocrx_word' id='word_1_805' title='bbox 1884 1850 1976 1892; x_wconf 87' lang='lat' dir='ltr'><strong>AA.</strong></span> <span class='ocrx_word' id='word_1_806' title='bbox 2017 1854 2061 1892; x_wconf 89' lang='lat' dir='ltr'><strong>et</strong></span> <span class='ocrx_word' id='word_1_807' title='bbox 2092 1846 2170 1892; x_wconf 90' lang='grc'><strong>00.</strong></span> <span class='ocrx_word' id='word_1_808' title='bbox 2202 1847 2423 1891; x_wconf 85' lang='lat' dir='ltr'><strong>Menelao.</strong></span> <span class='ocrx_word' id='word_1_809' title='bbox 2484 1848 2612 1892; x_wconf 86' lang='lat' dir='ltr'><strong>Sicut</strong></span> <span class='ocrx_word' id='word_1_810' title='bbox 2646 1849 2746 1893; x_wconf 86' lang='lat' dir='ltr'><strong>falsi</strong></span> <span class='ocrx_word' id='word_1_811' title='bbox 2781 1852 2918 1895; x_wconf 84' lang='lat' dir='ltr'><strong>testa-</strong></span> 
     </span>
     <span class='ocr_line' id='line_1_110' title="bbox 1574 1904 2919 1960; baseline 0.001 -12"><span class='ocrx_word' id='word_1_812' title='bbox 1574 1905 1711 1948; x_wconf 87' lang='lat' dir='ltr'><strong>menti</strong></span> <span class='ocrx_word' id='word_1_813' title='bbox 1739 1905 1806 1948; x_wconf 92' lang='lat' dir='ltr'><strong>vel</strong></span> <span class='ocrx_word' id='word_1_814' title='bbox 1837 1905 2140 1949; x_wconf 90' lang='lat' dir='ltr'><strong>codicillorum</strong></span> <span class='ocrx_word' id='word_1_815' title='bbox 2179 1904 2401 1959; x_wconf 89' lang='lat' dir='ltr'><strong>scriptura</strong></span> <span class='ocrx_word' id='word_1_816' title='bbox 2439 1906 2649 1960; x_wconf 90' lang='lat' dir='ltr'><strong>temporis</strong></span> <span class='ocrx_word' id='word_1_817' title='bbox 2686 1905 2919 1950; x_wconf 88' lang='lat' dir='ltr'><strong>intervallo</strong></span> 
     </span>
     <span class='ocr_line' id='line_1_111' title="bbox 1574 1961 2918 2016; baseline 0.001 -12"><span class='ocrx_word' id='word_1_818' title='bbox 1574 1961 1742 2004; x_wconf 90' lang='lat' dir='ltr'><strong>firmari</strong></span> <span class='ocrx_word' id='word_1_819' title='bbox 1771 1973 1859 2004; x_wconf 90' lang='lat' dir='ltr'><strong>non</strong></span> <span class='ocrx_word' id='word_1_820' title='bbox 1887 1964 2048 2016; x_wconf 86' lang='lat' dir='ltr'><strong>potest,</strong></span> <span class='ocrx_word' id='word_1_821' title='bbox 2088 1961 2152 2003; x_wconf 88' lang='lat' dir='ltr'><strong>ita</strong></span> <span class='ocrx_word' id='word_1_822' title='bbox 2190 1973 2298 2002; x_wconf 89' lang='lat' dir='ltr'><strong>uera</strong></span> <span class='ocrx_word' id='word_1_823' title='bbox 2333 1972 2446 2015; x_wconf 89' lang='lat' dir='ltr'><strong>quae</strong></span> <span class='ocrx_word' id='word_1_824' title='bbox 2475 1961 2572 2004; x_wconf 87' lang='lat' dir='ltr'><strong>iure</strong></span> <span class='ocrx_word' id='word_1_825' title='bbox 2600 1961 2801 2005; x_wconf 86' lang='lat' dir='ltr'><strong>subsistit</strong></span> <span class='ocrx_word' id='word_1_826' title='bbox 2830 1975 2918 2005; x_wconf 92' lang='lat' dir='ltr'><strong>non</strong></span> 
     </span>
     <span class='ocr_line' id='line_1_112' title="bbox 1581 2015 2916 2073; baseline 0.001 -13"><span class='ocrx_word' id='word_1_827' title='bbox 1581 2023 1594 2060; x_wconf 87' lang='lat'>1</span> <span class='ocrx_word' id='word_1_828' title='bbox 1659 2018 1892 2060; x_wconf 87' lang='lat' dir='ltr'><strong>evanescit.</strong></span> <span class='ocrx_word' id='word_1_829' title='bbox 1953 2016 1999 2060; x_wconf 91' lang='lat' dir='ltr'><strong>Si</strong></span> <span class='ocrx_word' id='word_1_830' title='bbox 2036 2017 2188 2070; x_wconf 90' lang='lat' dir='ltr'><strong>itaque</strong></span> <span class='ocrx_word' id='word_1_831' title='bbox 2229 2016 2283 2058; x_wconf 90' lang='lat' dir='ltr'><strong>de</strong></span> <span class='ocrx_word' id='word_1_832' title='bbox 2312 2015 2401 2058; x_wconf 89' lang='lat' dir='ltr'><strong>fide</strong></span> <span class='ocrx_word' id='word_1_833' title='bbox 2431 2016 2608 2060; x_wconf 78' lang='lat' dir='ltr'><strong>delicti⁶</strong></span> <span class='ocrx_word' id='word_1_834' title='bbox 2637 2018 2704 2060; x_wconf 88' lang='lat' dir='ltr'><strong>vel</strong></span> <span class='ocrx_word' id='word_1_835' title='bbox 2734 2030 2814 2073; x_wconf 91' lang='lat' dir='ltr'><strong>per</strong></span> <span class='ocrx_word' id='word_1_836' title='bbox 2842 2030 2916 2062; x_wconf 87' lang='lat' dir='ltr'><strong>ac-</strong></span> 
     </span>
     <span class='ocr_line' id='line_1_113' title="bbox 1576 2072 2920 2128; baseline 0 -12"><span class='ocrx_word' id='word_1_837' title='bbox 1576 2074 1846 2116; x_wconf 88' lang='lat' dir='ltr'><strong>cusationem</strong></span> <span class='ocrx_word' id='word_1_838' title='bbox 1874 2073 1942 2116; x_wconf 87' lang='lat' dir='ltr'><strong>vel</strong></span> <span class='ocrx_word' id='word_1_839' title='bbox 1967 2086 2047 2128; x_wconf 91' lang='lat' dir='ltr'><strong>per</strong></span> <span class='ocrx_word' id='word_1_840' title='bbox 2070 2072 2290 2127; x_wconf 85' lang='lat' dir='ltr'><strong>privatum</strong></span> <span class='ocrx_word' id='word_1_841' title='bbox 2316 2072 2527 2115; x_wconf 90' lang='lat' dir='ltr'><strong>iudicium</strong></span> <span class='ocrx_word' id='word_1_842' title='bbox 2545 2073 2755 2127; x_wconf 89' lang='lat' dir='ltr'><strong>quereris,</strong></span> <span class='ocrx_word' id='word_1_843' title='bbox 2771 2078 2920 2117; x_wconf 90' lang='lat' dir='ltr'><strong>rector</strong></span> 
     </span>
     <span class='ocr_line' id='line_1_114' title="bbox 1574 2127 2919 2185; baseline 0 -13"><span class='ocrx_word' id='word_1_844' title='bbox 1574 2129 1827 2185; x_wconf 87' lang='lat' dir='ltr'><strong>provinciae</strong></span> <span class='ocrx_word' id='word_1_845' title='bbox 1856 2132 1962 2172; x_wconf 90' lang='lat' dir='ltr'><strong>tunc</strong></span> <span class='ocrx_word' id='word_1_846' title='bbox 1993 2129 2165 2172; x_wconf 90' lang='lat' dir='ltr'><strong>demum</strong></span> <span class='ocrx_word' id='word_1_847' title='bbox 2205 2140 2279 2171; x_wconf 88' lang='lat' dir='ltr'><strong>eos</strong></span> <span class='ocrx_word' id='word_1_848' title='bbox 2321 2127 2518 2170; x_wconf 87' lang='lat' dir='ltr'><strong>exhiberi</strong></span> <span class='ocrx_word' id='word_1_849' title='bbox 2559 2128 2614 2170; x_wconf 89' lang='lat' dir='ltr'><strong>de</strong></span> <span class='ocrx_word' id='word_1_850' title='bbox 2653 2129 2813 2183; x_wconf 90' lang='lat' dir='ltr'><strong>quibus</strong></span> <span class='ocrx_word' id='word_1_851' title='bbox 2851 2128 2919 2172; x_wconf 89' lang='lat' dir='ltr'><strong>in-</strong></span> 
     </span>
     <span class='ocr_line' id='line_1_115' title="bbox 1573 2183 2920 2241; baseline 0.001 -15"><span class='ocrx_word' id='word_1_852' title='bbox 1573 2185 1812 2240; x_wconf 87' lang='lat' dir='ltr'><strong>terrogatio</strong></span> <span class='ocrx_word' id='word_1_853' title='bbox 1854 2184 1949 2227; x_wconf 88' lang='lat' dir='ltr'><strong>fieri</strong></span> <span class='ocrx_word' id='word_1_854' title='bbox 1992 2187 2140 2239; x_wconf 85' lang='lat' dir='ltr'><strong>potest</strong></span> <span class='ocrx_word' id='word_1_855' title='bbox 2183 2183 2375 2234; x_wconf 89' lang='lat' dir='ltr'><strong>iubebit,</strong></span> <span class='ocrx_word' id='word_1_856' title='bbox 2417 2183 2454 2225; x_wconf 88' lang='lat' dir='ltr'><strong>si</strong></span> <span class='ocrx_word' id='word_1_857' title='bbox 2492 2183 2616 2241; x_wconf 82' lang='lat' dir='ltr'><strong>prius</strong></span> <span class='ocrx_word' id='word_1_858' title='bbox 2657 2183 2816 2228; x_wconf 87' lang='lat' dir='ltr'><strong>ceteris</strong></span> <span class='ocrx_word' id='word_1_859' title='bbox 2852 2183 2920 2228; x_wconf 90' lang='lat' dir='ltr'><strong>in-</strong></span> 
     </span>
     <span class='ocr_line' id='line_1_116' title="bbox 1573 2237 2918 2284; baseline 0.001 -1"><span class='ocrx_word' id='word_1_860' title='bbox 1573 2240 1699 2283; x_wconf 88' lang='lat' dir='ltr'><strong>diciis</strong></span> <span class='ocrx_word' id='word_1_861' title='bbox 1739 2240 1873 2283; x_wconf 88' lang='lat' dir='ltr'><strong>fuerit</strong></span> <span class='ocrx_word' id='word_1_862' title='bbox 1911 2244 2168 2283; x_wconf 88' lang='lat' dir='ltr'><strong>commotus.</strong></span> <span class='ocrx_word' id='word_1_863' title='bbox 2230 2237 2274 2280; x_wconf 91' lang='lat' dir='ltr'><strong>S.</strong></span> <span class='ocrx_word' id='word_1_864' title='bbox 2309 2250 2376 2280; x_wconf 84' lang='lat'><strong>111</strong></span> <span class='ocrx_word' id='word_1_865' title='bbox 2411 2238 2469 2280; x_wconf 84' lang='lat' dir='ltr'><strong>id.</strong></span> <span class='ocrx_word' id='word_1_866' title='bbox 2503 2238 2630 2283; x_wconf 87' lang='lat' dir='ltr'><strong>Febr.</strong></span> <span class='ocrx_word' id='word_1_867' title='bbox 2670 2237 2809 2283; x_wconf 87' lang='lat' dir='ltr'><strong>Sirmi</strong></span> <span class='ocrx_word' id='word_1_868' title='bbox 2840 2238 2918 2284; x_wconf 88' lang='lat' dir='ltr'><strong>CC.</strong></span> 
     </span>
     <span class='ocr_line' id='line_1_117' title="bbox 1574 2298 2918 2348; baseline 0.001 -10"><span class='ocrx_word' id='word_1_869' title='bbox 1574 2309 1717 2339; x_wconf 85' lang='lat' dir='ltr'><strong>conss.</strong></span> <span class='ocrx_word' id='word_1_870' title='bbox 2730 2298 2787 2347; x_wconf 85' lang='lat' dir='ltr'><strong>[a.</strong></span> <span class='ocrx_word' id='word_1_871' title='bbox 2819 2298 2918 2348; x_wconf 84' lang='grc'>294]</span> 
     </span>
    </p>

    <p class='ocr_par' dir='ltr' id='par_1_20' title="bbox 1572 2347 2921 2629">
     <span class='ocr_line' id='line_1_118' title="bbox 1635 2347 2919 2396; baseline 0.001 -1"><span class='ocrx_word' id='word_1_872' title='bbox 1635 2347 1697 2396; x_wconf 88' lang='grc'><strong>18</strong></span> <span class='ocrx_word' id='word_1_873' title='bbox 1732 2349 1855 2393; x_wconf 88' lang='lat' dir='ltr'><strong>Idem</strong></span> <span class='ocrx_word' id='word_1_874' title='bbox 1898 2350 1988 2392; x_wconf 89' lang='lat' dir='ltr'><strong>AA.</strong></span> <span class='ocrx_word' id='word_1_875' title='bbox 2036 2357 2077 2393; x_wconf 81' lang='lat' dir='ltr'><strong>el</strong></span> <span class='ocrx_word' id='word_1_876' title='bbox 2126 2347 2203 2394; x_wconf 84' lang='lat' dir='ltr'><strong>CC.</strong></span> <span class='ocrx_word' id='word_1_877' title='bbox 2250 2348 2469 2394; x_wconf 78' lang='lat' dir='ltr'><strong>Maximo.</strong></span> <span class='ocrx_word' id='word_1_878' title='bbox 2534 2350 2606 2393; x_wconf 88' lang='lat' dir='ltr'><strong>Ex</strong></span> <span class='ocrx_word' id='word_1_879' title='bbox 2649 2351 2772 2396; x_wconf 92' lang='lat' dir='ltr'><strong>initio</strong></span> <span class='ocrx_word' id='word_1_880' title='bbox 2816 2351 2919 2396; x_wconf 84' lang='lat' dir='ltr'><strong>falsi</strong></span> 
     </span>
     <span class='ocr_line' id='line_1_119' title="bbox 1575 2405 2921 2462; baseline 0.004 -15"><span class='ocrx_word' id='word_1_881' title='bbox 1575 2405 1794 2449; x_wconf 90' lang='lat' dir='ltr'><strong>commissi</strong></span> <span class='ocrx_word' id='word_1_882' title='bbox 1831 2406 1951 2448; x_wconf 88' lang='lat' dir='ltr'><strong>iusta</strong></span> <span class='ocrx_word' id='word_1_883' title='bbox 1989 2405 2211 2461; x_wconf 90' lang='lat' dir='ltr'><strong>possessio</strong></span> <span class='ocrx_word' id='word_1_884' title='bbox 2243 2418 2331 2448; x_wconf 91' lang='lat' dir='ltr'><strong>non</strong></span> <span class='ocrx_word' id='word_1_885' title='bbox 2361 2411 2558 2462; x_wconf 88' lang='lat' dir='ltr'><strong>paratur.</strong></span> <span class='ocrx_word' id='word_1_886' title='bbox 2618 2408 2736 2452; x_wconf 88' lang='lat' dir='ltr'><strong>unde</strong></span> <span class='ocrx_word' id='word_1_887' title='bbox 2764 2414 2921 2452; x_wconf 86' lang='lat' dir='ltr'><strong>contra</strong></span> 
     </span>
     <span class='ocr_line' id='line_1_120' title="bbox 1574 2461 2918 2521; baseline 0.004 -17"><span class='ocrx_word' id='word_1_888' title='bbox 1574 2474 1669 2514; x_wconf 90' lang='lat' dir='ltr'><strong>eos,</strong></span> <span class='ocrx_word' id='word_1_889' title='bbox 1713 2474 1822 2516; x_wconf 91' lang='lat' dir='ltr'><strong>quos</strong></span> <span class='ocrx_word' id='word_1_890' title='bbox 1860 2462 1913 2505; x_wconf 90' lang='lat' dir='ltr'><strong>de</strong></span> <span class='ocrx_word' id='word_1_891' title='bbox 1952 2461 2143 2505; x_wconf 89' lang='lat' dir='ltr'><strong>dominio</strong></span> <span class='ocrx_word' id='word_1_892' title='bbox 2183 2461 2308 2505; x_wconf 90' lang='lat' dir='ltr'><strong>fundi</strong></span> <span class='ocrx_word' id='word_1_893' title='bbox 2343 2467 2490 2505; x_wconf 91' lang='lat' dir='ltr'><strong>tecum</strong></span> <span class='ocrx_word' id='word_1_894' title='bbox 2521 2463 2786 2508; x_wconf 88' lang='lat' dir='ltr'><strong>contendere</strong></span> <span class='ocrx_word' id='word_1_895' title='bbox 2814 2478 2918 2521; x_wconf 90' lang='lat' dir='ltr'><strong>pro-</strong></span> 
     </span>
     <span class='ocr_line' id='line_1_121' title="bbox 1572 2518 2916 2573; baseline 0.003 -13"><span class='ocrx_word' id='word_1_896' title='bbox 1572 2518 1722 2573; x_wconf 89' lang='lat' dir='ltr'><strong>ponis,</strong></span> <span class='ocrx_word' id='word_1_897' title='bbox 1762 2518 2091 2561; x_wconf 88' lang='lat' dir='ltr'><strong>accusationem</strong></span> <span class='ocrx_word' id='word_1_898' title='bbox 2126 2518 2360 2562; x_wconf 88' lang='lat' dir='ltr'><strong>instituere</strong></span> <span class='ocrx_word' id='word_1_899' title='bbox 2403 2521 2545 2573; x_wconf 90' lang='lat' dir='ltr'><strong>potes.</strong></span> <span class='ocrx_word' id='word_1_900' title='bbox 2616 2519 2661 2563; x_wconf 90' lang='lat' dir='ltr'><strong>S.</strong></span> <span class='ocrx_word' id='word_1_901' title='bbox 2705 2531 2774 2564; x_wconf 85' lang='lat'><strong>111</strong></span> <span class='ocrx_word' id='word_1_902' title='bbox 2813 2534 2916 2566; x_wconf 83' lang='lat' dir='ltr'><strong>non.</strong></span> 
     </span>
     <span class='ocr_line' id='line_1_122' title="bbox 1573 2573 2916 2629; baseline 0.002 -12"><span class='ocrx_word' id='word_1_903' title='bbox 1573 2573 1709 2617; x_wconf 81' lang='lat' dir='ltr'><strong>Mart.</strong></span> <span class='ocrx_word' id='word_1_904' title='bbox 1744 2573 1822 2617; x_wconf 88' lang='grc'><strong>00.</strong></span> <span class='ocrx_word' id='word_1_905' title='bbox 1855 2587 1999 2617; x_wconf 85' lang='lat' dir='ltr'><strong>conss.</strong></span> <span class='ocrx_word' id='word_1_906' title='bbox 2728 2580 2784 2629; x_wconf 90' lang='lat' dir='ltr'><strong>[a.</strong></span> <span class='ocrx_word' id='word_1_907' title='bbox 2818 2580 2916 2629; x_wconf 85' lang='grc'>294]</span> 
     </span>
    </p>

    <p class='ocr_par' dir='ltr' id='par_1_21' title="bbox 1572 2627 2920 3132">
     <span class='ocr_line' id='line_1_123' title="bbox 1634 2627 2918 2688; baseline 0.002 -12"><span class='ocrx_word' id='word_1_908' title='bbox 1634 2627 1697 2676; x_wconf 87' lang='grc'><strong>19</strong></span> <span class='ocrx_word' id='word_1_909' title='bbox 1731 2628 1856 2673; x_wconf 89' lang='lat' dir='ltr'><strong>Idem</strong></span> <span class='ocrx_word' id='word_1_910' title='bbox 1884 2630 1975 2673; x_wconf 92' lang='lat' dir='ltr'><strong>AA.</strong></span> <span class='ocrx_word' id='word_1_911' title='bbox 2009 2635 2052 2672; x_wconf 84' lang='lat' dir='ltr'><strong>et</strong></span> <span class='ocrx_word' id='word_1_912' title='bbox 2084 2628 2161 2673; x_wconf 84' lang='grc'><strong>00.</strong></span> <span class='ocrx_word' id='word_1_913' title='bbox 2198 2630 2410 2674; x_wconf 76' lang='lat' dir='ltr'><strong>Cosmiae.</strong></span> <span class='ocrx_word' id='word_1_914' title='bbox 2469 2630 2570 2675; x_wconf 90' lang='lat' dir='ltr'><strong>Etsi</strong></span> <span class='ocrx_word' id='word_1_915' title='bbox 2608 2630 2665 2675; x_wconf 88' lang='lat' dir='ltr'><strong>ad</strong></span> <span class='ocrx_word' id='word_1_916' title='bbox 2703 2636 2749 2676; x_wconf 86' lang='lat' dir='ltr'><strong>te</strong></span> <span class='ocrx_word' id='word_1_917' title='bbox 2785 2645 2918 2688; x_wconf 87' lang='lat' dir='ltr'><strong>nego·</strong></span> 
     </span>
     <span class='ocr_line' id='line_1_124' title="bbox 1572 2685 2920 2741; baseline 0.005 -14"><span class='ocrx_word' id='word_1_918' title='bbox 1572 2686 1684 2728; x_wconf 92' lang='lat' dir='ltr'><strong>tium</strong></span> <span class='ocrx_word' id='word_1_919' title='bbox 1721 2685 1956 2740; x_wconf 86' lang='lat' dir='ltr'><strong>pertinuit,</strong></span> <span class='ocrx_word' id='word_1_920' title='bbox 1997 2685 2130 2729; x_wconf 88' lang='lat' dir='ltr'><strong>etiam</strong></span> <span class='ocrx_word' id='word_1_921' title='bbox 2170 2691 2302 2741; x_wconf 88' lang='lat' dir='ltr'><strong>atque</strong></span> <span class='ocrx_word' id='word_1_922' title='bbox 2334 2687 2467 2730; x_wconf 88' lang='lat' dir='ltr'><strong>etiam</strong></span> <span class='ocrx_word' id='word_1_923' title='bbox 2496 2691 2643 2731; x_wconf 91' lang='lat' dir='ltr'><strong>tecum</strong></span> <span class='ocrx_word' id='word_1_924' title='bbox 2673 2687 2920 2734; x_wconf 85' lang='lat' dir='ltr'><strong>deliberare</strong></span> 
     </span>
     <span class='ocr_line' id='line_1_125' title="bbox 1574 2741 2920 2797; baseline 0.003 -13"><span class='ocrx_word' id='word_1_925' title='bbox 1574 2742 1802 2795; x_wconf 87' lang='lat' dir='ltr'><strong>debueras,</strong></span> <span class='ocrx_word' id='word_1_926' title='bbox 1833 2754 1888 2784; x_wconf 94' lang='lat' dir='ltr'><strong>ne</strong></span> <span class='ocrx_word' id='word_1_927' title='bbox 1916 2741 2161 2796; x_wconf 88' lang='lat' dir='ltr'><strong>improbam</strong></span> <span class='ocrx_word' id='word_1_928' title='bbox 2186 2741 2441 2788; x_wconf 90' lang='lat' dir='ltr'><strong>institueres</strong></span> <span class='ocrx_word' id='word_1_929' title='bbox 2458 2744 2802 2797; x_wconf 89' lang='lat' dir='ltr'><strong>accusationem,</strong></span> <span class='ocrx_word' id='word_1_930' title='bbox 2833 2745 2920 2790; x_wconf 88' lang='lat' dir='ltr'><strong>hoc</strong></span> 
     </span>
     <span class='ocr_line' id='line_1_126' title="bbox 1573 2797 2920 2856; baseline 0.004 -16"><span class='ocrx_word' id='word_1_931' title='bbox 1573 2798 1912 2841; x_wconf 90' lang='lat' dir='ltr'><strong>instrumentum</strong></span> <span class='ocrx_word' id='word_1_932' title='bbox 1951 2797 2112 2840; x_wconf 89' lang='lat' dir='ltr'><strong>falsum</strong></span> <span class='ocrx_word' id='word_1_933' title='bbox 2151 2798 2196 2840; x_wconf 90' lang='lat' dir='ltr'><strong>iu</strong></span> <span class='ocrx_word' id='word_1_934' title='bbox 2235 2811 2321 2852; x_wconf 92' lang='lat' dir='ltr'><strong>quo</strong></span> <span class='ocrx_word' id='word_1_935' title='bbox 2361 2799 2693 2854; x_wconf 89' lang='lat' dir='ltr'><strong>subscripseras</strong></span> <span class='ocrx_word' id='word_1_936' title='bbox 2733 2813 2920 2856; x_wconf 86' lang='lat' dir='ltr'><strong>arguere</strong></span> 
     </span>
     <span class='ocr_line' id='line_1_127' title="bbox 1579 2853 2919 2900; baseline 0.003 -4"><span class='ocrx_word' id='word_1_937' title='bbox 1579 2858 1594 2896; x_wconf 93' lang='lat'>1</span> <span class='ocrx_word' id='word_1_938' title='bbox 1659 2853 1943 2896; x_wconf 90' lang='lat' dir='ltr'><strong>contendens.</strong></span> <span class='ocrx_word' id='word_1_939' title='bbox 1999 2853 2086 2895; x_wconf 90' lang='lat' dir='ltr'><strong>At⁷</strong></span> <span class='ocrx_word' id='word_1_940' title='bbox 2116 2866 2215 2896; x_wconf 92' lang='lat' dir='ltr'><strong>cum</strong></span> <span class='ocrx_word' id='word_1_941' title='bbox 2246 2854 2502 2898; x_wconf 88' lang='lat' dir='ltr'><strong>mulieribus</strong></span> <span class='ocrx_word' id='word_1_942' title='bbox 2532 2856 2576 2898; x_wconf 92' lang='lat' dir='ltr'><strong>in</strong></span> <span class='ocrx_word' id='word_1_943' title='bbox 2607 2857 2752 2900; x_wconf 90' lang='lat' dir='ltr'><strong>aliena</strong></span> <span class='ocrx_word' id='word_1_944' title='bbox 2781 2870 2919 2900; x_wconf 89' lang='lat' dir='ltr'><strong>causa</strong></span> 
     </span>
     <span class='ocr_line' id='line_1_128' title="bbox 1573 2909 2918 2964; baseline 0.003 -12"><span class='ocrx_word' id='word_1_945' title='bbox 1573 2909 1676 2953; x_wconf 89' lang='lat' dir='ltr'><strong>falsi</strong></span> <span class='ocrx_word' id='word_1_946' title='bbox 1720 2922 1807 2952; x_wconf 91' lang='lat' dir='ltr'><strong>non</strong></span> <span class='ocrx_word' id='word_1_947' title='bbox 1851 2910 1911 2955; x_wconf 88' lang='lat' dir='ltr'><strong>sit</strong></span> <span class='ocrx_word' id='word_1_948' title='bbox 1950 2922 2209 2952; x_wconf 90' lang='lat' dir='ltr'><strong>concessum</strong></span> <span class='ocrx_word' id='word_1_949' title='bbox 2247 2922 2482 2964; x_wconf 87' lang='lat' dir='ltr'><strong>accusare,</strong></span> <span class='ocrx_word' id='word_1_950' title='bbox 2527 2913 2576 2953; x_wconf 93' lang='lat' dir='ltr'><strong>tu</strong></span> <span class='ocrx_word' id='word_1_951' title='bbox 2618 2917 2767 2955; x_wconf 90' lang='lat' dir='ltr'><strong>autem</strong></span> <span class='ocrx_word' id='word_1_952' title='bbox 2806 2912 2918 2956; x_wconf 87' lang='lat' dir='ltr'><strong>haec</strong></span> 
     </span>
     <span class='ocr_line' id='line_1_129' title="bbox 1574 2965 2918 3023; baseline 0.003 -15"><span class='ocrx_word' id='word_1_953' title='bbox 1574 2965 1726 3009; x_wconf 86' lang='lat' dir='ltr'><strong>eadem</strong></span> <span class='ocrx_word' id='word_1_954' title='bbox 1766 2965 1948 3020; x_wconf 87' lang='lat' dir='ltr'><strong>praedia</strong></span> <span class='ocrx_word' id='word_1_955' title='bbox 1986 2970 2030 3008; x_wconf 92' lang='lat' dir='ltr'><strong>te</strong></span> <span class='ocrx_word' id='word_1_956' title='bbox 2067 2965 2189 3020; x_wconf 89' lang='lat' dir='ltr'><strong>prius</strong></span> <span class='ocrx_word' id='word_1_957' title='bbox 2227 2965 2302 3009; x_wconf 91' lang='lat' dir='ltr'><strong>alii</strong></span> <span class='ocrx_word' id='word_1_958' title='bbox 2333 2966 2523 3011; x_wconf 89' lang='lat' dir='ltr'><strong>donasse</strong></span> <span class='ocrx_word' id='word_1_959' title='bbox 2551 2980 2791 3023; x_wconf 88' lang='lat' dir='ltr'><strong>proponas,</strong></span> <span class='ocrx_word' id='word_1_960' title='bbox 2821 2967 2918 3012; x_wconf 88' lang='lat' dir='ltr'><strong>fieri</strong></span> 
     </span>
     <span class='ocr_line' id='line_1_130' title="bbox 1573 3021 2916 3078; baseline 0.003 -14"><span class='ocrx_word' id='word_1_961' title='bbox 1573 3021 1655 3064; x_wconf 90' lang='lat' dir='ltr'><strong>tibi</strong></span> <span class='ocrx_word' id='word_1_962' title='bbox 1693 3021 1950 3064; x_wconf 87' lang='lat' dir='ltr'><strong>facultatem</strong></span> <span class='ocrx_word' id='word_1_963' title='bbox 1988 3021 2233 3065; x_wconf 88' lang='lat' dir='ltr'><strong>accusandi</strong></span> <span class='ocrx_word' id='word_1_964' title='bbox 2274 3025 2430 3066; x_wconf 90' lang='lat' dir='ltr'><strong>contra</strong></span> <span class='ocrx_word' id='word_1_965' title='bbox 2457 3023 2566 3067; x_wconf 90' lang='lat' dir='ltr'><strong>iuris</strong></span> <span class='ocrx_word' id='word_1_966' title='bbox 2596 3024 2797 3078; x_wconf 83' lang='lat' dir='ltr'><strong>postulas</strong></span> <span class='ocrx_word' id='word_1_967' title='bbox 2825 3024 2916 3069; x_wconf 90' lang='lat' dir='ltr'><strong>for-</strong></span> 
     </span>
     <span class='ocr_line' id='line_1_131' title="bbox 1572 3076 2915 3132; baseline 0.003 -12"><span class='ocrx_word' id='word_1_968' title='bbox 1572 3090 1702 3120; x_wconf 88' lang='lat' dir='ltr'><strong>mam.</strong></span> <span class='ocrx_word' id='word_1_969' title='bbox 1763 3076 1807 3121; x_wconf 91' lang='lat' dir='ltr'><strong>S.</strong></span> <span class='ocrx_word' id='word_1_970' title='bbox 1849 3089 1943 3120; x_wconf 74' lang='grc' dir='ltr'><strong>νη]</strong></span> <span class='ocrx_word' id='word_1_971' title='bbox 1968 3077 2026 3121; x_wconf 90' lang='lat' dir='ltr'><strong>id.</strong></span> <span class='ocrx_word' id='word_1_972' title='bbox 2058 3076 2195 3121; x_wconf 90' lang='lat' dir='ltr'><strong>Mart.</strong></span> <span class='ocrx_word' id='word_1_973' title='bbox 2231 3076 2309 3121; x_wconf 88' lang='grc'><strong>00.</strong></span> <span class='ocrx_word' id='word_1_974' title='bbox 2342 3091 2486 3122; x_wconf 82' lang='lat' dir='ltr'><strong>conss.</strong></span> <span class='ocrx_word' id='word_1_975' title='bbox 2728 3083 2786 3132; x_wconf 88' lang='lat' dir='ltr'><strong>[a.</strong></span> <span class='ocrx_word' id='word_1_976' title='bbox 2818 3083 2915 3132; x_wconf 83' lang='grc'>294]</span> 
     </span>
    </p>

    <p class='ocr_par' dir='ltr' id='par_1_22' title="bbox 1572 3131 2918 3413">
     <span class='ocr_line' id='line_1_132' title="bbox 1631 3131 2915 3192; baseline 0.001 -14"><span class='ocrx_word' id='word_1_977' title='bbox 1631 3131 1695 3180; x_wconf 82' lang='grc'><strong>20</strong></span> <span class='ocrx_word' id='word_1_978' title='bbox 1728 3131 1853 3176; x_wconf 90' lang='lat' dir='ltr'><strong>Idem</strong></span> <span class='ocrx_word' id='word_1_979' title='bbox 1869 3134 1960 3176; x_wconf 87' lang='lat' dir='ltr'><strong>AA.</strong></span> <span class='ocrx_word' id='word_1_980' title='bbox 1994 3139 2038 3176; x_wconf 87' lang='lat' dir='ltr'><strong>et</strong></span> <span class='ocrx_word' id='word_1_981' title='bbox 2070 3132 2146 3176; x_wconf 91' lang='grc'><strong>00.</strong></span> <span class='ocrx_word' id='word_1_982' title='bbox 2173 3131 2353 3189; x_wconf 80' lang='lat' dir='ltr'><strong>Rufino.</strong></span> <span class='ocrx_word' id='word_1_983' title='bbox 2413 3134 2511 3178; x_wconf 88' lang='lat' dir='ltr'><strong>Nec</strong></span> <span class='ocrx_word' id='word_1_984' title='bbox 2541 3135 2785 3191; x_wconf 87' lang='lat' dir='ltr'><strong>exemplum</strong></span> <span class='ocrx_word' id='word_1_985' title='bbox 2814 3148 2915 3192; x_wconf 92' lang='lat' dir='ltr'><strong>pre-</strong></span> 
     </span>
     <span class='ocr_line' id='line_1_133' title="bbox 1573 3188 2918 3246; baseline 0.002 -13"><span class='ocrx_word' id='word_1_986' title='bbox 1573 3203 1673 3233; x_wconf 91' lang='lat' dir='ltr'><strong>cum</strong></span> <span class='ocrx_word' id='word_1_987' title='bbox 1704 3188 1905 3233; x_wconf 90' lang='lat' dir='ltr'><strong>editionis</strong></span> <span class='ocrx_word' id='word_1_988' title='bbox 1935 3189 2064 3239; x_wconf 88' lang='lat' dir='ltr'><strong>aliter</strong></span> <span class='ocrx_word' id='word_1_989' title='bbox 2094 3202 2174 3245; x_wconf 88' lang='lat' dir='ltr'><strong>per</strong></span> <span class='ocrx_word' id='word_1_990' title='bbox 2202 3202 2396 3233; x_wconf 88' lang='lat' dir='ltr'><strong>errorem</strong></span> <span class='ocrx_word' id='word_1_991' title='bbox 2430 3191 2658 3246; x_wconf 89' lang='lat' dir='ltr'><strong>scriptum,</strong></span> <span class='ocrx_word' id='word_1_992' title='bbox 2699 3204 2799 3236; x_wconf 92' lang='lat' dir='ltr'><strong>cum</strong></span> <span class='ocrx_word' id='word_1_993' title='bbox 2828 3205 2918 3236; x_wconf 87' lang='lat' dir='ltr'><strong>non</strong></span> 
     </span>
     <span class='ocr_line' id='line_1_134' title="bbox 1572 3244 2914 3303; baseline 0.003 -15"><span class='ocrx_word' id='word_1_994' title='bbox 1572 3246 1658 3290; x_wconf 86' lang='lat' dir='ltr'><strong>nisi</strong></span> <span class='ocrx_word' id='word_1_995' title='bbox 1695 3245 1798 3289; x_wconf 88' lang='lat' dir='ltr'><strong>dolo</strong></span> <span class='ocrx_word' id='word_1_996' title='bbox 1835 3244 1995 3289; x_wconf 87' lang='lat' dir='ltr'><strong>falsum</strong></span> <span class='ocrx_word' id='word_1_997' title='bbox 2035 3245 2357 3290; x_wconf 87' lang='lat' dir='ltr'><strong>committentes</strong></span> <span class='ocrx_word' id='word_1_998' title='bbox 2398 3247 2568 3290; x_wconf 91' lang='lat' dir='ltr'><strong>crimini</strong></span> <span class='ocrx_word' id='word_1_999' title='bbox 2614 3247 2914 3303; x_wconf 84' lang='lat' dir='ltr'><strong>subiugentur,</strong></span> 
     </span>
     <span class='ocr_line' id='line_1_135' title="bbox 1574 3301 2914 3356; baseline 0.002 -11"><span class='ocrx_word' id='word_1_1000' title='bbox 1574 3301 1867 3356; x_wconf 90' lang='lat' dir='ltr'><strong>cognitionem</strong></span> <span class='ocrx_word' id='word_1_1001' title='bbox 1911 3301 2005 3345; x_wconf 88' lang='lat' dir='ltr'><strong>dati</strong></span> <span class='ocrx_word' id='word_1_1002' title='bbox 2047 3301 2205 3345; x_wconf 91' lang='lat' dir='ltr'><strong>iudicis</strong></span> <span class='ocrx_word' id='word_1_1003' title='bbox 2250 3307 2462 3346; x_wconf 91' lang='lat' dir='ltr'><strong>moratur.</strong></span> <span class='ocrx_word' id='word_1_1004' title='bbox 2533 3302 2578 3347; x_wconf 93' lang='lat' dir='ltr'><strong>S.</strong></span> <span class='ocrx_word' id='word_1_1005' title='bbox 2620 3315 2680 3347; x_wconf 75' lang='grc' dir='ltr'><strong>Χ]</strong></span> <span class='ocrx_word' id='word_1_1006' title='bbox 2717 3302 2759 3348; x_wconf 83' lang='lat' dir='ltr'><strong>k.</strong></span> <span class='ocrx_word' id='word_1_1007' title='bbox 2801 3303 2914 3350; x_wconf 86' lang='lat' dir='ltr'><strong>Nov.</strong></span> 
     </span>
     <span class='ocr_line' id='line_1_136' title="bbox 1573 3357 2914 3413; baseline 0.002 -12"><span class='ocrx_word' id='word_1_1008' title='bbox 1573 3357 1809 3401; x_wconf 63' lang='lat' dir='ltr'><strong>Dor-ostoli</strong></span> <span class='ocrx_word' id='word_1_1009' title='bbox 1843 3357 1919 3401; x_wconf 84' lang='lat' dir='ltr'><strong>CC.</strong></span> <span class='ocrx_word' id='word_1_1010' title='bbox 1952 3371 2094 3401; x_wconf 85' lang='lat' dir='ltr'><strong>conss.</strong></span> <span class='ocrx_word' id='word_1_1011' title='bbox 2728 3363 2783 3413; x_wconf 89' lang='lat' dir='ltr'><strong>[a.</strong></span> <span class='ocrx_word' id='word_1_1012' title='bbox 2817 3363 2914 3413; x_wconf 88' lang='grc'>294]</span> 
     </span>
    </p>

    <p class='ocr_par' dir='ltr' id='par_1_23' title="bbox 1571 3412 2915 4254">
     <span class='ocr_line' id='line_1_137' title="bbox 1629 3412 2914 3472; baseline 0.002 -14"><span class='ocrx_word' id='word_1_1013' title='bbox 1629 3412 1688 3459; x_wconf 86' lang='lat'><strong>21</strong></span> <span class='ocrx_word' id='word_1_1014' title='bbox 1743 3412 1875 3472; x_wconf 80' lang='lat' dir='ltr'><strong>⁸Imp.</strong></span> <span class='ocrx_word' id='word_1_1015' title='bbox 1925 3412 2245 3458; x_wconf 81' lang='lat' dir='ltr'><strong>Constantinus</strong></span> <span class='ocrx_word' id='word_1_1016' title='bbox 2288 3417 2339 3458; x_wconf 89' lang='lat' dir='ltr'><strong>A.</strong></span> <span class='ocrx_word' id='word_1_1017' title='bbox 2385 3413 2627 3458; x_wconf 80' lang='lat' dir='ltr'><strong>Maecilio⁹</strong></span> <span class='ocrx_word' id='word_1_1018' title='bbox 2672 3414 2914 3460; x_wconf 77' lang='lat' dir='ltr'><strong>Hilariano</strong></span> 
     </span>
     <span class='ocr_line' id='line_1_138' title="bbox 1573 3469 2913 3527; baseline 0.003 -15"><span class='ocrx_word' id='word_1_1019' title='bbox 1573 3470 1822 3514; x_wconf 80' lang='lat' dir='ltr'><strong>correctori</strong></span> <span class='ocrx_word' id='word_1_1020' title='bbox 1852 3469 2081 3514; x_wconf 81' lang='lat' dir='ltr'><strong>Lucaniae</strong></span> <span class='ocrx_word' id='word_1_1021' title='bbox 2109 3474 2154 3513; x_wconf 87' lang='lat' dir='ltr'><strong>et</strong></span> <span class='ocrx_word' id='word_1_1022' title='bbox 2183 3469 2469 3514; x_wconf 81' lang='lat' dir='ltr'><strong>Brittiorum.</strong></span> <span class='ocrx_word' id='word_1_1023' title='bbox 2531 3470 2577 3514; x_wconf 90' lang='lat' dir='ltr'><strong>Si</strong></span> <span class='ocrx_word' id='word_1_1024' title='bbox 2607 3471 2704 3527; x_wconf 92' lang='lat' dir='ltr'><strong>quis</strong></span> <span class='ocrx_word' id='word_1_1025' title='bbox 2736 3471 2913 3516; x_wconf 89' lang='lat' dir='ltr'><strong>decurio</strong></span> 
     </span>
     <span class='ocr_line' id='line_1_139' title="bbox 1572 3525 2915 3581; baseline 0.004 -13"><span class='ocrx_word' id='word_1_1026' title='bbox 1572 3527 1884 3570; x_wconf 87' lang='lat' dir='ltr'><strong>testamentum</strong></span> <span class='ocrx_word' id='word_1_1027' title='bbox 1930 3526 1997 3569; x_wconf 89' lang='lat' dir='ltr'><strong>vel</strong></span> <span class='ocrx_word' id='word_1_1028' title='bbox 2042 3525 2270 3570; x_wconf 88' lang='lat' dir='ltr'><strong>codicillos</strong></span> <span class='ocrx_word' id='word_1_1029' title='bbox 2315 3531 2393 3570; x_wconf 91' lang='lat' dir='ltr'><strong>aut</strong></span> <span class='ocrx_word' id='word_1_1030' title='bbox 2436 3527 2628 3581; x_wconf 89' lang='lat' dir='ltr'><strong>aliquam</strong></span> <span class='ocrx_word' id='word_1_1031' title='bbox 2671 3527 2915 3573; x_wconf 87' lang='lat' dir='ltr'><strong>deficientis</strong></span> 
     </span>
     <span class='ocr_line' id='line_1_140' title="bbox 1574 3581 2913 3639; baseline 0.001 -13"><span class='ocrx_word' id='word_1_1032' title='bbox 1574 3581 1799 3638; x_wconf 90' lang='lat' dir='ltr'><strong>scripserit</strong></span> <span class='ocrx_word' id='word_1_1033' title='bbox 1828 3582 2100 3625; x_wconf 89' lang='lat' dir='ltr'><strong>voluntatem</strong></span> <span class='ocrx_word' id='word_1_1034' title='bbox 2129 3582 2197 3625; x_wconf 89' lang='lat' dir='ltr'><strong>vel</strong></span> <span class='ocrx_word' id='word_1_1035' title='bbox 2229 3582 2557 3627; x_wconf 91' lang='lat' dir='ltr'><strong>conscribendis</strong></span> <span class='ocrx_word' id='word_1_1036' title='bbox 2596 3583 2785 3639; x_wconf 89' lang='lat' dir='ltr'><strong>publicis</strong></span> <span class='ocrx_word' id='word_1_1037' title='bbox 2853 3583 2913 3628; x_wconf 87' lang='lat' dir='ltr'><strong>ri-</strong></span> 
     </span>
     <span class='ocr_line' id='line_1_141' title="bbox 1572 3598 2914 3694; baseline 0.003 -14"><span class='ocrx_word' id='word_1_1038' title='bbox 1572 3638 1771 3694; x_wconf 89' lang='lat' dir='ltr'><strong>vatisque</strong></span> <span class='ocrx_word' id='word_1_1039' title='bbox 1815 3637 2118 3682; x_wconf 90' lang='lat' dir='ltr'><strong>instrumentis</strong></span> <span class='ocrx_word' id='word_1_1040' title='bbox 2163 3639 2419 3693; x_wconf 89' lang='lat' dir='ltr'><strong>praebuerit</strong></span> <span class='ocrx_word' id='word_1_1041' title='bbox 2462 3639 2677 3692; x_wconf 89' lang='lat' dir='ltr'><strong>officium,</strong></span> <span class='ocrx_word' id='word_1_1042' title='bbox 2733 3640 2771 3683; x_wconf 89' lang='lat' dir='ltr'><strong>si</strong></span> <span class='ocrx_word' id='word_1_1043' title='bbox 2812 3598 2914 3684; x_wconf 55' lang='lat' dir='ltr'><strong>tglsi</strong></span> 
     </span>
     <span class='ocr_line' id='line_1_142' title="bbox 1574 3693 2912 3751; baseline 0.001 -13"><span class='ocrx_word' id='word_1_1044' title='bbox 1574 3694 1773 3750; x_wconf 87' lang='lat' dir='ltr'><strong>quaestio</strong></span> <span class='ocrx_word' id='word_1_1045' title='bbox 1825 3699 2075 3745; x_wconf 89' lang='lat' dir='ltr'><strong>moveatur,</strong></span> <span class='ocrx_word' id='word_1_1046' title='bbox 2129 3693 2441 3739; x_wconf 90' lang='lat' dir='ltr'><strong>decurionatus</strong></span> <span class='ocrx_word' id='word_1_1047' title='bbox 2494 3696 2663 3740; x_wconf 88' lang='lat' dir='ltr'><strong>honore</strong></span> <span class='ocrx_word' id='word_1_1048' title='bbox 2717 3696 2912 3751; x_wconf 90' lang='lat' dir='ltr'><strong>seposito</strong></span> 
     </span>
     <span class='ocr_line' id='line_1_143' title="bbox 1578 3750 2913 3806; baseline 0.002 -15"><span class='ocrx_word' id='word_1_1049' title='bbox 1578 3756 1593 3791; x_wconf 85' lang='lat'>1</span> <span class='ocrx_word' id='word_1_1050' title='bbox 1658 3750 1916 3806; x_wconf 91' lang='lat' dir='ltr'><strong>quaestioni,</strong></span> <span class='ocrx_word' id='word_1_1051' title='bbox 1949 3751 1986 3794; x_wconf 91' lang='lat' dir='ltr'><strong>si</strong></span> <span class='ocrx_word' id='word_1_1052' title='bbox 2010 3751 2075 3793; x_wconf 89' lang='lat' dir='ltr'><strong>ita</strong></span> <span class='ocrx_word' id='word_1_1053' title='bbox 2099 3751 2354 3806; x_wconf 89' lang='lat' dir='ltr'><strong>poposcerit</strong></span> <span class='ocrx_word' id='word_1_1054' title='bbox 2377 3763 2526 3804; x_wconf 86' lang='lat' dir='ltr'><strong>causa,</strong></span> <span class='ocrx_word' id='word_1_1055' title='bbox 2551 3751 2781 3796; x_wconf 89' lang='lat' dir='ltr'><strong>subdatur.</strong></span> <span class='ocrx_word' id='word_1_1056' title='bbox 2826 3751 2913 3796; x_wconf 87' lang='lat' dir='ltr'><strong>Sed</strong></span> 
     </span>
     <span class='ocr_line' id='line_1_144' title="bbox 1575 3806 2914 3862; baseline 0.001 -14"><span class='ocrx_word' id='word_1_1057' title='bbox 1575 3820 1662 3849; x_wconf 90' lang='lat' dir='ltr'><strong>non</strong></span> <span class='ocrx_word' id='word_1_1058' title='bbox 1707 3806 1855 3850; x_wconf 89' lang='lat' dir='ltr'><strong>statim</strong></span> <span class='ocrx_word' id='word_1_1059' title='bbox 1893 3806 2054 3850; x_wconf 86' lang='lat' dir='ltr'><strong>desinit</strong></span> <span class='ocrx_word' id='word_1_1060' title='bbox 2092 3819 2188 3850; x_wconf 90' lang='lat' dir='ltr'><strong>esse</strong></span> <span class='ocrx_word' id='word_1_1061' title='bbox 2228 3807 2429 3859; x_wconf 79' lang='lat' dir='ltr'><strong>decurio,</strong></span> <span class='ocrx_word' id='word_1_1062' title='bbox 2469 3808 2544 3862; x_wconf 91' lang='lat' dir='ltr'><strong>qui</strong></span> <span class='ocrx_word' id='word_1_1063' title='bbox 2581 3808 2627 3851; x_wconf 91' lang='lat' dir='ltr'><strong>in</strong></span> <span class='ocrx_word' id='word_1_1064' title='bbox 2664 3807 2914 3852; x_wconf 88' lang='lat' dir='ltr'><strong>huiusmodi</strong></span> 
     </span>
     <span class='ocr_line' id='line_1_145' title="bbox 1573 3862 2911 3919; baseline 0.001 -15"><span class='ocrx_word' id='word_1_1065' title='bbox 1573 3862 1694 3906; x_wconf 83' lang='lat' dir='ltr'><strong>facto</strong></span> <span class='ocrx_word' id='word_1_1066' title='bbox 1724 3862 1926 3905; x_wconf 80' lang='lat' dir='ltr'><strong>fuerit¹⁰z</strong></span> <span class='ocrx_word' id='word_1_1067' title='bbox 1971 3866 2183 3918; x_wconf 89' lang='lat' dir='ltr'><strong>quantum</strong></span> <span class='ocrx_word' id='word_1_1068' title='bbox 2221 3863 2337 3907; x_wconf 91' lang='lat' dir='ltr'><strong>enim</strong></span> <span class='ocrx_word' id='word_1_1069' title='bbox 2375 3863 2433 3906; x_wconf 92' lang='lat' dir='ltr'><strong>ad</strong></span> <span class='ocrx_word' id='word_1_1070' title='bbox 2460 3862 2748 3919; x_wconf 86' lang='lat' dir='ltr'><strong>municipales</strong></span> <span class='ocrx_word' id='word_1_1071' title='bbox 2808 3863 2911 3907; x_wconf 87' lang='lat' dir='ltr'><strong>erti-</strong></span> 
     </span>
     <span class='ocr_line' id='line_1_146' title="bbox 1574 3918 2911 3975; baseline 0.001 -15"><span class='ocrx_word' id='word_1_1072' title='bbox 1574 3924 1649 3961; x_wconf 91' lang='lat' dir='ltr'><strong>net</strong></span> <span class='ocrx_word' id='word_1_1073' title='bbox 1677 3918 1977 3966; x_wconf 88' lang='lat' dir='ltr'><strong>necessitates,</strong></span> <span class='ocrx_word' id='word_1_1074' title='bbox 2009 3918 2189 3962; x_wconf 90' lang='lat' dir='ltr'><strong>decurio</strong></span> <span class='ocrx_word' id='word_1_1075' title='bbox 2219 3922 2470 3975; x_wconf 87' lang='lat' dir='ltr'><strong>permanet:</strong></span> <span class='ocrx_word' id='word_1_1076' title='bbox 2502 3923 2714 3975; x_wconf 89' lang='lat' dir='ltr'><strong>quantum</strong></span> <span class='ocrx_word' id='word_1_1077' title='bbox 2739 3931 2765 3962; x_wconf 90' lang='lat' dir='ltr'><strong>a</strong></span> <span class='ocrx_word' id='word_1_1078' title='bbox 2820 3931 2911 3962; x_wconf 90' lang='lat' dir='ltr'><strong>rem</strong></span> 
     </span>
     <span class='ocr_line' id='line_1_147' title="bbox 1571 3975 2909 4029; baseline -0.001 -12"><span class='ocrx_word' id='word_1_1079' title='bbox 1571 3976 1741 4029; x_wconf 88' lang='lat' dir='ltr'><strong>gestam</strong></span> <span class='ocrx_word' id='word_1_1080' title='bbox 1780 3977 1825 4017; x_wconf 91' lang='lat' dir='ltr'><strong>et</strong></span> <span class='ocrx_word' id='word_1_1081' title='bbox 1861 3975 2088 4018; x_wconf 85' lang='lat' dir='ltr'><strong>veritatem</strong></span> <span class='ocrx_word' id='word_1_1082' title='bbox 2126 3975 2409 4018; x_wconf 89' lang='lat' dir='ltr'><strong>reserandam</strong></span> <span class='ocrx_word' id='word_1_1083' title='bbox 2427 3976 2459 4000; x_wconf 90' lang='lat'><strong>¹¹</strong></span> <span class='ocrx_word' id='word_1_1084' title='bbox 2497 3975 2563 4018; x_wconf 89' lang='lat' dir='ltr'><strong>uti</strong></span> <span class='ocrx_word' id='word_1_1085' title='bbox 2602 3975 2909 4019; x_wconf 89' lang='lat' dir='ltr'><strong>decurionatus</strong></span> 
     </span>
     <span class='ocr_line' id='line_1_148' title="bbox 1574 4029 2911 4085; baseline 0 -13"><span class='ocrx_word' id='word_1_1086' title='bbox 1574 4035 1598 4073; x_wconf 88' lang='lat'>2</span> <span class='ocrx_word' id='word_1_1087' title='bbox 1628 4033 1688 4083; x_wconf 92' lang='lat'><strong>(1)</strong></span> <span class='ocrx_word' id='word_1_1088' title='bbox 1744 4029 1914 4074; x_wconf 90' lang='lat' dir='ltr'><strong>honore</strong></span> <span class='ocrx_word' id='word_1_1089' title='bbox 1957 4044 2046 4075; x_wconf 92' lang='lat' dir='ltr'><strong>non</strong></span> <span class='ocrx_word' id='word_1_1090' title='bbox 2118 4031 2260 4074; x_wconf 92' lang='lat' dir='ltr'><strong>oterit.</strong></span> <span class='ocrx_word' id='word_1_1091' title='bbox 2329 4031 2423 4074; x_wconf 91' lang='lat' dir='ltr'><strong>Nec</strong></span> <span class='ocrx_word' id='word_1_1092' title='bbox 2460 4043 2562 4075; x_wconf 85' lang='lat' dir='ltr'><strong>vero</strong></span> <span class='ocrx_word' id='word_1_1093' title='bbox 2601 4031 2662 4084; x_wconf 94' lang='lat' dir='ltr'><strong>is,</strong></span> <span class='ocrx_word' id='word_1_1094' title='bbox 2706 4029 2780 4085; x_wconf 88' lang='lat' dir='ltr'><strong>qui</strong></span> <span class='ocrx_word' id='word_1_1095' title='bbox 2808 4034 2911 4073; x_wconf 89' lang='lat' dir='ltr'><strong>ante</strong></span> 
     </span>
     <span class='ocr_line' id='line_1_149' title="bbox 1571 4045 2909 4142; baseline 0 -14"><span class='ocrx_word' id='word_1_1096' title='bbox 1571 4085 1706 4130; x_wconf 84' lang='lat' dir='ltr'><strong>fuerit</strong></span> <span class='ocrx_word' id='word_1_1097' title='bbox 1733 4086 1933 4139; x_wconf 88' lang='lat' dir='ltr'><strong>tabellio,</strong></span> <span class='ocrx_word' id='word_1_1098' title='bbox 1971 4086 2029 4130; x_wconf 92' lang='lat' dir='ltr'><strong>ad</strong></span> <span class='ocrx_word' id='word_1_1099' title='bbox 2059 4045 2319 4130; x_wconf 62' lang='lat' dir='ltr'><strong>efudendam</strong></span> <span class='ocrx_word' id='word_1_1100' title='bbox 2350 4087 2648 4142; x_wconf 89' lang='lat' dir='ltr'><strong>quaestionem</strong></span> <span class='ocrx_word' id='word_1_1101' title='bbox 2678 4097 2813 4141; x_wconf 85' lang='lat' dir='ltr'><strong>super</strong></span> <span class='ocrx_word' id='word_1_1102' title='bbox 2840 4085 2909 4128; x_wconf 91' lang='lat' dir='ltr'><strong>his</strong></span> 
     </span>
     <span class='ocr_line' id='line_1_150' title="bbox 1573 4140 2909 4198; baseline -0.001 -13"><span class='ocrx_word' id='word_1_1103' title='bbox 1573 4154 1686 4196; x_wconf 90' lang='lat' dir='ltr'><strong>quae</strong></span> <span class='ocrx_word' id='word_1_1104' title='bbox 1716 4146 1818 4185; x_wconf 90' lang='lat' dir='ltr'><strong>ante</strong></span> <span class='ocrx_word' id='word_1_1105' title='bbox 1849 4142 2113 4198; x_wconf 90' lang='lat' dir='ltr'><strong>conscripsit</strong></span> <span class='ocrx_word' id='word_1_1106' title='bbox 2140 4141 2287 4186; x_wconf 89' lang='lat' dir='ltr'><strong>factus</strong></span> <span class='ocrx_word' id='word_1_1107' title='bbox 2319 4142 2497 4186; x_wconf 90' lang='lat' dir='ltr'><strong>decurio</strong></span> <span class='ocrx_word' id='word_1_1108' title='bbox 2525 4140 2698 4186; x_wconf 86' lang='lat' dir='ltr'><strong>defendi</strong></span> <span class='ocrx_word' id='word_1_1109' title='bbox 2723 4141 2807 4184; x_wconf 87' lang='lat' dir='ltr'><strong>hac</strong></span> <span class='ocrx_word' id='word_1_1110' title='bbox 2829 4154 2909 4196; x_wconf 91' lang='lat' dir='ltr'><strong>po-</strong></span> 
     </span>
     <span class='ocr_line' id='line_1_151' title="bbox 1571 4197 2909 4254; baseline 0.001 -15"><span class='ocrx_word' id='word_1_1111' title='bbox 1571 4197 1674 4240; x_wconf 89' lang='lat' dir='ltr'><strong>terit</strong></span> <span class='ocrx_word' id='word_1_1112' title='bbox 1713 4197 1947 4252; x_wconf 89' lang='lat' dir='ltr'><strong>dignitate,</strong></span> <span class='ocrx_word' id='word_1_1113' title='bbox 1993 4198 2196 4254; x_wconf 90' lang='lat' dir='ltr'><strong>quoniam</strong></span> <span class='ocrx_word' id='word_1_1114' title='bbox 2244 4198 2490 4254; x_wconf 87' lang='lat' dir='ltr'><strong>scripturae</strong></span> <span class='ocrx_word' id='word_1_1115' title='bbox 2531 4197 2711 4248; x_wconf 81' lang='lat' dir='ltr'><strong>veritas,</strong></span> <span class='ocrx_word' id='word_1_1116' title='bbox 2757 4197 2794 4240; x_wconf 91' lang='lat' dir='ltr'><strong>si</strong></span> <span class='ocrx_word' id='word_1_1117' title='bbox 2837 4209 2909 4240; x_wconf 89' lang='lat' dir='ltr'><strong>res</strong></span> 
     </span>
    </p>
   </div>
   <div class='ocr_carea' id='block_1_13' title="bbox 1572 4336 2909 4559">
    <p class='ocr_par' dir='ltr' id='par_1_24' title="bbox 1572 4336 2909 4559">
     <span class='ocr_line' id='line_1_152' title="bbox 1574 4336 2908 4391; baseline -0.001 -11"><span class='ocrx_word' id='word_1_1118' title='bbox 1574 4339 1629 4389; x_wconf 86' lang='lat'><strong>(5)</strong></span> <span class='ocrx_word' id='word_1_1119' title='bbox 1659 4351 1706 4378; x_wconf 87' lang='lat' dir='ltr'><strong>eo</strong></span> <span class='ocrx_word' id='word_1_1120' title='bbox 1737 4340 1827 4390; x_wconf 78' lang='lat' dir='ltr'><strong>Lo,</strong></span> <span class='ocrx_word' id='word_1_1121' title='bbox 1856 4339 1906 4379; x_wconf 87' lang='lat' dir='ltr'><strong>ab</strong></span> <span class='ocrx_word' id='word_1_1122' title='bbox 1937 4354 1983 4380; x_wconf 89' lang='lat' dir='ltr'><strong>eo</strong></span> <span class='ocrx_word' id='word_1_1123' title='bbox 2012 4341 2054 4381; x_wconf 88' lang='lat' dir='ltr'><em>R</em></span> <span class='ocrx_word' id='word_1_1124' title='bbox 2195 4341 2252 4390; x_wconf 84' lang='lat'><strong>(6)</strong></span> <span class='ocrx_word' id='word_1_1125' title='bbox 2282 4342 2341 4380; x_wconf 78' lang='lat' dir='ltr'><strong>sic</strong></span> <span class='ocrx_word' id='word_1_1126' title='bbox 2371 4341 2424 4391; x_wconf 83' lang='lat' dir='ltr'><strong>R,</strong></span> <span class='ocrx_word' id='word_1_1127' title='bbox 2462 4337 2611 4379; x_wconf 86' lang='lat' dir='ltr'><strong>delicta</strong></span> <span class='ocrx_word' id='word_1_1128' title='bbox 2639 4337 2692 4386; x_wconf 86' lang='lat' dir='ltr'><strong>L,</strong></span> <span class='ocrx_word' id='word_1_1129' title='bbox 2732 4336 2828 4379; x_wconf 90' lang='lat' dir='ltr'><strong>lecti</strong></span> <span class='ocrx_word' id='word_1_1130' title='bbox 2865 4339 2908 4390; x_wconf 87' lang='lat' dir='ltr'><strong>C&#39;,</strong></span> 
     </span>
     <span class='ocr_line' id='line_1_153' title="bbox 1572 4394 2909 4449; baseline 0 -15"><span class='ocrx_word' id='word_1_1131' title='bbox 1572 4394 1697 4434; x_wconf 85' lang='lat' dir='ltr'><strong>deleti</strong></span> <span class='ocrx_word' id='word_1_1132' title='bbox 1727 4396 1959 4435; x_wconf 89' lang='lat' dir='ltr'><strong>testamenti</strong></span> <span class='ocrx_word' id='word_1_1133' title='bbox 1988 4398 2106 4437; x_wconf 62' lang='lat' dir='ltr'><strong>dett„-</strong></span> <span class='ocrx_word' id='word_1_1134' title='bbox 2145 4395 2333 4436; x_wconf 86' lang='lat' dir='ltr'><strong>derelicti</strong></span> <span class='ocrx_word' id='word_1_1135' title='bbox 2351 4397 2534 4449; x_wconf 75' lang='lat' dir='ltr'><strong>fortasse</strong></span> <span class='ocrx_word' id='word_1_1136' title='bbox 2561 4409 2639 4435; x_wconf 81' lang='lat' dir='ltr'><strong>scr.</strong></span> <span class='ocrx_word' id='word_1_1137' title='bbox 2782 4395 2837 4446; x_wconf 79' lang='grc'><strong>(7)</strong></span> <span class='ocrx_word' id='word_1_1138' title='bbox 2866 4397 2909 4434; x_wconf 83' lang='lat' dir='ltr'><strong>at</strong></span> 
     </span>
     <span class='ocr_line' id='line_1_154' title="bbox 1574 4450 2907 4503; baseline 0.001 -13"><span class='ocrx_word' id='word_1_1139' title='bbox 1574 4451 1679 4500; x_wconf 65' lang='lat' dir='ltr'><strong>edd„</strong></span> <span class='ocrx_word' id='word_1_1140' title='bbox 1709 4462 1756 4490; x_wconf 82' lang='lat' dir='ltr'><strong>ao</strong></span> <span class='ocrx_word' id='word_1_1141' title='bbox 1787 4451 1882 4491; x_wconf 80' lang='lat' dir='ltr'><strong>libri</strong></span> <span class='ocrx_word' id='word_1_1142' title='bbox 2020 4454 2078 4503; x_wconf 83' lang='lat' dir='ltr'><strong>(s)</strong></span> <span class='ocrx_word' id='word_1_1143' title='bbox 2106 4471 2163 4488; x_wconf 78' lang='lat'><strong>==</strong></span> <span class='ocrx_word' id='word_1_1144' title='bbox 2198 4452 2268 4492; x_wconf 82' lang='grc' dir='ltr'><em>ΤΙι.</em></span> <span class='ocrx_word' id='word_1_1145' title='bbox 2301 4452 2339 4499; x_wconf 88' lang='grc'><strong>9,</strong></span> <span class='ocrx_word' id='word_1_1146' title='bbox 2370 4459 2425 4502; x_wconf 81' lang='lat'><strong>19,</strong></span> <span class='ocrx_word' id='word_1_1147' title='bbox 2457 4459 2494 4491; x_wconf 87' lang='lat'><strong>1:</strong></span> <span class='ocrx_word' id='word_1_1148' title='bbox 2536 4450 2654 4502; x_wconf 65' lang='lat' dir='ltr'><strong>{unqe</strong></span> <span class='ocrx_word' id='word_1_1149' title='bbox 2687 4453 2750 4500; x_wconf 88' lang='lat'><strong>10,</strong></span> <span class='ocrx_word' id='word_1_1150' title='bbox 2781 4458 2838 4501; x_wconf 76' lang='lat'><strong>³2,</strong></span> <span class='ocrx_word' id='word_1_1151' title='bbox 2867 4459 2907 4491; x_wconf 84' lang='lat'><strong>15</strong></span> 
     </span>
     <span class='ocr_line' id='line_1_155' title="bbox 1572 4504 2905 4559; baseline -0.002 -12"><span class='ocrx_word' id='word_1_1152' title='bbox 1572 4504 1630 4557; x_wconf 84' lang='grc'><strong>(9)</strong></span> <span class='ocrx_word' id='word_1_1153' title='bbox 1660 4505 1847 4546; x_wconf 88' lang='lat' dir='ltr'><strong>maecilio</strong></span> <span class='ocrx_word' id='word_1_1154' title='bbox 1883 4507 1968 4557; x_wconf 61' lang='lat' dir='ltr'><strong>Th„</strong></span> <span class='ocrx_word' id='word_1_1155' title='bbox 2000 4523 2071 4548; x_wconf 88' lang='lat' dir='ltr'><strong>om.</strong></span> <span class='ocrx_word' id='word_1_1156' title='bbox 2105 4508 2199 4549; x_wconf 76' lang='lat' dir='ltr'><strong>libri</strong></span> <span class='ocrx_word' id='word_1_1157' title='bbox 2315 4507 2390 4558; x_wconf 83' lang='lat'><strong>(10)</strong></span> <span class='ocrx_word' id='word_1_1158' title='bbox 2418 4504 2692 4559; x_wconf 85' lang='lat' dir='ltr'><strong>deprehensus</strong></span> <span class='ocrx_word' id='word_1_1159' title='bbox 2721 4507 2795 4548; x_wconf 72' lang='lat' dir='ltr'><strong>ins.</strong></span> <span class='ocrx_word' id='word_1_1160' title='bbox 2832 4505 2905 4546; x_wconf 74' lang='lat' dir='ltr'><strong>Th.</strong></span> 
     </span>
    </p>
   </div>
   <div class='ocr_carea' id='block_1_14' title="bbox 592 4561 2905 4667">
    <p class='ocr_par' dir='ltr' id='par_1_25' title="bbox 592 4561 2905 4667">
     <span class='ocr_line' id='line_1_156' title="bbox 1365 4561 2905 4617; baseline -0.003 -14"><span class='ocrx_word' id='word_1_1161' title='bbox 1365 4564 1419 4614; x_wconf 87' lang='lat'><strong>(3)</strong></span> <span class='ocrx_word' id='word_1_1162' title='bbox 1447 4564 1489 4602; x_wconf 82' lang='lat' dir='ltr'><strong>te</strong></span> <span class='ocrx_word' id='word_1_1163' title='bbox 1573 4561 1645 4613; x_wconf 84' lang='grc' dir='ltr'>(ιι)</span> <span class='ocrx_word' id='word_1_1164' title='bbox 1675 4563 1734 4602; x_wconf 85' lang='lat' dir='ltr'><strong>sic</strong></span> <span class='ocrx_word' id='word_1_1165' title='bbox 1764 4563 1856 4602; x_wconf 79' lang='lat' dir='ltr'><strong>dett.</strong></span> <span class='ocrx_word' id='word_1_1166' title='bbox 1889 4579 1971 4603; x_wconf 81' lang='lat' dir='ltr'><strong>cum</strong></span> <span class='ocrx_word' id='word_1_1167' title='bbox 2003 4564 2117 4603; x_wconf 81' lang='lat' dir='ltr'><strong>libris</strong></span> <span class='ocrx_word' id='word_1_1168' title='bbox 2158 4563 2258 4617; x_wconf 74' lang='lat' dir='ltr'><strong>leqis</strong></span> <span class='ocrx_word' id='word_1_1169' title='bbox 2288 4561 2403 4602; x_wconf 87' lang='lat' dir='ltr'><strong>Rom.</strong></span> <span class='ocrx_word' id='word_1_1170' title='bbox 2444 4561 2584 4614; x_wconf 62' lang='lat' dir='ltr'><strong>Visiq„</strong></span> <span class='ocrx_word' id='word_1_1171' title='bbox 2624 4561 2905 4602; x_wconf 80' lang='lat' dir='ltr'><strong>reservandam</strong></span> 
     </span>
     <span class='ocr_line' id='line_1_157' title="bbox 592 4607 2427 4667; baseline 0.001 -10"><span class='ocrx_word' id='word_1_1172' title='bbox 592 4608 646 4658; x_wconf 79' lang='lat'>(⁴²)</span> <span class='ocrx_word' id='word_1_1173' title='bbox 676 4610 716 4647; x_wconf 71' lang='lat'><strong>0¹²</strong></span> <span class='ocrx_word' id='word_1_1174' title='bbox 750 4607 807 4656; x_wconf 66' lang='grc' dir='ltr'><strong>(Ρ</strong></span> <span class='ocrx_word' id='word_1_1175' title='bbox 836 4626 919 4651; x_wconf 81' lang='lat' dir='ltr'><strong>cum</strong></span> <span class='ocrx_word' id='word_1_1176' title='bbox 949 4612 1042 4662; x_wconf 82' lang='grc' dir='ltr'><strong>ΒΣ,</strong></span> <span class='ocrx_word' id='word_1_1177' title='bbox 1078 4632 1122 4653; x_wconf 59' lang='lat' dir='ltr'><strong>»s</strong></span> <span class='ocrx_word' id='word_1_1178' title='bbox 1156 4612 1227 4666; x_wconf 73' lang='lat'><strong>0⁰,</strong></span> <span class='ocrx_word' id='word_1_1179' title='bbox 1266 4631 1335 4657; x_wconf 89' lang='lat' dir='ltr'><strong>om.</strong></span> <span class='ocrx_word' id='word_1_1180' title='bbox 1370 4617 1488 4659; x_wconf 78' lang='lat' dir='ltr'><strong>LGR</strong></span> <span class='ocrx_word' id='word_1_1181' title='bbox 1577 4616 1664 4667; x_wconf 80' lang='lat' dir='ltr'><strong>CR,</strong></span> <span class='ocrx_word' id='word_1_1182' title='bbox 1693 4618 1929 4658; x_wconf 77' lang='lat' dir='ltr'><strong>servandam</strong></span> <span class='ocrx_word' id='word_1_1183' title='bbox 1964 4618 2037 4660; x_wconf 72' lang='lat' dir='ltr'><strong>Th.</strong></span> <span class='ocrx_word' id='word_1_1184' title='bbox 2069 4617 2169 4659; x_wconf 79' lang='lat' dir='ltr'><strong>liber</strong></span> <span class='ocrx_word' id='word_1_1185' title='bbox 2209 4617 2427 4658; x_wconf 73' lang='lat' dir='ltr'><strong>Vaticanus</strong></span> 
     </span>
    </p>
   </div>
  </div>
 </body>
</html>
