3094 4732
135 160 236 211 XII
273 157 401 208 6-9

738 355 820 403 VI.

132 459 204 498 DE
229 449 639 501 QUAESTORIBUS
662 448 957 488 MAGISTRIS
983 439 1330 486 OFFICIORUM
1360 438 1449 479 CO·

131 510 357 552 Mi'mBUS
383 499 1091 597 3ΑΟΙὶι111ΠΜᾶᾹξέὶὲὲΤΙΟΝΠΜ
1120 497 1192 536 ΕΤ
1215 495 1313 534 REI
1337 493 1452 534 PRI-

187 662 207 707 i
249 659 440 717 ¹Imppp.
473 655 712 699 Gratianus
739 650 1077 694 Valentinianus
1105 653 1149 691 et
1176 644 1451 689 Theodosius

130 719 258 761 ΑΑΑ.
290 714 509 758 Restituto
537 725 612 767 pu.
682 708 763 762 Qui
793 720 846 750 ex
876 707 1140 760 quaesturae
1174 702 1342 745 honore
1372 704 1452 766 aut

131 770 301 815 efficaci
343 767 588 822 magisterio
642 772 721 806 aut
763 761 965 806 comitiva
1018 759 1256 822 utriusque·
1290 769 1452 799 aerarii

131 827 270 870 nostri
293 824 478 868 attonito
503 821 731 877 splendore
755 818 998 872 viguerunt,
1029 814 1344 878 acclamatione
1375 825 1450 855 ex-

134 882 350 937 cipiantur
388 879 517 923 solita
554 890 633 920 nec
661 878 993 930 praetereantur
1022 878 1071 914 ut
1109 870 1334 913 incorrniti.
1393 867 1448 911 D.

140 950 231 980 VIII
257 936 297 979 lc.
333 934 428 978 Iun.
463 931 799 977 Thessalonicae
829 927 1047 972 Gratiano
1074 939 1100 970 V
1126 934 1171 970 et
1201 922 1450 968 Flteodosw

131 995 219 1037 ΛΑ.
252 1005 391 1035 conss.
1264 984 1319 1032 [a.
1353 981 1450 1031 380]

734 1211 839 1257 VII.

134 1314 205 1353 DE
244 1310 569 1351 PRIMICERIO
608 1308 680 1348 ET
720 1303 1142 1401 SfflffiJNDOCERIO
1181 1302 1254 1342 ET
1283 1301 1451 1341 NOTA·

187 1462 208 1508 1
250 1461 335 1504 ²Im
361 1475 443 1518 pp.
477 1457 719 1501 Gratianus
745 1455 1082 1500 Valentinianus
1105 1459 1150 1499 et
1176 1451 1455 1497 Theodosius

131 1519 259 1562 ΑΑΑ.
293 1515 517 1572 Eutropio
546 1528 623 1570 pp.
691 1511 938 1566 Praecipua
968 1519 1036 1553 est
1065 1516 1243 1553 nostrae
1271 1508 1451 1565 pietatis

133 1572 313 1616 intentio
342 1572 460 1614 circa
484 1569 754 1612 notariorum
779 1580 957 1610 nomen:
990 1570 1123 1621 atque
1145 1565 1269 1618 ideo,
1300 1565 1338 1608 si
1358 1578 1452 1607 um·

86 1672 88 1674 ,
137 1643 264 1685 quam
302 1627 431 1669 huius
468 1625 633 1668 ordinis
672 1624 752 1666 viri
781 1623 976 1665 laborem
1016 1622 1160 1676 quiete
1187 1620 1455 1664 mutaverint

130 1685 194 1727 vel
211 1688 434 1726 senectute
448 1681 673 1736 posuerint
688 1693 766 1722 seu
782 1691 880 1721 cum
895 1678 980 1720 alia
997 1677 1207 1731 dignitate
1223 1683 1324 1731 post
1338 1677 1454 1719 hanc

124 1739 328 1794 qualibet
363 1737 432 1780 usi
470 1742 591 1787 sunt,
628 1749 716 1778 non
755 1734 958 1777 omittant
996 1734 1153 1788 prioris
1193 1732 1455 1776 vocabulum

131 1794 323 1844 militiae,
349 1793 424 1836 sed
451 1791 751 1846 compendium
767 1789 986 1844 sequentis
1012 1789 1191 1832 honoris
1208 1788 1451 1830 adsumant.

138 1857 154 1893 i
214 1850 275 1892 Et
312 1849 350 1891 si
387 1848 484 1902 quis
523 1860 577 1890 ex
614 1845 758 1890 officio
790 1846 857 1888 vel
896 1845 1134 1899 praecipue
1174 1843 1455 1888 sublimitatis

131 1914 230 1948 tuae
266 1904 523 1948 temerarius
563 1902 619 1944 ad
661 1903 849 1945 census³
878 1901 1172 1944 discussiones
1212 1912 1455 1954 peraequa-

131 1962 290 2011 tiones‚
321 1960 450 2002 aliam
480 1958 666 2012 denique
689 1957 823 2000 ullam
846 1969 940 1999 rem
959 1956 1226 2010 inquietator
1249 1955 1455 2009 extiterit,

133 2016 322 2060 officium
350 2028 478 2058 suum
506 2013 674 2056 noverit
702 2014 768 2056 vel
796 2012 902 2055 levis
928 2012 1082 2066 culpae
1112 2011 1353 2055 offensione
1382 2010 1456 2054 de-

133 2079 247 2115 tecta
274 2070 417 2126 gravis
447 2070 610 2112 multae
639 2068 888 2111 discrimine
926 2067 1200 2122 fatigandum
1229 2074 1274 2110 et
1302 2080 1455 2110 nume-

132 2128 343 2170 rariorum
381 2138 541 2180 corpus
582 2124 772 2168 extincto
812 2123 998 2166 iniuriae
1037 2127 1220 2166 auctore
1257 2122 1456 2166 minuen-

133 2183 248 2226 dum.
306 2181 360 2225 1).
391 2182 528 2224 xvn‘
555 2179 597 2223 lc.
627 2179 712 2223 Iul.
747 2178 1086 2222 Thessalonicae
1117 2177 1336 2222 Gratiano
1361 2189 1392 2221 V
1415 2183 1461 2221 et

136 2237 380 2281 Theodosio
410 2239 499 2279 AA.
532 2249 673 2279 conss.
1269 2238 1326 2286 [a.
1358 2236 1455 2285 380]

188 2292 219 2338 2
251 2291 383 2348 ⁵Imp.
418 2291 536 2335 Zeno
566 2293 616 2334 Α.
650 2290 890 2333 Hilariano
927 2290 1144 2347 maqistro
1185 2290 1456 2354 officiorum.

132 2348 405 2392 Praeclaram
435 2347 712 2401 nobilemque
749 2345 947 2388 militiam
984 2346 1291 2402 spectabilium
1319 2345 1458 2389 tribu-

131 2418 286 2447 norum
323 2403 614 2456 notariorum,
655 2401 729 2456 qui
767 2401 968 2456 gloriosis
1008 2401 1231 2455 obsequiis
1260 2400 1459 2445 nonnihil

131 2460 194 2502 rei
222 2459 425 2514 publicae
451 2457 769 2501 commoditatis
797 2456 1006 2499 adferunt
1030 2464 1074 2500 et
1102 2457 1286 2508 decoris,
1317 2456 1457 2500 diver·

131 2516 191 2558 sis
244 2514 551 2558 beneficiorum
601 2513 739 2556 titulis
782 2513 1061 2556 muniendam
1111 2512 1374 2556 credidimus
1417 2518 1460 2554 et

137 2576 152 2612 1
214 2570 469 2624 augendam.
529 2570 640 2612 Nam
670 2569 892 2611 biennales
931 2572 1073 2612 metas
1102 2570 1194 2612 viro
1226 2568 1460 2624 spectabili

131 2640 211 2681 pro
255 2631 448 2680 tempore
502 2624 745 2680 primicerio
799 2623 976 2679 agendis
1019 2625 1210 2668 numeris
1256 2625 1458 2667 duximus

134 2687 157 2724 2
214 2681 483 2724 statuendas.
542 2681 635 2724 Hos
665 2687 810 2722 autem
839 2680 1061 2733 tribunos,
1101 2681 1176 2735 qui
1205 2681 1297 2724 suis
1326 2693 1460 2735 nego-

133 2738 202 2780 tiis
234 2736 437 2790 occupati
462 2736 632 2779 minime
659 2748 831 2779 sacrum
860 2735 1071 2789 palatium
1097 2737 1346 2779 curaverint
1373 2736 1459 2778 fre-

135 2792 449 2846 quentandum,
489 2791 574 2834 nisi
602 2791 719 2834 intra
749 2792 906 2834 annale
948 2792 1138 2847 spatium
1167 2797 1460 2843 revertantur,

134 2848 328 2902 quamvis
370 2854 636 2890 commeatus
666 2847 762 2890 iura
790 2847 1105 2901 praetendunt,
1146 2861 1227 2903 pro
1259 2847 1462 2891 absentia

135 2903 306 2957 quidem
335 2904 462 2946 unius
487 2903 591 2945 anni
616 2904 744 2946 unius
775 2903 951 2956 gradus,
982 2903 1146 2947 sivero
1177 2903 1351 2947 duobus
1381 2916 1460 2946 an-

133 2959 199 3002 nis
228 2959 441 3010 afuerint,
472 2958 678 3009 duorum,
719 2958 755 3001 si
785 2959 946 3010 tribus,
978 2958 1133 3010 trium,
1172 2960 1209 3002 si
1239 2965 1460 3014 quattuor,

133 3014 327 3057 similiter
364 3019 571 3068 quattuor
606 3013 817 3068 graduum
857 3015 1005 3058 subire
1033 3015 1250 3059 iacturam
1290 3015 1357 3058 his
1388 3015 1462 3069 qui

134 3074 156 3111 3
194 3069 440 3134 ‘inferiores
467 3070 529 3113 eis
558 3070 723 3113 fuerint
750 3070 1094 3125 postponendos.
1141 3071 1226 3125 Qui
1254 3084 1357 3114 vero
1383 3084 1462 3125 per

133 3125 473 3180 quinquennium
502 3126 718 3179 integrum
745 3138 792 3168 se
816 3131 1147 3181 repraesentare
1178 3126 1460 3178 cessaverint,

134 3187 355 3235 exemptos
385 3181 615 3224 matricula
645 3188 814 3224 tantum
844 3182 1017 3226 nomine
1057 3183 1349 3234 tribunorum,
1380 3194 1462 3225 nec

133 3249 232 3279 vero
263 3236 413 3279 ordine
442 3238 674 3291 perpotiri,
712 3237 782 3280 his
811 3238 857 3279 in
886 3238 1003 3281 hunc
1033 3239 1206 3281 modum
1239 3238 1461 3293 dispositis

134 3292 403 3334 vacationem
415 3305 570 3335 census
589 3293 870 3336 discussionis
885 3294 1240 3348 peraequationis
1252 3298 1298 3337 et
1313 3295 1461 3337 cuius-

134 3350 234 3399 4(3)
300 3347 408 3391 libet
446 3348 623 3391 alterius
662 3349 727 3391 rei
765 3349 1008 3392 habituros.
1067 3350 1182 3392 Illud
1223 3351 1461 3405 praecipue

134 3402 421 3456 provisionem
459 3412 652 3446 nostram
690 3404 889 3458 flagitare
928 3406 1248 3460 perspeximus,
1289 3420 1344 3448 iie
1383 3418 1462 3461 per

135 3458 413 3501 ambitionem
438 3465 516 3501 aut
543 3460 725 3513 gratiam
751 3468 829 3502 aut
855 3460 1088 3504 cuiuslibet
1115 3462 1359 3505 occasionis
1384 3462 1461 3505 ob-

135 3518 259 3557 tentu
295 3514 363 3556 vel
401 3514 599 3557 laborum
637 3528 714 3558 seu
751 3516 1092 3559 sollicitudinum
1133 3518 1278 3572 specie
1318 3517 1460 3573 publi-

139 3582 285 3612 corum
330 3570 528 3624 cuiquam
584 3571 714 3614 liceat
764 3572 1000 3626 aliquando
1045 3573 1259 3626 graduum
1305 3573 1462 3616 seriem

136 3626 398 3668 conturbare
427 3632 469 3668 et
499 3634 740 3680 temporum
763 3627 934 3670 ratione
959 3629 1130 3671 calcata
1156 3629 1319 3671 dudum
1349 3629 1460 3672 mili-

136 3681 330 3723 tantibus
361 3682 569 3724 anteferri
600 3686 657 3733 et,
689 3695 798 3736 quae
826 3683 967 3736 longis
997 3684 1264 3738 prolixisque
1295 3685 1460 3739 stipen-

137 3737 215 3779 diis
245 3735 425 3779 defensa
463 3737 548 3779 iam
589 3737 818 3792 pollicetur
848 3747 1074 3793 senectus,
1113 3741 1309 3794 gratiosa
1339 3741 1461 3783 festi-

136 3796 159 3832 ὅ
218 3792 394 3835 natione
420 3793 657 3847 subripere.
702 3794 797 3836 Hoc
821 3795 951 3837 etiam
975 3795 1217 3846 adiciendo,
1242 3802 1293 3838 ut
1313 3797 1461 3850 primi·

138 3847 278 3909 cerius
308 3852 410 3901 post
433 3848 671 3902 depositam
694 3849 913 3903 publicam
938 3865 1218 3894 numerorum
1248 3852 1461 3894 sollicitu-

136 3904 292 3954 dinem,
323 3916 375 3946 ac
406 3903 441 3946 si
471 3904 609 3958 ipsam
638 3905 844 3958 gessisset
873 3906 1304 3959 administrationem,
1337 3909 1462 3951 cuius

137 3959 416 4012 consequitur
446 3959 711 4012 dignitatem,
742 3962 939 4014 magistri
968 3962 1215 4005 officiorum
1239 3976 1318 4017 pro
1347 3964 1461 4007 anti-

139 4026 222 4074 qua
261 4015 576 4057 consuetudine
613 4014 774 4058 infulas
804 4017 1026 4069 sortiatur,
1067 4018 1270 4062 omnibus
1302 4032 1461 4063 vacan-

138 4068 253 4111 tibus
283 4071 475 4124 quamvis
501 4076 693 4126 tempore
721 4072 1082 4126 praecedentibus
1107 4074 1461 4129 praeponendus.

139 4214 187 4256 (1)
218 4228 270 4241 =
304 4209 375 4248 Th.
408 4214 536 4258 (5,‹.›,2
570 4211 610 4249 B
642 4214 679 4260 6,
703 4220 798 4262 6,2;
831 4214 946 4263 iunye
980 4214 1043 4260 12,
1075 4222 1107 4262 4,
1139 4223 1158 4253 2
1217 4215 1271 4265 (2)
1300 4234 1350 4250 ==
1387 4215 1462 4255 Th.

141 4265 178 4310 6,
209 4272 261 4308 10,
292 4274 303 4302 1
338 4264 382 4303 Β
412 4267 450 4312 6,
483 4274 539 4315 25,
570 4275 611 4306 8:
646 4268 762 4319 iunye
790 4269 828 4314 5,
858 4277 886 4314 1,
913 4276 932 4307 3
964 4277 999 4306 et
1029 4283 1129 4318 qaae
1159 4270 1217 4309 ibi
1246 4271 1464 4310 laudantur

142 4319 193 4365 (3)
223 4318 273 4356 ad
295 4331 436 4357 census
454 4319 527 4359 Th.
560 4321 814 4371 Parz'siensis,
842 4322 894 4360 ad
916 4334 1054 4360 sensus
1069 4323 1118 4372 It,
1149 4337 1329 4363 accessus
1343 4323 1462 4375 15⁶0,

143 4385 329 4433 accensus
357 4375 400 4413 lv
432 4390 513 4414 cum
548 4376 619 4414 ΤΙι.
657 4377 907 4427 Taurinensi,
938 4378 1013 4416 inc·
1033 4378 1097 4415 Ka
1183 4380 1236 4431 (4)
1267 4392 1327 4419 xv
1360 4383 1463 4431 lesse-⁴1

145 4430 359 4477 tttnyendae
442 4431 494 4479 (5)
524 4429 568 4470 B
599 4433 636 4481 6,
654 4440 711 4480 25,
729 4441 772 4472 9:
804 4433 922 4485 iunye
956 4433 1018 4480 12,
1036 4442 1091 4478 40,
1109 4442 1141 4473 11
1228 4436 1284 4487 (6)
1312 4454 1369 4471 ==
1387 4436 1461 4476 Th.

145 4484 182 4522 6,
213 4491 244 4525 5,
276 4491 295 4522 2
332 4483 377 4544 Β.
399 4486 437 4533 6,
467 4494 496 4531 1,
527 4495 569 4525 55
664 4488 718 4535 (7)
749 4487 792 4526 B
822 4490 860 4537 6,
890 4498 920 4536 1,
951 4495 994 4527 56
1090 4488 1143 4533 (ὅ)
1172 4490 1464 4539 praefectorius

145 4536 406 4582 praefectorio
435 4541 590 4590 scripsi,
621 4542 846 4591 praefectus
873 4542 1079 4593 practorio
1110 4543 1204 4589 ΚΟ,
1234 4545 1462 4596 praefectus

1040 4591 1228 4612 ›=„

148 4592 373 4637 quaestorio
408 4592 456 4640 [0,
489 4595 622 4644 deficit
651 4596 717 4634 1⁰:
758 4595 890 4645 τυχὸν
919 4593 999 4636 τὸν
1028 4611 1115 4637 ano
1148 4613 1354 4655 επαρχων
1384 4617 1462 4640 ’τον

1437 131 1543 191 456

2277 154 2281 157 κ
2341 145 2416 182 na
2452 144 2862 194 Qusaszroaisus

2133 340 2266 386 VIII.

1714 434 1788 475 ur
1817 415 2175 476 Diem'rA‘ruM
2207 434 2352 475 enno
2382 433 2690 478 snsvn'rua.

1536 529 1806 631 ΑέΑθΙφηέΡ
1844 564 1854 574 .
1883 527 2129 574 Gratianus
2156 529 2498 574 Valentinianus
2525 537 2572 575 et
2597 530 2869 578 Theodosius

1536 620 1684 687 locum
1702 601 2005 698 ‘usurpaverim
2018 641 2156 707 'nulla
2180 655 2228 686 se
2250 641 2527 696 ignoratione
2555 641 2764 686 defendat
2791 639 2871 686 sitss

1537 712 1622 754 que
1651 698 1783 753 plane
1812 696 2032 752 sacrilegii
2058 710 2181 749 reus,
2222 697 2296 754 qui
2325 696 2472 740 divina
2500 703 2739 754 praecepta
2767 710 2872 753 neg·
2949 686 2962 738 :ss'
2984 707 2987 737 Δ
3006 686 3018 738 f

1535 754 1705 798 lexerit.
1764 752 1819 797 D.
1838 765 1920 796 ΧΠ
1940 751 1984 795 lc.
2009 751 2107 796 Iun.
2141 753 2392 797 Mediolani
2405 751 2640 798 Ricomere
2663 760 2710 797 et
2724 752 2872 798 Clear-

1537 809 1620 854 cho
1651 823 1715 854 vv.
1748 822 1808 852 cc.
1841 822 1980 852 conss,
2398 812 2401 814 ’
2683 812 2740 861 [a.
2772 811 2871 862 384]

1593 864 1624 911 2
1656 863 1822 922 'Impp
1857 863 2132 908 Theodoszus
2167 871 2211 908 et
2251 863 2593 908 Valentinianus
2628 867 2720 908 ΑΛ.
2754 862 2871 923 Cyro

1526 937 1611 980 pp.
1658 920 1821 965 Omnes
1843 919 2072 975 privilegia
2097 920 2357 975 dignitatum
2380 919 2466 964 hoc
2484 918 2637 963 ordine
2659 918 2874 964 servanda

1537 982 1827 1032 cognoscant,
1858 981 1908 1019 ut
1936 975 2077 1030 primo
2107 974 2206 1019 loco
2235 976 2485 1019 habeantur
2511 976 2564 1029 ii,
2594 976 2670 1032 qui
2695 976 2743 1020 in
2769 981 2876 1020 actu

1535 1033 1670 1089 positi
1697 1032 1892 1075 illustres
1931 1031 2179 1086 peregerint
2206 1031 2632 1076 administrationes:
2676 1031 2872 1076 secundo

1535 1089 1710 1132 venient
1737 1093 1960 1139 vacanteS‚
1991 1086 2067 1141 qui
2094 1093 2352 1141 praesentes
2376 1088 2423 1131 in
2449 1087 2662 1131 comitatu
2689 1087 2875 1131 illustris

1536 1144 1760 1200 dignitatis
1782 1142 2000 1198 cingulum
2025 1143 2283 1186 meruerint:
2311 1143 2492 1187 tertium
2512 1143 2709 1187 ordinem
2723 1156 2875 1188 eorum

1535 1200 1844 1256 prospicimus,
1869 1198 2030 1254 quibus
2047 1198 2303 1242 absentibus
2321 1198 2543 1253 cingulum
2565 1198 2752 1243 illustris
2773 1197 2874 1243 mit-

1535 1257 1647 1300 titur
1674 1255 1925 1311 dignitatis:
1957 1257 2166 1309 quartum
2186 1253 2536 1308 honorariorum,
2567 1255 2642 1320 qui
2666 1266 2874 1311 praesen-

1535 1319 1604 1356 tes
1634 1325 1662 1355 a
1696 1315 1850 1355 nostro
1888 1311 2064 1354 numine
2103 1310 2198 1353 sine
2236 1310 2410 1365 cingulo
2448 1310 2674 1355 codicillos
2703 1315 2876 1355 tantum

1537 1367 1803 1412 honorariae
1841 1365 2066 1420 dignitatis
2107 1365 2256 1421 adepti
2293 1372 2418 1410 sunt:
2464 1367 2666 1422 quintum
2710 1379 2876 1419 eorum.

1538 1425 1695 1480 quibus
1739 1423 2000 1467 absentibus
2044 1421 2243 1465 similiter
2285 1421 2380 1466 sine
2424 1422 2597 1477 cingulo
2641 1423 2877 1466 mittuntur

1545 1488 1555 1522 1
1619 1480 1804 1524 illustris
1842 1478 2030 1533 insignia
2069 1477 2307 1532 dignitatis.
2373 1477 2461 1522 Sed
2497 1477 2876 1522 administratores

1538 1536 1723 1591 quidem,
1757 1536 1888 1579 etiam
1918 1534 2100 1578 comites
2138 1535 2203 1577 rei
2231 1533 2451 1589 privatae,
2482 1534 2684 1578 omnibus
2712 1545 2876 1578 vacan-

1538 1598 1562 1635 2
1620 1593 1740 1635 tibus
1766 1591 1970 1635 omnibus
1994 1589 2242 1634 honorariis
2266 1589 2476 1645 anteponi
2501 1602 2745 1634 censemus.
2785 1589 2875 1634 Va-

1540 1655 1691 1692 cantes
1737 1656 1883 1690 autem
1938 1653 2042 1702 post
2091 1645 2471 1690 administratores
2513 1645 2736 1690 venientes
2788 1657 2879 1689 non

1539 1717 1691 1748 omnes
1730 1704 1819 1746 iam
1857 1703 2058 1747 omnibus
2095 1701 2344 1745 honorariis
2386 1701 2649 1745 credidimus
2689 1713 2876 1757 praepo·

1541 1760 1731 1814 nendos,
1763 1759 1841 1803 sed
1871 1772 1946 1802 eos
1976 1763 2186 1802 vacantes
2215 1758 2301 1801 illis
2339 1757 2608 1810 honorariis,
2648 1757 2725 1823 qui
2757 1756 2877 1800 simi-

1539 1817 1624 1860 lem
1664 1816 1813 1871 adepti
1850 1819 1956 1858 sunt
1994 1814 2275 1869 dignitatem,
2314 1819 2366 1856 ut
2399 1813 2720 1868 praefectorius
2745 1825 2878 1869 prae·

1541 1872 1768 1923 fectorio⁸,
1800 1883 1887 1914 non
1928 1871 2204 1924 quaestorius
2233 1869 2524 1924 praefectorio
2562 1872 2878 1925 praeponatur,

1541 1928 1725 1983 parique
1762 1926 1893 1970 modo
1939 1927 2216 1981 quaestorius
2262 1925 2536 1979 quaestorio,
2581 1937 2671 1968 non
2713 1936 2877 1968 vacans

1542 1996 1686 2027 comes
1717 1983 2025 2026 thesaurorum
2048 1982 2117 2026 vel
2146 1994 2293 2024 comes
2317 1979 2384 2023 rei
2411 1980 2612 2035 privatae
2639 1979 2877 2024 honorario

1543 2039 1795 2094 quaestorio
1835 2038 1903 2082 vel
1953 2050 2008 2081 ex
2049 2038 2258 2092 magistro
2300 2035 2547 2080 officiorum
2585 2035 2877 2092 praeferatur.

1545 2100 1567 2137 3
1625 2095 1747 2138 Inter
1775 2093 2153 2138 administratores
2181 2092 2280 2136 illos
2317 2091 2447 2135 etiam
2477 2091 2699 2136 numerari
2727 2091 2878 2136 decer·

1542 2151 1700 2204 nimus,
1732 2150 1890 2205 quibus
1920 2150 2165 2192 illustribus
2194 2148 2241 2191 in
2271 2160 2400 2191 sacro
2430 2154 2583 2191 nostro
2615 2145 2878 2191 consistorio

1545 2207 1700 2250 cinctis
1714 2206 1732 2232 ⁹
1760 2205 1927 2260 aliquid
1956 2204 2207 2249 ordinariae
2237 2202 2462 2257 dignitatis
2492 2203 2560 2246 vel
2596 2207 2730 2246 antea
2759 2214 2878 2247 com·

1542 2262 1738 2305 misimus
1768 2262 1836 2304 vel
1875 2266 2031 2316 postea
2061 2259 2380 2303 committemus
2409 2257 2730 2313 peragendum,
2757 2257 2880 2302 verbi

1542 2317 1685 2373 gratia
1714 2317 1753 2360 si
1780 2316 1955 2359 vacanti
1971 2318 2001 2341 ¹⁰
2031 2315 2240 2370 magistro
2269 2313 2458 2357 militum
2490 2313 2596 2358 belli
2623 2326 2732 2358 cura
2761 2325 2879 2360 com-

1543 2379 1569 2417 4
1626 2373 1840 2415 mittatur.
1887 2371 1976 2415 Cur
1997 2372 2114 2414 enim
2135 2376 2214 2414 aut
2231 2370 2297 2413 vir
2312 2369 2570 2424 magnificus
2586 2368 2880 2414 Germanus¹⁸

1543 2430 1749 2483 magister
1779 2428 1962 2471 militum
1991 2439 2155 2470 vacans
2185 2426 2447 2481 appellatur,
2478 2426 2551 2469 cui
2579 2425 2744 2470 bellum
2773 2437 2878 2470 cone

1543 2493 1613 2527 tra
1638 2485 1788 2528 hostes
1804 2483 2104 2526 mandavimus
2115 2483 2137 2526 ‘i'
2166 2488 2245 2526 aut
2262 2494 2341 2525 cur
2357 2481 2751 2526 excellentissimus
2764 2481 2880 2526 Pen-

1543 2541 1690 2583 tadius
1730 2553 1817 2582 non
1858 2539 1999 2594 egisse
2036 2538 2199 2582 dicitur
2236 2537 2579 2594 praefecturam,
2623 2537 2750 2582 cuius
2777 2536 2879 2581 illu-

1546 2596 1707 2640 stribus
1735 2595 1867 2639 cincti
1887 2597 1920 2621 ¹²
1946 2594 2306 2650 dispositionibus
2323 2593 2416 2638 vice
2430 2593 2736 2658 praetorianae
2751 2605 2879 2649 prae-

1545 2655 1743 2696 fecturae
1785 2651 1909 2694 miles
1961 2651 2008 2694 in
2061 2649 2340 2706 expeditione
2391 2662 2518 2705 copia
2559 2655 2881 2695 commeatuum
2948 2691 2949 2694 ,

1545 2707 1785 2775 abundavit
1801 2709 1848 2749 ¹³.

1603 2762 1632 2811 3
1670 2765 1704 2790 u
2549 2709 2607 2759 [a.
2637 2707 2878 2781 440-441]

1772 2794 2879 2806 ooooooooooooooooooooooooooo

2129 2988 2283 3035 V1111.

1810 3085 1886 3124 DE
1916 3083 2214 3124 MAGISTRIS
2246 3082 2607 3124 SCRINIORUM.

1605 3180 1627 3226 1
1670 3179 1852 3238 ²⁶Impp.
1883 3179 2157 3223 Theodosius
2187 3186 2231 3223 et
2257 3179 2598 3223 Valentinianus
2626 3180 2718 3224 ΛΑ.
2751 3177 2880 3223 Zoilo

1538 3251 1621 3294 pp.
1657 3236 1862 3281 Orientis.
1922 3234 2041 3278 Viris
2071 3235 2391 3290 spectabilibus
2431 3235 2650 3290 magistris
2687 3233 2880 3280 omnium

1546 3305 1774 3336 sacrorum
1804 3291 2061 3335 scriniorum
2083 3297 2262 3335 nostrae
2290 3291 2611 3334 benivolentiae
2637 3290 2879 3335 liberalitas

1545 3348 1779 3392 tribuenda
1795 3352 1874 3399 est,
1891 3347 1964 3403 qui
1980 3350 2158 3390 nostrae
2174 3346 2492 3402 quodammodo
2509 3346 2709 3391 adsidere
2723 3345 2881 3389 maies-

1554 3410 1568 3447 l
1630 3404 1712 3447 tati
1740 3403 1956 3446 videntur.
2010 3402 2201 3457 ideoque
2221 3409 2324 3459 post
2353 3403 2598 3458 depositum
2623 3401 2756 3446 etiam
2781 3401 2880 3445 offi-

1548 3461 1662 3503 cium
1706 3460 1762 3503 ab
1809 3460 1926 3502 omni
1968 3458 2216 3503 indictionis
2261 3470 2394 3503 onere
2444 3471 2523 3502 seu
2568 3457 2759 3502 civilium
2802 3469 2882 3501 seu

1546 3516 1798 3559 militarium
1834 3515 2027 3558 iudicum
2069 3527 2252 3569 prorsus
2292 3515 2505 3558 immunes
2535 3526 2633 3557 esse
2660 3512 2879 3569 praecipi-

1545 3586 1654 3625 mus,
1686 3578 1736 3614 ut
1764 3584 1844 3614 nec
1875 3571 1932 3614 ab
1961 3570 2228 3626 amplissima
2257 3570 2431 3636 quidem
2457 3569 2561 3612 sede
2583 3568 2652 3612 tui
2681 3568 2882 3613 culminis

1546 3629 1609 3672 eis
1634 3628 1726 3671 ulla
1743 3628 1942 3670 molestia
1958 3640 2010 3670 su
2042 3639 2091 3669 er
2116 3625 2395 3682 suscipiendo
2420 3625 2616 3681 quolibet
2629 3624 2882 3679 gravamine

1548 3690 1571 3727 2
1629 3684 1798 3740 privato
1838 3683 1905 3725 vel
1953 3696 2012 3738 pu
2043 3682 2180 3725 lico¹⁶
2229 3682 2402 3737 penitus
2447 3680 2714 3736 iniungatur.
2783 3678 2882 3723 Hoc

1547 3739 1806 3783 beneficium
1844 3738 1900 3780 ad
1938 3738 2160 3794 proximos
2191 3738 2324 3781 etiam
2353 3750 2581 3780 sacrorum
2621 3735 2882 3780 scriniorum

1549 3802 1570 3835 3
1632 3799 1676 3838 et
1705 3807 1758 3837 ex
1786 3794 1997 3848 proximis
2020 3793 2220 3837 volumus
2250 3793 2500 3849 propagari.
2560 3790 2882 3847 Quinquaginta

1546 3852 1756 3895 librarum
1786 3849 1883 3892 auri
1927 3849 2076 3893 officio
2116 3850 2182 3892 tui
2221 3849 2421 3893 culminis
2462 3847 2743 3892 damnatione
2771 3845 2882 3890 mul-

1547 3907 1696 3960 tando,
1737 3905 1777 3949 si
1806 3905 1911 3960 quid
1949 3904 2158 3948 adversus
2198 3908 2368 3949 statuta
2407 3904 2669 3948 clementiae
2705 3909 2882 3947 nostrae

1544 3961 1743 4007 innovari
1782 3961 2060 4005 concesserit.
2129 3960 2183 4004 D.
2223 3973 2253 4004 V
2281 3959 2323 4004 lc.
2363 3958 2501 4004 Mart.
2549 3957 2798 4003 Theodosio
2829 3962 2879 4000 A.

1547 4029 1683 4062 XVIII
1709 4024 1754 4061 et
1782 4017 1944 4061 Albino
1973 4029 2116 4060 conss
2691 4016 2748 4066 [a.
2779 4015 2879 4063 444]

1548 4216 1598 4254 ἐν
1629 4208 2105 4253 Κωνσταντινουπόλει
2141 4209 2382 4268 γενόμενον
2419 4210 2499 4251 τοῦ
2536 4211 2586 4251 ἐν
2621 4207 2724 4261 ξένη
2758 4224 2880 4265 ysato-

1546 4271 1680 4323 μένον
1719 4261 1808 4309 ἀπὸ
1846 4263 1933 4310 έπᾶ
1961 4283 2056 4319 xant
2087 4268 2131 4308 B
2245 4267 2301 4317 (9)
2331 4266 2478 4306 cinctis
2521 4265 2706 4307 Cuiacius
2735 4266 2794 4305 ad
2821 4264 2894 4312 B.'

1549 4324 1708 4365 cunctis
1738 4324 1834 4364 libri
1887 4327 1944 4372 (10
1992 4324 2157 4363 vacanti
2183 4325 2287 4373 edd„
2317 4321 2547 4362 vacantium
2577 4320 2674 4361 libri
2726 4320 2796 4373 (11)
2825 4323 2879 4374 cs.

1549 4381 1725 4432 Prosper
1755 4381 1887 4420 cleron.
1920 4381 1978 4419 ad
2007 4397 2045 4419 α.
2075 4382 2153 4420 441
2263 4379 2336 4427 (12)
2367 4377 2492 4417 cincti
2526 4376 2598 4426 0⁴⁸,
2636 4376 2777 4416 cunuti
2811 4375 2879 4425 0⁶,

1549 4434 1708 4476 cunctis
1739 4435 1785 4474 K
1895 4437 1968 4485 (13)
1999 4433 2255 4474 habundabit
2284 4433 2331 4474 1⁰
2451 4430 2524 4482 (14)
2556 4431 2652 4471 libri
2683 4430 2879 4473 Graecam

1548 4491 1858 4532 constitutionem
1891 4492 2085 4531 excidisse
2115 4490 2296 4531 indicant
2379 4488 2452 4539 (15)
2482 4486 2527 4527 Β
2558 4488 2597 4536 6,
2616 4495 2729 4531 (1.153
2763 4492 2784 4535 5
2810 4496 2878 4528 1.8

1548 4548 1743 4588 iterantur
1773 4547 1811 4586 in
1847 4549 1881 4597 1,
1913 4556 1965 4597 51,
1997 4556 2029 4588 11
2145 4546 2219 4597 (16)
2254 4544 2413 4596 privato
2444 4540 2507 4582 vel
2543 4540 2712 4594 publico
2748 4557 2820 4583 om.
2852 4542 2879 4584 l.

1546 4617 1644 4655 qam.
2817 4625 2820 4630 -

1858 591 2135 630 aetextatum
2157 600 2240 644 pp.
2309 585 2358 629 Si
2387 585 2484 650 quis
2513 585 2759 630 indebitum
2785 580 2871 633 sibi
2949 622 2954 626 .
2981 575 2986 578 ’
