3054 4796
116 207 210 258 v11
249 202 448 253 40—43
1420 177 1524 235 314

112 354 221 397 bus¹
275 349 384 391 tales
439 343 748 389 altercationes
793 340 1026 385 ventilatas
1071 335 1338 386 invenimus,
1393 335 1438 375 et
1476 327 1484 368 i

109 406 294 451 maxime
332 405 514 458 propter
551 397 668 451 longi
706 396 917 451 temporis
953 390 1330 446 interruptionem.
1400 401 1438 430 si

109 461 221 505 enim
255 455 500 514 personalis
530 453 644 496 forte
673 452 821 494 fuerat
849 452 969 494 mo'ta
997 448 1133 497 actio,
1164 443 1436 507 hypotheca-

107 518 196 559 riae
222 517 366 558 autem
393 508 580 553 actionis
606 506 728 550 nulla
755 505 917 548 mentio
947 501 1229 565 procedebat,
1262 498 1438 554 quidam

107 570 325 627 putabant
351 563 624 622 personalem
654 560 829 616 quidem
859 572 957 605 esse
981 564 1190 612 temporis
1216 561 1436 608 interrup-

106 628 225 670 tione
253 626 576 679 perpetuatam‚
606 615 969 682 hypothecariam
999 618 1145 677 autem
1177 622 1439 675 evanescere

109 687 131 724 2
204 677 505 722 taciturnitate
557 674 760 727 sopitam.
841 671 903 713 Et
951 669 989 712 si
1034 680 1131 722 quis
1175 667 1440 722 generaliter

108 737 278 780 dixerat
320 730 550 778 obnoxium
597 724 680 770 sibi
726 726 915 791 aliquem
964 723 1277 774 constitutum,
1328 721 1439 765 aliae

107 789 398 835 dubitationes
437 784 736 837 emergebant,
779 794 818 825 si
855 792 1006 824 omnes
1039 779 1109 823 ei²
1140 782 1439 834 competentes

105 847 299 891 actiones
339 839 588 885 huiusmodi
626 836 881 882 narratione
922 835 1138 880 contineri
1185 834 1437 887 credantur,

106 915 162 945 an
191 914 292 944 vero
322 897 446 954 quasi
475 893 647 939 silentio
688 893 806 937 circa
843 904 919 936 eas
950 891 1103 935 habito
1133 895 1333 947 tempore
1360 902 1437 955 ex-

104 959 271 1013 1111010,
312 954 431 997 011110
471 964 525 994 ex
561 951 734 993 incerta
771 948 907 992 libelli
945 947 1225 992 confectione
1255 946 1437 990 admini-

106 1019 129 1057 3
160 1014 217 1066 (1)
276 1009 373 1054 culo
405 1008 494 1052 eis³
522 1005 756 1061 adquisito.
816 1003 1048 1048 Sancimus
1087 1003 1238 1059 itaque
1275 1003 1438 1046 nullam

103 1069 147 1111 in
185 1065 353 1110 iudiciis
392 1065 437 1106 in
474 1065 700 1118 posterum
740 1061 885 1104 locum
923 1061 1089 1104 habere
1117 1060 1251 1103 talem
1285 1058 1439 1103 confu-

104 1124 287 1175 sionem,
327 1119 402 1164 sed
433 1119 506 1174 qui
536 1117 774 1162 obnoxium
803 1129 932 1161 suum
961 1116 1007 1159 in
1035 1116 1245 1159 iudicium
1276 1115 1438 1158 clama-

103 1179 213 1222 verit
251 1182 295 1221 et
331 1175 527 1219 libellum
568 1172 872 1218 conventionis
914 1172 954 1215 ei
983 1172 1295 1223 transmiserit,
1336 1171 1442 1213 licet

102 1233 360 1290 generaliter
397 1231 561 1275 nullius
603 1242 764 1273 causae
802 1228 1066 1272 mentionem
1102 1228 1339 1271 habentem
1373 1226 1440 1268 vel

104 1291 231 1334 unius
262 1287 437 1343 quidem
468 1285 735 1343 specialiter,
772 1284 1078 1328 tantummodo
1110 1287 1257 1327 autem
1284 1294 1440 1346 perso-

103 1347 224 1390 nales
254 1344 450 1388 actiones
479 1343 548 1386 vel
576 1340 916 1398 hypothecarias
949 1340 1269 1394 continentem,
1303 1337 1440 1382 nihilo

102 1402 244 1445 minus
273 1399 409 1444 videri
446 1399 515 1443 ius
555 1411 684 1443 suuni
723 1409 851 1442 omne
892 1409 991 1440 eum
1029 1396 1077 1439 in
1114 1395 1327 1439 iudicium
1364 1393 1439 1438 de-

104 1457 281 1501 duxisse
311 1461 355 1500 et
384 1467 482 1500 esse
509 1455 757 1510 interrupta
785 1456 1031 1509 temporum
1063 1453 1308 1506 curricula,
1341 1462 1441 1494 cum

104 1517 258 1557 contra
302 1511 474 1556 desides
516 1511 713 1555 homines
759 1514 803 1553 et
845 1509 916 1553 sui
958 1508 1068 1553 iuris
1115 1511 1442 1564 contemptores

103 1569 280 1614 odiosae
310 1567 591 1624 exceptiones
623 1567 854 1623 oppositae
892 1570 1010 1609 sunt.
1067 1563 1123 1609 D.
1157 1577 1229 1608 XV
1252 1563 1294 1607 lc.
1327 1563 1441 1627 Nou.

106 1624 498 1682 Constantinopoli
513 1628 627 1681 post
649 1622 931 1666 consulatum
947 1620 1188 1678 Lampadii
1210 1619 1443 1730 ετὶθνέεέἰῗ

102 1695 166 1727 vv.
197 1693 257 1725 co.
1270 1691 1311 1721 a.
1374 1684 1381 1692 ·

653 1848 894 1898 XXXXI.⁴

108 1934 182 1975 DE
214 1931 631 1977 ADLUVIONIBUS
662 1932 734 1972 ET
763 1931 1080 1972 PALUDIBUS
1109 1930 1183 1971 ET
1213 1931 1290 1970 DE
1319 1929 1442 1970 PAS-

241 1988 364 2029 QUIS
394 1988 468 2028 AD
498 1987 680 2027 ALIUM
709 1987 930 2028 STATUM
959 1986 1317 2028 TRANSLATIS.

166 2070 189 2116 1
235 2069 348 2127 Imp.
393 2067 650 2112 Gordianus
687 2070 738 2112 A.
770 2067 943 2113 Marco.
1013 2068 1218 2124 Quamvis
1251 2068 1442 2112 fluminis

106 2126 350 2170 naturalem
388 2137 565 2168 cursum
600 2137 732 2180 opere
762 2137 896 2168 manu
924 2124 1044 2168 facto
1075 2125 1162 2169 alio
1193 2138 1283 2168 non
1311 2124 1444 2168 liceat

106 2188 321 2234 avertere,
361 2184 510 2223 tamen
547 2181 687 2235 ripam
727 2193 852 2224 suam
885 2180 1096 2225 adversus
1125 2181 1272 2237 rapidi
1301 2181 1442 2224 amnis

104 2238 315 2292 impetum
353 2236 523 2279 munire
563 2236 833 2290 prohibitum
868 2250 958 2280 non
997 2241 1078 2280 est.
1145 2241 1190 2280 et
1230 2250 1329 2281 cum
1358 2235 1441 2279 fiu—

104 2294 199 2336 111113
221 2293 368 2348 priore
390 2292 513 2335 alveo
541 2292 750 2336 derelicto
774 2292 908 2335 alium
928 2292 1017 2336 sibi
1037 2291 1160 2344 facit,
1186 2305 1290 2348 ager
1315 2305 1443 2346 quein

103 2347 346 2391 circumivit
374 2347 534 2402 prioris
571 2347 763 2390 domini-‘³
800 2351 961 2391 manet.
1014 2348 1132 2402 quod
1161 2348 1200 2391 si
1227 2348 1443 2404 paulatim

100 2404 164 2447 ita
194 2402 370 2446 auferat
398 2401 591 2456 01111111οδ
619 2402 737 2457 parti
765 2402 972 2458 applicet,
1003 2403 1049 2446 id
1071 2403 1318 2448 adiuvionis
1343 2403 1442 2447 iure

101 2459 141 2502 ei
170 2458 408 2514 quaeritur,
443 2459 567 2501 cuius
597 2457 762 2501 fundus
794 2458 965 2502 crescit.
1037 2457 1131 2502 ΡΡ.
1164 2471 1232 2502 111
1258 2457 1301 2502 lc.
1333 2458 1440 2504 Dec.

103 2514 333 2558 Gordiano
363 2515 414 2556 A.
451 2517 495 2556 et
523 2513 682 2557 Aviola
713 2526 855 2558 conss.
1252 2518 1309 2568 [a.
1343 2518 1439 2565 2391

158 2567 188 2615 2
220 2568 398 2633 Imppp.
424 2568 649 2612 Arcadius
670 2568 904 2614 Honorius
933 2575 977 2614 et
999 2569 1277 2615 Theodosius
1304 2571 1440 2614 AAA.

103 2625 312 2670 Caesario
335 2639 419 2683 pp.
477 2624 555 2678 Hi,
597 2638 707 2680 quos
737 2625 968 2671 inundatio
998 2626 1089 2671 Nili
1117 2626 1310 2670 fluminis
1341 2626 1439 2670 red-

101 2681 211 2725 didit
240 2681 444 2735 ditiores,
485 2694 566 2736 pro
603 2682 734 2725 terris
772 2695 881 2738 quas
911 2683 1144 2738 possident
1171 2684 1439 2727 tributorum

99 2738 443 2794 praestationem
495 2742 750 2791 agnoscant.
830 2743 875 2782 et
919 2739 994 2794 qui
1035 2752 1164 2782 suum
1208 2739 1442 2795 deplorant

100 2792 413 2849 patrimonium
453 2792 753 2846 imminutum,
808 2794 951 2838 alieno
995 2795 1156 2838 saltem
1197 2795 1441 2839 functionis

103 2862 236 2893 onere
273 2849 516 2891 liberentur
554 2851 600 2892 et
635 2851 814 2893 nostrae
852 2850 1101 2894 serenitatis
1130 2851 1337 2906 largitate
1366 2850 1441 2894 de-

101 2904 230 2956 fensi,
269 2904 467 2948 locorum
508 2904 639 2947 etiam
667 2906 949 2961 possessione
979 2906 1200 2961 contenti,
1238 2920 1319 2963 pro
1349 2907 1441 2962 agi-

101 2960 223 3006 tandi
254 2973 411 3004 census
442 2960 639 3005 examine
667 2961 965 3017 respondeant
994 2963 1228 3008 devotioni.
1289 2962 1344 3007 D.
1376 2974 1446 3006 ΠΙ

99 3016 158 3059 id.
192 3015 292 3059 Iun.
327 3014 576 3060 Theodosio
605 3017 657 3060 A.
690 3023 735 3062 et
762 3017 1015 3063 Rumorido
1047 3032 1190 3063 conss.
1253 3023 1310 3072 [a.
1342 3022 1442 3071 403]

156 3069 186 3118 3
205 3070 370 3128 ⁷Impp.
387 3070 664 3116 Theodosius
677 3079 723 3117 et
742 3073 1085 3118 Valentinianus
1095 3077 1187 3119 AA.
1210 3074 1327 3133 Cyro
1337 3076 1444 3142 pp.⁸

98 3127 182 3182 Ea,
214 3140 326 3182 quae
343 3140 435 3191 ‚per
462 3128 740 3173 adluvionem
769 3130 862 3174 sive
890 3130 936 3174 in
955 3131 1157 3189 Aegypto
1187 3144 1269 3187 per
1292 3131 1443 3175 Nilum

100 3184 191 3227 sive
220 3184 265 3226 in
295 3183 392 3226 aliis
423 3184 694 3239 provinciis⁹
731 3198 812 3241 pei·
850 3186 1022 3231 diversa
1050 3187 1235 3231 flumina
1262 3200 1442 3243 posses-

100 3240 274 3283 soribus
306 3239 617 3294 adquiruntur,
658 3254 801 3296 neque
839 3243 897 3287 ab
937 3243 1110 3288 aerario
1141 3243 1271 3288 vendi
1299 3256 1443 3300 neque

102 3307 130 3337 a
158 3295 354 3350 quolibet
391 3297 481 3350 peti
509 3310 591 3340 nec
622 3298 860 3353 separatim
891 3299 1063 3343 censeri
1092 3301 1161 3344 vel
1189 3299 1442 3344 functiones

102 3351 217 3405 exigi
238 3351 343 3415 ‘hac
385 3355 598 3407 perpetuo
638 3354 733 3408 lege
771 3354 960 3399 valitura
990 3357 1235 3411 sancimus,
1281 3368 1336 3400 00
1373 3357 1442 3401 vel

103 3405 383 3449 adluvionum
404 3407 607 3461 ignorare
633 3409 738 3453 vitia
763 3411 830 3454 vel
856 3424 948 3457 rem
973 3412 1152 3456 noxiam
1170 3412 1441 3469 possessori-

107 3466 123 3503 1
186 3462 270 3505 bus
307 3461 529 3506 videamur
563 3464 769 3509 indicere.
841 3467 1051 3511 Similiter
1082 3482 1138 3512 ne
1170 3482 1221 3512 ea
1252 3468 1440 3526 quidem,

103 3529 216 3582 quae
259 3517 496 3583 paludibus
532 3524 675 3583 ‘antea
718 3523 786 3566 vel
836 3524 1013 3578 pascuis
1054 3525 1319 3579 videbantur
1362 3525 1440 3569 ad-

103 3575 283 3628 scripta,
315 3586 354 3616 si
382 3576 627 3629 sumptibus
645 3577 679 3603 ¹⁰
707 3590 1015 3632 possessorum
1042 3594 1159 3625 nunc
1184 3582 1241 3626 ad
1266 3582 1441 3638 frugum

101 3629 374 3672 fertilitatem
416 3632 634 3674 translata
678 3638 802 3684 sunt,
848 3636 916 3679 vel
954 3637 1082 3680 vendi
1126 3638 1193 3681 vel
1236 3638 1331 3695 peti
1374 3637 1442 3682 vel

102 3685 232 3740 quasi
269 3685 432 3729 fertilia
471 3688 709 3742 separatim
749 3692 917 3734 censeri
946 3693 1013 3735 vel
1043 3694 1297 3738 functiones
1328 3694 1443 3750 exigi

104 3741 404 3792 concedimus,
435 3754 491 3784 ne
520 3742 699 3788 doleant
729 3745 954 3800 diligentes
985 3761 1163 3804 operam
1194 3763 1321 3794 suam
1351 3751 1442 3806 agri

102 3796 275 3841 dedisse
315 3797 516 3842 culturae
555 3812 637 3843 nec
675 3800 940 3856 diligentiam
980 3818 1106 3848 suam
1145 3806 1232 3850 sibi
1261 3806 1442 3851 damno-

103 3856 126 3894 2
186 3865 281 3919 sam
309 3853 579 3918 intellegant.
641 3855 776 3900 Cuius
794 3859 826 3883 ¹¹
860 3858 964 3915 legis
996 3864 1283 3907 temeratores
1314 3862 1440 3929 quin-

102 3911 310 3963 quaginta
349 3910 563 3953 librarum
601 3912 698 3955 auri
736 3913 1101 3961 condemnatione
1138 3931 1333 3962 coerceri
1365 3918 1438 3962 de-

102 3965 340 4008 cernimus:
375 3965 491 4008 inter
521 3979 631 4021 quos
661 3968 912 4012 habendum
942 3977 1007 4014 est
1038 3972 1236 4017 officium
1268 3989 1441 4031 quoque

100 4023 205 4063 tuae
241 4020 357 4063 sedis
397 4022 619 4075 excelsae,
662 4024 700 4067 si
734 4025 898 4079 aliquid
930 4027 1142 4073 eiusmodi
1173 4032 1442 4087 suggesserit

102 4075 420 4130 disponendum
445 4078 513 4120 vel
536 4078 574 4122 si
597 4092 752 4134 preces
775 4080 1034 4126 instruxerit
1049 4086 1267 4140 petitoris.
1312 4086 1367 4131 D.
1385 4099 1444 4131 xl

99 4129 143 4174 lc.
179 4130 270 4176 Oct.
313 4132 706 4193 Constantinopoli
746 4134 1061 4183 Valentiniano
1092 4142 1144 4185 A.
1184 4153 1214 4186 7
1246 4147 1293 4187 et
1318 4143 1440 4187 Ana-

104 4186 210 4230 tolio
242 4201 384 4232 conss.
1249 4200 1306 4251 [a.
1339 4202 1438 4253 440]

104 4383 154 4433 (1)
182 4383 240 4423 sic
278 4383 326 4434 V,
366 4385 496 4425 causis
533 4387 602 4427 CR
745 4389 801 4440 (2)
834 4388 872 4429 01
908 4386 1021 4442 0⁶13,
1060 4391 1119 4431 eis
1154 4393 1198 4434 V
1221 4393 1287 4435 vel
1323 4394 1443 4436 1⁷⁰0*

104 4439 158 4486 (3)
189 4439 246 4477 013
287 4440 418 4492 V?C*²,
456 4441 494 4481 ei
529 4440 592 4493 Cb,
623 4458 695 4483 om.
728 4446 767 4484 R
882 4445 936 4494 (4)
971 4447 1013 4485 B
1044 4450 1110 4498 50,
1141 4458 1181 4490 16
1298 4450 1353 4500 (5)
1383 4451 1442 4491 sic

109 4492 180 4532 GR,
210 4509 293 4533 cum
324 4495 381 4543 B,
412 4496 584 4537 dominii
626 4499 663 4538 V
750 4501 806 4551 (6)
835 4499 991 4551 aliique
1017 4502 1063 4551 V,
1094 4506 1140 4542 ut
1170 4506 1337 4557 utrique
1374 4505 1441 4556 0⁰,

106 4550 152 4584 ut
180 4547 299 4588 alteri
341 4548 403 4598 6⁶,
441 4555 488 4590 ut
526 4552 651 4593 alicui
693 4556 732 4594 R.

105 4602 160 4642 (3)
193 4607 230 4639 et
260 4606 414 4643 consuli
444 4607 652 4658 designato
682 4612 796 4650 addit
822 4610 925 4652 Νου.

107 4658 334 4705 provincias
366 4661 459 4701 libri
542 4666 616 4712 (10)
648 4678 692 4703 110
724 4665 933 4707 laboribus
962 4669 1035 4709 ins.
1068 4668 1172 4710 Νου.
1261 4674 1331 4724 (11)
1363 4674 1438 4711 liu-

902 4559 958 4607 (7)
988 4577 1041 4592 =
1071 4559 1176 4599 Nov.
1212 4562 1360 4602 Theod.
1392 4571 1438 4603 20
1523 4558 1634 4600 blico
1670 4557 1775 4606 ow,
1806 4559 1975 4612 publica
2004 4560 2068 4600 R⁰
2152 4559 2226 4610 (17)
2255 4557 2362 4599 sedis
2390 4558 2485 4597 tuae
2516 4557 2619 4598 Νου.

1023 4613 1081 4663 (9)
1106 4616 1164 4653 sic
1190 4615 1308 4667 Νου.,
1339 4615 1439 4655 alias
1524 4617 1563 4665 9,
1595 4623 1625 4667 1,
1656 4623 1700 4654 56
1730 4630 1839 4667 seqq.

2337 192 2410 230 DE
2445 191 2732 234 ADLUVION
2739 189 2860 230 IBUS

2131 334 2330 383 XXXII.

1523 414 1600 454 DE
1642 413 1989 466 ,SENTENTIIS
2033 337 2492 457 PIZOEFEGTo-RUM
2531 414 2862 457 PRAETORIO.

1582 492 1606 541 1
1647 493 1831 554 ¹²Impp.
1864 495 2141 542 Theodosius
2169 502 2215 542 et
2252 495 2597 541 Valentinianus
2623 498 2716 542 AA.
2750 496 2863 542 Tha-

1525 550 1662 616 lassio
1685 563 1770 608 pp.
1803 548 1992 649 Illiyriei.
2039 552 2339 608 Litigantibus
2368 552 2415 594 in
2445 550 2714 616 amplissimo
2735 565 2864 608 prae-

1524 611 1726 650 torianae
1750 618 1858 661 prae
1877 609 2058 653 ecturae
2082 609 2260 661 iudicio,
2293 608 2331 652 si
2357 611 2515 652 contra
2542 620 2612 651 1113
2643 619 2690 651 30
2718 608 2865 654 laesos

1525 661 1780 716 adfirment,
1818 675 1910 706 non
1938 665 2221 720 provocandi,
2263 664 2341 708 sed
2358 664 2391 690 ¹³
2421 662 2701 719 supplicandi
2729 663 2865 708 licen-

1524 719 1631 761 tiam
1682 717 2002 774 ministramus,
2048 720 2152 765 licet
2203 734 2285 776 pro
2340 719 2465 763 curia
2508 719 2578 762 vel
2594 719 2627 745 ¹⁴
2671 718 2867 774 qualibet

1524 773 1705 829 publica
1747 772 1940 828 utilitate
1983 788 2062 820 seu
2105 777 2191 823 alia
2236 788 2374 820 causa
2390 777 2423 801 ¹⁵
2473 773 2648 819 dicatur
2690 774 2868 829 prolata

1525 828 1746 873 sententia
1775 834 1872 882 (nec
1901 830 2017 883 enim
2045 832 2222 887 publice
2236 833 2269 858 ¹⁶
2299 831 2482 888 prodest
2511 829 2694 886 singulis
2724 831 2868 885 legum

1526 885 1793 930 adminicula
1832 884 2078 942 deneger-ih
2123 890 2189 932 ita
2227 888 2452 941 videlicet,
2498 891 2548 930 ut
2586 887 2707 929 intra
2743 885 2868 930 bien-

1524 942 1646 985 nium
1671 943 1845 984 tantum
1871 945 2023 986 nostro
2047 945 2217 988 numini
2243 949 2397 987 contra
2419 942 2738 998 cognitionales
2753 940 2870 986 sedis

1526 997 1837 1053 praetorianae
1867 997 2177 1052 praefecturae
2195 1002 2227 1027 ¹⁷
2267 999 2524 1052 sententias,
2558 1000 2662 1054 post
2690 1009 2869 1041 succes-

1526 1054 1693 1098 sionem
1722 1053 1880 1096 iudicis
1910 1055 2253 1110 numerandum,
2295 1054 2572 1111 supplicandi
2607 1054 2669 1098 eis
2697 1053 2869 1098 tribua·

1525 1114 1599 1154 tur
1628 1109 1836 1154 facultas.
1895 1107 1950 1152 D.
1983 1122 2051 1153 Ill
2077 1111 2138 1157 id.
2153 1113 2268 1170 Auq.
2304 1109 2700 1170 Constantinopoli
2731 1108 2871 1154 Theo-

1526 1166 1654 1211 dosio
1685 1166 1736 1210 A.
1770 1176 1886 1209 ΧΠ]
1912 1169 1958 1209 et
1985 1165 2120 1211 Festo
2151 1181 2294 1212 conss.
2682 1169 2739 1220 [a.
2771 1167 2871 1219 439]

2050 1393 2364 1442 XXXXIII.¹⁸

1529 1476 1798 1522 QUOMODO
1851 1476 1924 1516 ET
1978 1476 2209 1523 QUANDO
2264 1476 2448 1517 IUDEX
2501 1474 2874 1518 SENTENTIAM

1526 1532 1827 1573 PROFERRE
1876 1533 2068 1573 DEBET
2119 1532 2547 1574 PRAESENTIBUS
2597 1532 2874 1575 PARTIBUS

1917 1587 2032 1629 VEL
2062 1588 2182 1629 UNA
2212 1588 2485 1629 ABSENTE.

1587 1669 1610 1716 1
1662 1669 1776 1730 Imp.
1822 1670 1946 1716 Titus
1983 1670 2140 1716 Aelius
2177 1671 2435 1716 Antoninus
2477 1669 2698 1716 Publicio.
2771 1670 2876 1717 Non

1529 1739 1703 1783 semper
1743 1727 2043 1783 compelleris,
2082 1730 2135 1771 ut
2172 1726 2385 1772 adversus
2416 1728 2647 1772 absentem
2674 1740 2874 1785 pronun-

1528 1782 1632 1835 ties,
1676 1787 1860 1839 propter
1896 1783 2271 1840 subscriptionem
2299 1783 2442 1840 patris
2473 1784 2583 1838 mei,
2623 1797 2712 1840 qua
2740 1783 2875 1840 signi·

1528 1838 1680 1883 ficavit
1708 1841 1842 1883 etiam
1872 1845 2030 1884 contra
2060 1841 2268 1885 absentes
2293 1841 2559 1884 sententiam
2589 1840 2687 1884 dari
2716 1840 2872 1885 solere.

1527 1895 1574 1939 id
1613 1895 1728 1939 enim
1768 1909 1819 1940 eo
1860 1897 2074 1952 pertinet,
2113 1899 2165 1940 ut
2203 1897 2430 1941 absentem
2470 1896 2682 1941 damnare
2714 1896 2874 1953 1103313,

1529 1965 1619 1996 non
1663 1954 1715 1996 ut
1731 1952 1766 1979 ¹⁹
1809 1953 2058 1997 omnimodo
2102 1965 2286 1998 necesse
2329 1953 2512 1997 habeas.
2585 1951 2695 1998 Sine
2731 1952 2805 1998 die
2833 1958 2878 1998 et

1530 2021 1674 2052 conss.

1587 2061 1619 2109 2
1659 2063 1773 2122 Imp.
1815 2063 2074 2109 Gordianus
2111 2067 2161 2109 A.
2206 2064 2384 2110 Severo.
2457 2065 2670 2110 Cessante
2729 2076 2876 2121 uoque

1531 2133 1667 2164 eausa
1696 2121 1981 2177 peremptorii
2012 2121 2145 2165 edicti
2175 2121 2387 2166 adversus
2417 2134 2517 2175 eos,
2557 2121 2634 2176 qui
2662 2133 2689 2164 a
2719 2119 2876 2166 moniti

1527 2176 1691 2221 iudicio
1723 2177 1879 2222 adesse
1909 2178 2159 2230 noluerunt,
2191 2178 2457 2222 sententiam
2487 2177 2543 2222 ab
2572 2176 2719 2222 iudice
2743 2189 2878 2232 posse

1528 2232 1636 2276 ferri
1666 2235 1836 2277 certum
1873 2238 1953 2278 est.
2022 2232 2069 2277 S.
2102 2245 2195 2277 IIII
2226 2232 2270 2277 lc.
2299 2234 2415 2291 Auq.
2446 2232 2533 2278 Pio
2573 2238 2619 2277 et
2646 2231 2876 2334 Ροηίίἑιέιὸο

1529 2302 1674 2333 conss.
2689 2292 2747 2342 [a.
2861 2293 2875 2342 ]

1586 2341 1617 2391 3
1649 2343 1774 2387 Idem
1806 2345 1857 2387 A.
1889 2345 2100 2389 Antistio.
2169 2345 2240 2388 Ab
2281 2357 2333 2388 eo
2373 2343 2573 2389 iudicato
2611 2344 2760 2390 recedi
2787 2357 2878 2390 non

1527 2402 1702 2454 potest,
1741 2399 1860 2455 quod
1889 2400 2012 2443 vobis
2043 2401 2303 2444 absentibus
2333 2405 2379 2444 et
2405 2401 2712 2456 ignorantibus
2742 2405 2877 2458 atque

1526 2455 1769 2499 indefensis
1801 2455 1946 2499 dicitis
1977 2468 2074 2500 0330
2103 2457 2346 2512 prolatum,
2387 2457 2439 2509 si,
2471 2456 2551 2500 ubi
2578 2456 2768 2512 primum
2800 2470 2876 2503 co-

1526 2510 1765 2567 gnovistis,
1805 2525 1895 2555 non
1934 2511 2034 2557 ilico
2073 2512 2127 2557 de
2158 2513 2341 2558 statutis
2370 2512 2611 2569 querellam
2641 2513 2875 2559 detulistis.

1526 2568 1592 2611 ita
1622 2568 1738 2611 enim
1766 2566 2021 2612 firmitatem
2050 2569 2296 2625 sententia,
2337 2582 2450 2626 quae
2487 2569 2554 2613 ita
2589 2569 2766 2625 prolata
2794 2574 2876 2624 est,

1527 2637 1619 2668 non
1662 2623 1869 2676 habebit,
1916 2624 1954 2668 si
1993 2624 2035 2669 ei
2073 2638 2164 2670 non
2201 2625 2261 2671 sit
2300 2625 2604 2670 commodatus
2644 2625 2874 2671 adsensus.

1527 2679 1622 2724 ΡΡ.
1640 2691 1733 2723 ΙΙΙ]
1751 2679 1810 2724 id.
1829 2679 1931 2724 Iun.
1952 2679 2186 2726 Gordiano
2203 2683 2255 2725 A.
2273 2687 2319 2726 et
2330 2682 2494 2727 Aviola
2523 2695 2668 2727 conss.
2701 2683 2759 2740 [a.
2777 2685 2875 2737 239]

1585 2734 1616 2781 4
1658 2734 1772 2793 Imp.
1803 2735 2048 2796 Philippus
2086 2740 2137 2781 A.
2180 2737 2393 2783 Domitio.
2453 2738 2520 2793 Si,
2561 2741 2613 2782 ut
2649 2738 2876 2795 proponis,

1527 2791 2150 2893 pfflcedffeeffgaseffssnfegiato
2191 2794 2388 2894 absenffi³
2412 2799 2457 2838 et
2484 2793 2791 2862 ignorante-te
2817 2795 2876 2840 ab

1526 2903 1765 2948 tumaciter
1793 2903 1990 2958 deesses,
2017 2863 2877 2972 11111111)ἐίξὲνῇῗΐ003811ῗ1ξῗ11ἕ1ῗ81ξ1οξἓ23

1528 2960 1671 3004 denuo
1701 2959 1928 3016 negotium
1957 2960 2140 3005 alterius
2170 2961 2328 3005 iudicis
2354 2962 2527 3006 notioni
2551 2962 2874 3007 terminandum
2962 2961 2963 2964 ’

1529 3015 1762 3060 commisit.
1831 3015 1925 3061 ΡΡ.
1966 3028 1995 3060 ν
2026 3017 2086 3061 id.
2124 3016 2217 3062 Oet.
2259 3016 2511 3076 Pereqrino
2551 3023 2597 3063 et
2623 3019 2875 3063 Aemiliano

1527 3085 1672 3118 conss.
2702 3088 2743 3119 a.
2774 3078 2855 3119 244

1583 3127 1614 3175 5
1647 3127 1775 3174 Idem
1803 3130 1855 3174 A.
1887 3133 1932 3174 et
1959 3127 2204 3188 Philippus
2237 3127 2279 3174 C.
2311 3128 2534 3187 Lonqino.
2593 3129 2655 3184 Si,
2686 3078 2743 3174 [ut
2767 3077 2875 3188 prol

1525 3184 1669 3241 ponis,
1698 3197 1880 3242 praeses
1940 3185 2178 3238 rovinciae,
2210 3198 2311 3229 cum
2341 3192 2512 3231 certum
2539 3185 2688 3231 locum
2712 3198 2876 3237 causae

1527 3241 1862 3297 cognoscendae
1923 3241 2109 3297 edisset,
2146 3241 2252 3287 alibi
2279 3255 2364 3298 per
2392 3242 2699 3299 obreptionem
2725 3242 2875 3288 aditus

1526 3297 1791 3342 sententiam
1821 3298 2033 3342 adversus
2071 3303 2116 3342 te
2145 3298 2375 3342 absentem
2402 3299 2614 3355 protulit,
2655 3299 2774 3356 quod
2811 3299 2876 3344 ita

1525 3357 1698 3410 gestum
1723 3358 1805 3410 est,
1836 3354 1895 3398 ad
1919 3353 2125 3399 effectum
2145 3354 2255 3399 iuris
2276 3358 2480 3411 spectare
2494 3355 2671 3399 minime
2684 3359 2873 3411 oportet.

1584 3406 1615 3456 6
1656 3409 1804 3469 Impp.
1856 3409 2129 3455 Valerianus
2171 3418 2215 3455 et
2257 3411 2488 3455 Gallienus
2525 3413 2618 3455 AA.
2658 3410 2873 3456 Domitio.

1526 3465 1573 3510 Si
1613 3478 1794 3522 praeses
1840 3466 1967 3524 quasi
2005 3466 2225 3511 desertam
2263 3467 2320 3510 ab
2359 3466 2526 3511 adultis
2564 3467 2654 3511 tuis
2694 3479 2875 3513 causam

1525 3522 1859 3579 appellationis,
1913 3535 2028 3580 quae
2070 3524 2130 3569 ab
2173 3522 2379 3567 adiutore
2423 3535 2503 3567 suo
2549 3522 2670 3567 facta
2712 3522 2875 3579 fuerat,

1527 3578 1823 3623 circumduxit
1859 3592 1911 3623 00
1949 3583 2170 3635 tempore,
2211 3592 2298 3634 quo
2338 3578 2480 3622 adulti
2520 3584 2748 3624 curatores
2783 3592 2875 3625 non

1524 3635 1765 3689 habebant,
1794 3635 2010 3691 repetitus
2040 3634 2265 3680 notionem
2296 3647 2422 3678 suam
2445 3635 2684 3679 exhibebit.
2729 3647 2874 3692 neque

1526 3691 1642 3749 enim
1670 3690 1803 3736 debet
1831 3691 1994 3735 adultis
2023 3702 2199 3745 000010,
2230 3690 2443 3746 quidquid
2472 3704 2525 3735 eo
2554 3695 2756 3757 tempore
2779 3694 2874 3736 sta-

1525 3752 1673 3792 tutum
1713 3751 1803 3803 est,
1835 3760 1921 3802 11110
1952 3746 2207 3791 defensione
2235 3747 2355 3791 iusta
2386 3750 2431 3791 et
2460 3751 2678 3792 curatoris
2707 3747 2874 3793 auxilio

1525 3803 1707 3850 fuerant
1733 3802 1950 3848 destituti.

1584 3858 1613 3906 7
1655 3858 1725 3904 Im
1755 3874 1803 3917 p.
1844 3858 2159 3904 Diocletianus
2205 3865 2250 3904 et
2291 3858 2606 3905 Maximianus
2643 3860 2735 3903 AA.
2773 3858 2872 3904 Ma-

1524 3918 1642 3962 rino.
1709 3873 1800 3968 ga,
1840 3927 1955 3971 quae
1993 3917 2257 3960 statuuntur
2293 3915 2505 3963 adversus
2544 3915 2752 3960 absentes
2781 3928 2871 3961 non

1523 3985 1606 4029 per
1644 3970 1995 4024 contumaciam,
2040 3971 2213 4016 scilicet
2255 3971 2665 4016 denuntiationibus
2705 3982 2871 4028 nequa·

1525 4040 1659 4085 quam
1702 4041 1757 4071 ex
1795 4040 1916 4071 more
1955 4032 2217 4082 conventos,
2257 4028 2480 4072 iudicatae
2519 4027 2583 4071 rei
2618 4026 2870 4071 firmitatem

1524 4097 1615 4129 non
1643 4084 1844 4129 obtinere
1875 4086 2046 4128 certum
2075 4087 2157 4128 est.
2202 4082 2295 4128 ΡΡ.
2314 4093 2385 4127 111
2410 4082 2454 4127 lc.
2479 4082 2624 4142 April.
2651 4081 2764 4142 ipsis
2783 4093 2872 4126 1111

1522 4146 1569 4186 et
1598 4151 1667 4183 111
1689 4140 1783 4184 AA.
1815 4152 1960 4183 conss.
2678 4139 2736 4189 [a.
2767 4140 2867 4190 290]

1580 4192 1612 4245 8
1646 4193 1771 4239 Idem
1799 4196 1892 4239 AA.
1927 4194 2153 4242 Claudiae.
2213 4193 2570 4240 Consentaneum
2604 4192 2691 4237 iuri
2705 4194 2744 4220 2⁰
2782 4192 2871 4238 fuit

1521 4250 1798 4308 temporibus
1851 4250 1909 4295 ad
1957 4249 2255 4309 praesentiam
2295 4251 2435 4307 partis
2479 4249 2690 4294 adversae
2736 4261 2870 4306 prae-

2071 4449 2145 4501 (14)
2174 4447 2260 4487 alia
2287 4449 2362 4488 ins.
2386 4445 2493 4488 Νου.
2578 4446 2654 4499 (15)
2683 4458 2756 4487 3011
2783 4445 2864 4488 alia

2003 4505 2081 4556 (10)
2109 4502 2277 4557 publice
2307 4501 2426 4552 Νου.,
2457 4499 2671 4555 publicum
2713 4503 2759 4554 V,
2787 4515 2860 4555 pu-

2666 4559 2866 4667 (211181οἒ

1522 4460 1639 4502 prov.
1668 4447 1740 4488 sed
1769 4463 1843 4489 om.
1869 4448 1976 4489 Νου.

1524 4516 1648 4545 causa
1677 4519 1748 4545 om.
1787 4504 1888 4545 Νου.

1941 4616 2016 4666 (19)
2047 4617 2094 4655 ut
2138 4615 2180 4666 V,
2210 4616 2258 4654 ut
2287 4613 2408 4654 etiam
2440 4613 2554 4653 PCR

1525 4671 1633 4720 dea„
1661 4669 1753 4710 iure
1788 4671 1902 4713 PCR
