3094 4732
219 71 498 148 >numanis
535 94 800 132 AnnoNAn

223 228 524 289 stantinopoli
575 229 783 275 Honorio
837 231 889 275 Α.
936 240 1028 274 1111
1067 233 1114 274 ct
1166 229 1452 288 Eutychiano
1498 245 1561 278 vo.

224 298 638 409 cmlzff¹lct⁸em·AA.
674 340 960 407 Eutychiano
982 354 1066 405 pp.
1125 341 1331 408 labemus
1361 291 1441 399 pcdi-
1462 291 1562 388 {33}

223 410 300 442 ¹¹2⁵
319 399 1366 498 biffitisssssdgttssssfioffieiffniiafflifflffl
1384 399 1563 500 ηἶηῗέῗιῑ

223 466 380 555 {dixeris
418 509 699 574 dispendiosa
737 508 910 573 videtur
954 509 1160 563 erogatio.
1227 509 1280 554 D.
1312 469 1428 555 ‚th
1460 510 1561 556 Iun.

226 564 617 624 Constanttnopolz
650 565 859 609 Honorzo
888 564 940 608 Α.
973 575 1064 607 IIII
1098 570 1144 610 et
1171 563 1461 624 Eutychiano
1498 579 1561 612 vo.

224 635 522 725 cofis'ffdem
551 677 643 722 AA.
672 675 1033 734 provincialibus
1061 677 1331 734 provinciae
1360 625 1563 736 123'0332}

222 733 401 779 sularis.
475 732 813 789 Opinatoribus,
851 732 898 776 id
935 736 1003 777 est
1040 733 1322 778 exactoribus
1360 733 1562 778 militaris

223 802 426 835 annonae
437 790 468 844 ³,
507 789 676 834 nullum
714 789 773 833 sit
813 801 912 832 cum
941 789 1199 844 provinciali
1242 791 1562 842 commercium,

222 847 286 891 ita
306 847 359 890 ut
382 858 411 892 a
429 844 650 890 iudicibus
664 846 682 871 ⁴
710 845 779 888 vel
794 844 940 888 officio
960 845 1218 900 provinciali
1234 846 1374 890 omnis
1392 857 1562 889 summa

223 902 361 947 debiti
420 901 638 947 ostuletur
665 899 785 944 intra
814 901 918 943 anni
947 900 1139 956 spatium
1171 901 1450 946 conferenda.
1506 900 1560 945 D.

219 957 341 1016 prid.
383 915 428 1002 Ξ.
472 956 616 1015 April.
685 955 936 1000 Mediolani
993 956 1224 1002 Vincentio
1278 963 1323 1002 et
1375 957 1561 1056 ΓναὲἇτΙο

224 1026 369 1116 ωῗῗ”
388 1067 532 1114 ‘Idem
570 1068 663 1113 ΑΛ.
713 1073 759 1112 et
800 1068 1077 1113 Theodosius
1120 1070 1171 1114 A.
1213 1017 1447 1113 Ληιιιωξῖἷὸ
1481 1016 1561 1134 pp?

223 1125 400 1226 Sefftem
428 1124 618 1178 dierum,
658 1137 739 1180 per
769 1137 877 1180 quas
916 1125 1082 1168 tribuni
1111 1125 1393 1169 emolumenti
1421 1128 1564 1179 gratla

223 1195 271 1226 so
305 1181 488 1226 emniter
517 1180 761 1226 stillaturae
790 1181 963 1225 nomine
994 1184 1326 1236 consequuntur
1354 1182 1560 1225 resisten-

223 1237 319 1282 tes⁸
349 1236 540 1294 species,
579 1250 668 1281 non
707 1236 836 1280 aliter
874 1237 1154 1290 adaerentur,
1196 1237 1281 1281 nisi
1310 1241 1360 1281 ut
1388 1237 1435 1280 in
1464 1236 1560 1281 foro

222 1305 368 1338 rerum
397 1292 614 1338 venalium
653 1292 970 1337 distrahuntur.
1025 1292 1079 1336 D.
1121 1304 1150 1336 V
1174 1292 1234 1336 id.
1265 1293 1407 1351 April.
1451 1292 1562 1337 Con-

222 1349 422 1394 stantino
458 1349 521 1393 oli
535 1349 735 1393 Arcadio
753 1351 803 1394 A.
831 1361 880 1393 Vl
906 1355 951 1393 et
965 1347 1116 1392 Probo
1134 1361 1196 1393 vo.
1214 1362 1356 1393 conss.
1389 1353 1445 1402 [a.
1465 1352 1561 1400 406]

280 1402 344 1452 13
376 1405 394 1432 ⁷
423 1405 520 1449 dem
549 1406 667 1449 AA.⁸
695 1404 931 1449 Anthemio
959 1418 1037 1470 pp.
1097 1404 1216 1460 Lege
1243 1405 1432 1461 repetita
1463 1416 1559 1448 cen-

222 1474 390 1516 semus,
431 1465 504 1516 ut,
545 1461 583 1506 si
623 1461 719 1516 quis
756 1461 943 1504 militum
983 1461 1276 1516 interclusam
1317 1462 1563 1517 specierum

223 1517 496 1562 exactionem
524 1516 734 1562 refricare
757 1516 1035 1572 temptaverit
1051 1517 1116 1559 vel
1143 1516 1447 1561 adaerationes
1472 1520 1561 1560 sta-

222 1577 342 1618 tutas
371 1586 508 1618 ausus
537 1572 671 1617 fuerit
700 1573 943 1625 immutare,
974 1575 1064 1616 tam
1095 1572 1161 1615 vir
1190 1572 1443 1628 spectabilis
1474 1572 1564 1616 dux

221 1633 398 1674 centum
427 1630 642 1673 librarum
671 1630 769 1672 auri
799 1641 930 1685 quam
961 1629 1092 1671 etiam
1118 1628 1211 1672 eius
1243 1628 1437 1672 officium
1467 1628 1564 1685 pari

224 1685 600 1730 condemnationis
640 1697 810 1728 summa
849 1683 1087 1739 quatiatur,
1130 1684 1303 1727 adiecta
1343 1683 1563 1739 sacrilegii

221 1753 379 1798 poena,
410 1753 524 1797 quae
554 1740 762 1785 divalium
795 1741 1006 1784 scitorum
1044 1739 1280 1783 violatores
1319 1741 1468 1795 palam
1496 1739 1563 1782 in-

222 1797 432 1852 sequitur.
498 1795 546 1839 D.
579 1807 617 1839 Χ
650 1795 692 1839 lc.
724 1795 870 1853 April.
918 1794 1311 1852 Constantinopoli
1352 1795 1563 1839 Honorio

230 1863 325 1895 VIII
350 1857 396 1896 et
426 1850 677 1895 Theodosio
709 1863 778 1894 III
805 1851 896 1895 AA.
929 1863 1072 1895 conss.
1372 1854 1429 1902 [a.
1462 1853 1562 1901 409]

280 1905 345 1953 14
375 1905 672 1951 ⁹1demAA.²⁰
699 1905 960 1950 Constantio
991 1906 1211 1971 maqistro
1239 1905 1440 1949 militum.
1482 1905 1564 1948 His

221 1961 510 2016 scholaribus,
543 1961 703 2018 quibus
732 1962 936 2006 laborum
965 1962 1128 2005 intuitu
1167 1961 1381 2017 regendos
1410 1973 1564 2005 nume-

220 2032 293 2065 ros
324 2018 594 2073 dederimus,
635 2017 689 2062 de
726 2018 909 2062 aerariis
946 2018 1134 2062 annonis
1173 2017 1370 2072 singulos
1400 2017 1564 2061 solidos

221 2088 301 2132 per
339 2075 614 2141 opinatores,
667 2073 974 2119 caballationis
1014 2085 1188 2130 quoque
1228 2074 1445 2118 rationem
1483 2080 1564 2129 pro

223 2131 526 2176 administrato
557 2133 754 2185 tempore
784 2130 987 2183 debitam,
1019 2130 1196 2186 quando
1226 2129 1436 2174 militibus
1466 2142 1563 2174 ero-

221 2191 365 2243 gatur,
396 2186 492 2230 sine
519 2198 642 2229 mora
671 2186 876 2241 praeberi
906 2190 1083 2240 oportet
1105 2186 1186 2238 vel,
1219 2186 1256 2229 si
1285 2185 1382 2241 quis
1413 2199 1565 2229 eorum

223 2248 461 2299 antequam
489 2241 683 2298 accipiat
710 2242 758 2284 in
782 2241 876 2284 fata
901 2242 1181 2296 concesserit,
1212 2241 1330 2297 quod
1360 2254 1414 2284 ex
1441 2244 1563 2284 utra-

253 2311 309 2343 ue
352 2310 489 2343 causa
531 2298 573 2342 ei
615 2297 879 2348 debebatur,
926 2297 1162 2341 heredibus
1218 2297 1312 2341 eius
1355 2297 1561 2341 restituti.

268 2389 279 2400 .
319 2366 424 2399 XIII
465 2353 508 2398 lc.
548 2352 654 2398 Deo.
716 2352 977 2397 Constantio
1027 2358 1073 2396 et
1109 2352 1352 2397 Constante
1390 2367 1453 2398 vv.
1499 2366 1561 2397 oo.

223 2424 367 2456 conss.
1378 2413 1432 2461 [a.
1466 2412 1562 2460 414]

282 2466 345 2514 15
382 2466 543 2511 “Idem
557 2466 651 2511 ΛΑ.
682 2463 1002 2522 Asclepiodoto
1023 2478 1107 2523 pp.
1152 2466 1366 2508 Annonas
1398 2477 1562 2518 omnes,

224 2535 339 2580 quae
367 2523 584 2568 universis
615 2521 773 2567 officiis
813 2524 947 2576 atque
976 2521 1093 2564 sacri
1130 2521 1286 2576 palatii
1314 2520 1564 2564 ministeriis

225 2585 270 2624 et
307 2579 447 2624 sacris
487 2578 662 2623 scriniis
708 2577 952 2632 ceterisque
991 2581 1252 2620 cunctarum
1290 2576 1564 2620 adminiculis

224 2635 484 2692 dignitatum
501 2635 704 2678 adsolent
720 2632 924 2688 delegari,
957 2645 1153 2688 quasque
1168 2633 1212 2687 ii,
1244 2633 1316 2688 qui
1331 2632 1389 2676 ad
1415 2645 1566 2676 earum

226 2692 500 2737 exactionem
527 2691 778 2743 mittuntur,
819 2702 900 2744 pro
932 2689 1173 2744 cupiditate
1202 2692 1248 2732 et
1274 2688 1454 2732 libidine
1483 2701 1566 2732 sua

223 2749 413 2803 graviter
459 2760 515 2791 ex
557 2745 891 2802 provincialium
934 2745 1174 2788 visceribus
1218 2745 1455 2796 eruebant,
1508 2744 1566 2787 ad

226 2803 553 2849 similitudinem
587 2802 796 2854 militum,
844 2801 1003 2856 quibus
1054 2801 1252 2844 aerariae
1294 2801 1566 2855 praebentur

224 2872 443 2913 annonae,
474 2857 678 2903 adaerari
706 2856 1017 2913 praecipimus,
1049 2859 1099 2900 ut
1128 2857 1329 2900 omnibus
1359 2856 1564 2912 superius

225 2916 464 2972 designatis
509 2915 804 2959 emolumenta
848 2913 997 2957 debita
1039 2913 1085 2956 in
1127 2912 1279 2968 pretiis
1332 2912 1564 2968 dispositio

227 2972 428 3017 culminis
459 2971 525 3016 tui
552 2984 637 3027 pro
664 2970 844 3026 publica
867 2969 1059 3012 utilitate
1073 2969 1107 2995 ¹²
1135 2967 1299 3013 taxatis
1322 2968 1567 3024 praecipiat

227 3029 412 3084 erogari.
473 3027 528 3071 D.
561 3038 653 3070 xvt
679 3025 721 3069 lc.
748 3025 884 3069 Mart.
918 3023 1307 3081 Constantinopoli
1335 3025 1560 3082 Asclepio-

228 3083 335 3127 doto
366 3087 412 3127 et
436 3082 700 3127 Mariniano
732 3094 875 3125 conss.
1373 3083 1430 3132 [a.
1465 3083 1562 3132 423]

288 3136 353 3186 16
386 3136 498 3196 Imp.
514 3137 784 3183 Anastasius
797 3136 849 3180 A.
881 3136 1089 3193 Lonqz'no
1120 3135 1337 3193 maqistro
1368 3135 1565 3192 equitum

229 3208 284 3239 ao
306 3193 523 3253 peditum.
583 3193 669 3236 Per
706 3192 823 3235 hanc
854 3192 1042 3236 divinam
1081 3191 1411 3245 dispositionem
1439 3191 1563 3234 iube-

229 3265 326 3296 mus
341 3263 432 3303 eos,
463 3249 622 3306 quibus
639 3261 692 3292 ex
707 3247 853 3292 officio
877 3251 981 3292 tuae
1005 3247 1287 3292 sublimitatis
1313 3247 1565 3289 militarium

229 3307 487 3351 meritorum
525 3317 604 3349 seu
645 3304 883 3348 cuiuslibet
920 3302 1234 3360 praestationis
1282 3302 1566 3346 committitur

230 3363 441 3418 erogatio,
480 3361 527 3405 in
568 3360 721 3416 primis
759 3359 908 3404 iurare
947 3373 1027 3415 pro
1065 3358 1258 3402 iustitiae
1300 3359 1471 3401 ratione
1499 3358 1565 3400 in-

235 3424 255 3464 1
313 3419 510 3463 iunctam
550 3417 634 3461 sibi
673 3415 1014 3460 sollicitudinem
1050 3418 1324 3470 peracturos.
1397 3413 1458 3456 Et
1497 3426 1563 3457 se-

232 3475 423 3520 cundum
447 3477 723 3530 praesentem
740 3471 1054 3516 saluberrimae
1070 3474 1248 3514 nostrae
1268 3469 1565 3525 dispositionis

231 3531 583 3576 observationem
614 3528 840 3580 solacium,
869 3527 986 3572 sicut
1014 3526 1178 3570 dictum
1216 3530 1300 3575 est,
1341 3525 1566 3580 publicum

231 3591 436 3642 erogator
464 3598 598 3629 manu
627 3597 708 3628 sua
738 3583 832 3627 sine
860 3583 951 3627 ullo
983 3583 1080 3626 dolo
1103 3582 1171 3625 vel
1198 3581 1353 3625 fraude
1382 3581 1564 3634 singulis

230 3643 443 3687 militibus
481 3645 702 3692 numeret,
743 3641 961 3694 quatenus
997 3637 1298 3693 unusquisque
1336 3636 1460 3678 miles
1490 3649 1563 3679 ac-

233 3703 362 3755 cepto
401 3711 483 3755 per
523 3707 648 3740 suam
688 3708 867 3738 manum
902 3694 1068 3739 solacio
1104 3693 1201 3748 ipse
1238 3706 1337 3736 cum
1367 3692 1564 3735 actuario

233 3755 287 3799 de
327 3753 623 3810 negotiatione
660 3750 871 3795 actuariis
942 3750 1123 3794 ermissa
1160 3748 1401 3793 secundum
1430 3747 1564 3791 ratio-

238 3816 300 3854 la
357 3823 457 3854 nem
494 3810 598 3864 agat
634 3807 842 3852 iustitiae.
948 3820 1001 3850 oc
1038 3804 1240 3848 videlicet
1280 3803 1564 3857 observando,

233 3870 285 3911 ut
312 3879 394 3922 pro
426 3864 608 3920 singulis
638 3863 788 3908 solidis
818 3863 1029 3915 actuario,
1061 3861 1150 3904 sive
1172 3861 1322 3904 statim
1348 3861 1436 3903 sive
1465 3863 1567 3914 post

234 3936 369 3966 unum
410 3921 572 3965 duosve
612 3933 692 3964 seu
730 3918 917 3973 amplius
960 3929 1101 3961 annos
1141 3916 1391 3960 restitutum
1433 3914 1567 3958 fuerit

235 3978 453 4031 debitum,
492 3977 638 4019 minus
676 3974 850 4030 quidem
880 3987 968 4017 uno
998 3972 1218 4025 tremisse,
1248 3986 1328 4028 pro
1358 3971 1565 4025 temporis

243 4034 297 4079 lb
356 4034 523 4078 scilicet
550 4031 777 4084 brevitate,
807 4028 977 4085 pacisci
1003 4029 1148 4072 liceat.
1191 4027 1391 4083 Amplius
1421 4031 1567 4069 autem

235 4092 368 4147 quam
396 4102 531 4133 unum
570 4086 813 4130 tremissem
842 4085 989 4128 nullus
1028 4083 1252 4127 actuarius
1282 4097 1361 4138 pro
1392 4095 1566 4137 quoquo

234 4151 432 4204 tempore
462 4157 541 4189 seu
571 4155 786 4187 annorum
816 4140 960 4196 spatio
989 4139 1157 4196 pacisci
1183 4139 1359 4195 penitus
1389 4137 1564 4194 permit-

236 4292 286 4344 (1)
316 4311 370 4327 .-..-
405 4289 477 4330 Th.
509 4289 547 4337 7,
564 4294 597 4334 4,
613 4293 656 4325 25
714 4282 769 4334 (2)
799 4282 944 4322 =le.
963 4283 1000 4332 7,
1018 4289 1133 4331 aasz
1165 4280 1283 4334 iunqe
1311 4279 1384 4320 ΤΙι.
1402 4279 1564 4329 8,5,63.

241 4350 307 4399 11,
337 4356 368 4397 1,
399 4354 458 4394 29,
490 4345 540 4396 cs.
572 4341 644 4382 Th.
680 4341 743 4389 11,
776 4347 809 4387 5,
840 4346 855 4378 1
941 4337 995 4388 (3)
1024 4335 1068 4375 id
1108 4336 1168 4374 cst
1278 4346 1462 4375 annonae
1493 4347 1565 4372 om.

409 4401 464 4450 (4)
496 4412 519 4438 a
557 4395 763 4436 iudicibus
795 4393 882 4441 Th„
924 4405 948 4431 a
987 4390 1161 4431 ducibus
1191 4388 1247 4442 K,
1286 4389 1498 4431 eductibus
1532 4386 1567 4428 Ο

751 4450 807 4500 (6)
836 4448 1066 4488 resistentes
1097 4453 1187 4486 ante
1216 4445 1377 4486 tribuni
1403 4444 1569 4485 collocat

239 4404 378 4509 ga:
409 4457 482 4497 Th.
515 4458 552 4505 7,
571 4462 604 4502 4,
621 4460 665 4492 28

243 4515 316 4555 le.
402 4512 456 4563 (7)
486 4531 539 4546 =
571 4508 645 4549 Th.
677 4509 715 4556 7,
746 4514 779 4555 4,
809 4513 854 4545 30

242 4570 364 4620 impp.
400 4566 600 4606 honorius
637 4565 677 4603 et
706 4560 872 4611 theod),

328 4636 372 4668 11.

947 4577 982 4604 a.
1022 4558 1070 4610 ο,
1109 4569 1144 4596 a.
1178 4556 1224 4596 K
1319 4557 1375 4609 (9)
1405 4575 1458 4590 ==
1495 4553 1566 4596 Th.

1551 77 1656 136 473

2781 81 2884 134 XII
2920 83 2980 134 37

1649 233 1796 285 tatur,
1835 243 1918 277 nec
1955 230 2048 276 ulla
2085 232 2228 288 possit
2275 233 2500 278 actuarius
2538 233 2862 278 machinatione
2904 245 2984 288 pro

1652 287 1865 344 temporis
1895 288 2150 344 prolixitate
2179 288 2309 333 unius
2340 289 2629 344 quantitatem
2667 288 2880 333 tremissis
2911 300 2984 332 ex-

1654 348 1709 388 lo
1737 347 1796 397 (1)
1864 345 2032 389 cedere.
2106 343 2153 387 Si
2193 356 2279 399 qua
2317 348 2465 388 tamen
2503 344 2618 388 inter
2657 344 2903 388 actuarium
2941 348 2985 387 et

1649 400 1830 443 militem
1859 411 1993 456 super
2021 399 2228 456 pactione
2253 412 2331 444 seu
2356 400 2650 456 negotiatione
2670 403 2868 455 tempore
2888 412 2984 444 ero-

1648 455 1836 509 gationis
1882 455 2107 500 emerserit
2150 455 2391 510 dubitatio,
2432 456 2633 499 iubemus
2679 456 2817 499 eidem
2860 455 2986 498 militi

1650 511 1818 556 dandas
1846 511 2061 568 pecunias
2077 511 2134 555 ab
2159 516 2386 567 erogatore
2410 511 2640 567 principiis
2667 510 2761 554 dari
2783 514 2828 554 et
2848 511 2986 555 non¹³

1650 567 1891 612 secundum
1921 568 2191 612 obtinentem
2229 568 2446 611 hactenus
2488 566 2847 610 consuetudinem
2887 578 2985 610 eas-

1650 621 1748 666 dem
1776 623 1988 679 pecunias
2017 623 2086 667 vel
2114 624 2170 667 ab
2202 627 2431 678 erogatore
2459 622 2528 666 vel
2558 622 2615 665 ab
2645 622 2847 666 actuario
2878 622 2983 666 reti-

1649 677 1756 732 neri,
1789 683 2009 734 quatenus
2036 691 2174 722 causa
2198 678 2319 735 apud
2340 677 2619 721 devotissima
2643 677 2860 733 principia
2882 691 2983 734 pro-

1649 732 1805 788 positis
1861 735 2155 778 sacrosanctis
2212 732 2444 789 scripturis
2495 732 2612 776 inter
2654 734 2898 777 actuarium
2941 736 2987 776 et

1648 788 1831 832 militem
1868 793 2099 841 tractetur,
2143 792 2194 833 ut
2230 801 2284 832 ex
2326 788 2443 832 omni
2484 792 2611 843 parte
2653 789 2775 832 miles
2817 789 2987 832 nullum

1651 844 1857 887 damnum
1887 845 1970 889 sub
2012 856 2288 900 quacumque
2317 843 2551 888 occasione
2589 847 2896 899 praeterquam
2925 844 2984 896 id,

1650 899 1768 956 quod
1799 913 1898 944 eum
1928 913 1982 944 ex
2006 900 2123 943 iusta
2147 905 2192 944 et
2218 899 2434 956 permissa
2456 899 2666 943 actuariis
2692 900 2987 954 negotiatione

1650 960 1674 999 2
1733 955 1892 1000 debere
1923 956 2183 1008 constiterit,
2215 956 2425 1011 patiatur.
2470 955 2614 1010 Super
2642 954 2711 999 his
2727 968 2845 1007 vero,
2876 968 2985 1010 quos

1649 1011 1764 1055 datis
1816 1012 1932 1057 forte
1985 1012 2302 1056 commeatibus
2355 1012 2512 1055 abesse
2567 1010 2821 1066 contigerit,
2875 1011 2986 1054 haec

1648 1069 1845 1113 volumus
1876 1068 2114 1121 observari,
2145 1072 2194 1111 ut
2221 1067 2436 1124 pecuniae
2465 1079 2578 1122 quae
2605 1067 2851 1121 erogandae
2881 1070 2985 1110 sunt

1649 1137 1788 1180 usque
1827 1124 1884 1169 ad
1922 1124 2104 1179 triginta
2142 1124 2327 1176 milites,
2372 1137 2482 1179 quos
2528 1123 2829 1167 tantummodo
2873 1122 2985 1166 datis

1650 1181 1965 1225 commeatibus
1997 1179 2156 1224 dimitti
2180 1192 2311 1224 sacra
2340 1179 2597 1224 constitutio
2628 1179 2836 1232 continet,
2867 1178 2987 1234 apud

1650 1236 1933 1280 devotissima
1959 1236 2180 1292 principia
2218 1239 2566 1292 sequestrentur,
2605 1235 2781 1279 illorum
2818 1235 2987 1278 scilicet

1648 1291 1955 1336 tantummodo
1981 1292 2179 1345 militum,
2210 1304 2397 1347 quorum
2419 1292 2538 1335 intra
2560 1291 2740 1347 triginta
2769 1303 2983 1335 commea-

1648 1348 1760 1392 tales
1800 1348 1916 1392 viros
1955 1348 2297 1392 constitutorum
2335 1348 2561 1391 actuarius
2601 1351 2797 1403 tempore
2833 1358 2985 1401 eroga-

1649 1405 1779 1448 tionis
1811 1403 1997 1460 pittacia
2033 1405 2189 1459 utpote
2229 1403 2384 1447 habita
2423 1416 2557 1459 super
2595 1404 2800 1459 pactione
2829 1407 2983 1458 protu-

1648 1460 1771 1512 lerit,
1810 1465 2047 1515 quatenus,
2089 1473 2189 1503 cum
2227 1459 2343 1503 idem
2381 1459 2591 1503 redierint
2628 1459 2808 1512 milites,
2848 1469 2985 1502 causa

1649 1516 1768 1572 apud
1825 1515 2108 1560 devotissima
2162 1515 2380 1571 principia
2436 1515 2677 1559 secundum
2733 1514 2984 1571 praefatum

1648 1571 1826 1615 modum
1854 1576 2048 1615 tractata
2076 1572 2305 1626 utriusque
2330 1571 2467 1627 partis
2491 1571 2767 1615 indemnitati
2789 1571 2985 1614 similiter

1649 1627 1926 1671 consuletur:
1963 1641 2054 1672 non
2081 1626 2227 1671 danda
2255 1640 2335 1682 pro
2366 1632 2560 1684 tempore
2598 1627 2776 1671 tribuno
2805 1626 2985 1670 licentia

1647 1683 1828 1738 triginta
1855 1683 1959 1727 viris
1999 1683 2188 1738 amplius
2224 1683 2306 1726 sub
2347 1687 2614 1727 commeatus
2653 1683 2884 1727 occasione
2918 1681 2983 1725 di-

1649 1743 1672 1782 3
1730 1739 1917 1783 mittere.
2000 1738 2078 1783 Sin
2116 1751 2219 1783 vero
2259 1738 2589 1783 saluberrimam
2629 1739 2984 1783 constitutionem

1648 1794 1910 1839 offendendo
1948 1794 2138 1850 amplius
2177 1807 2309 1850 quam
2344 1794 2524 1850 triginta
2551 1795 2668 1839 viros
2708 1794 2824 1838 datis
2866 1807 2982 1838 com-

1648 1850 1867 1894 meatibus
1906 1850 2113 1894 tribunus
2154 1850 2372 1894 dimittere
2401 1863 2535 1894 ausus
2574 1850 2731 1904 fuerit,
2770 1850 2985 1907 pecunias

1649 1905 1836 1961 quidem,
1869 1919 1981 1962 quae
2011 1910 2114 1962 post
2144 1906 2445 1962 praefatorum
2473 1907 2652 1961 triginta
2680 1907 2872 1951 virorum
2901 1919 2984 1949 nu-

1647 1974 1814 2004 merum
1851 1975 1931 2018 per
1961 1963 2229 2005 commeatus
2269 1961 2458 2006 dimissis
2497 1963 2707 2007 militibus
2738 1961 2984 2018 erogandae

1648 2017 1839 2071 fuerant,
1869 2017 2074 2073 publicae
2089 2017 2252 2061 rationi
2282 2021 2487 2074 erogator
2514 2031 2602 2063 non
2631 2019 2804 2062 dubitet
2831 2030 2983 2074 repor-

1649 2078 1675 2117 4
1732 2073 1906 2118 tandas.
1977 2073 2097 2117 Sciat
2126 2087 2228 2117 vero
2257 2074 2462 2118 tribunus
2500 2078 2675 2130 praeter
2702 2075 2790 2118 iam
2820 2073 2983 2118 consti-

1649 2133 1769 2173 tutas
1801 2142 1937 2185 super
1965 2130 2213 2173 huiusmodi
2252 2129 2451 2174 facinore
2481 2131 2856 2175 interminationes
2886 2141 2984 2174 sese

1648 2185 1701 2228 de
1717 2186 1751 2211 ¹⁴
1779 2184 1971 2240 propriis
2010 2185 2299 2229 facultatibus
2338 2186 2521 2241 singulis
2558 2186 2792 2240 militibus,
2824 2186 2983 2242 quibus

1647 2241 1763 2283 ultra
1802 2254 2031 2284 numerum
2073 2241 2254 2295 triginta
2291 2241 2482 2286 virorum
2526 2243 2608 2286 sub
2647 2242 2820 2286 nomine
2865 2254 2982 2285 com-

1646 2299 1872 2340 meatuum
1902 2309 1977 2340 eos
2020 2297 2275 2341 dimittendo
2306 2300 2534 2342 causam¹⁵
2562 2311 2651 2342 non
2689 2297 2984 2354 consequendi

1649 2352 1830 2408 publica
1859 2353 2026 2396 solacia
2056 2352 2244 2407 dederit,
2285 2353 2494 2409 quidquid
2524 2354 2579 2398 ob
2615 2354 2807 2409 iniquam
2836 2352 2983 2398 dimis-

1649 2415 1714 2451 4a
1771 2409 1936 2452 sionem
1966 2409 2217 2461 amiserint,
2255 2410 2512 2454 soluturum.
2581 2409 2674 2454 Nec
2711 2410 2838 2465 prius
2866 2409 2982 2453 idem

1647 2464 1853 2508 tribunus
1897 2465 1954 2508 ab
2005 2465 2156 2508 eodem
2210 2464 2407 2508 discedat
2449 2478 2655 2517 numero,
2700 2466 2786 2509 nisi
2831 2477 2981 2510 omnes

1648 2520 1897 2564 huiusmodi
1926 2521 2104 2573 milites,
2140 2520 2187 2563 id
2226 2526 2294 2565 est
2331 2534 2440 2577 quos
2478 2526 2582 2576 post
2618 2521 2875 2577 permissam
2902 2521 2978 2564 tri·

1646 2576 1767 2632 ginta
1796 2576 1989 2619 virorum
2019 2576 2309 2631 quantitatem
2347 2582 2613 2621 commeatus
2652 2578 2825 2621 nomine
2855 2577 2978 2620 dimi-

1649 2633 1766 2683 serit,
1797 2632 2022 2675 indemnes
2048 2633 2093 2674 in
2120 2633 2203 2675 hac
2224 2637 2352 2688 parte
2376 2637 2509 2688 atque
2534 2633 2709 2676 illaesos
2730 2632 2979 2676 reddiderit.

1649 2692 1671 2731 5
1731 2688 1829 2732 Hoc
1859 2689 1990 2731 etiam
2031 2688 2274 2740 adiciendo,
2314 2692 2365 2732 ut
2393 2689 2477 2732 sub
2512 2694 2735 2744 gestorum
2771 2688 2979 2732 testifica-

1648 2744 1767 2788 tione
1796 2747 1887 2787 tam
1917 2744 2066 2786 decem
2098 2756 2151 2787 ex
2181 2743 2468 2788 devotissimis
2497 2745 2740 2800 principiis,
2769 2745 2979 2800 primates

1649 2813 1799 2844 eorum
1838 2799 2062 2852 videlicet,
2108 2812 2236 2855 quam
2275 2800 2578 2856 unusquisque
2625 2803 2759 2856 caput
2803 2800 2981 2844 scholae

1647 2858 1818 2899 iuratus
1848 2855 2050 2910 deponat,
2082 2856 2164 2899 sub
2195 2868 2276 2899 sua
2303 2857 2556 2912 praesentia
2584 2869 2676 2899 rem
2705 2857 2820 2900 sicut
2848 2868 2978 2911 supe·

1648 2913 1741 2955 rius
1772 2911 2032 2966 dispositum
2062 2916 2131 2955 est
2158 2910 2296 2955 fuisse
2326 2912 2630 2965 subsecutam,
2662 2914 2708 2955 et
2736 2912 2819 2956 sub
2850 2913 2978 2955 obtu-

1648 2968 1765 3011 tibus
1817 2967 1908 3011 suis
1959 2980 2311 3023 unumquemque
2363 2968 2543 3011 militem
2595 2967 2807 3010 solacium
2851 2980 2979 3010 suum

1647 3036 1779 3066 manu
1808 3035 1890 3067 sua
1911 3022 1968 3065 ab
1992 3023 2232 3078 erogatoris
2257 3023 2435 3067 dextera
2459 3023 2729 3078 suscepisse:
2758 3025 2805 3065 et
2825 3022 2977 3064 huius-

1648 3079 1764 3122 modi
1802 3083 1925 3134 gesta
1960 3078 2175 3122 relatione
2213 3091 2240 3122 a
2277 3079 2368 3122 viro
2409 3079 2650 3123 clarissimo
2694 3077 2869 3120 tribuno
2910 3077 2978 3120 vel

1649 3134 1936 3178 devotissimis
1965 3135 2192 3190 principiis
2216 3134 2333 3177 intra
2362 3138 2451 3178 tres
2471 3146 2641 3178 menses
2672 3132 2895 3185 mittenda,
2922 3145 2977 3175 ex

1649 3203 1733 3245 quo
1763 3191 1988 3245 profectus
2019 3190 2164 3244 fuerit,
2195 3189 2488 3233 numerandos
2513 3189 2568 3233 ad
2589 3196 2783 3233 nostram
2812 3188 2977 3231 referat

1649 3252 1673 3290 6
1731 3247 1951 3301 pietatem.
2011 3245 2108 3288 Hoc
2137 3245 2338 3288 videlicet
2366 3250 2470 3288 ante
2510 3246 2655 3288 omnia
2690 3244 2896 3297 curando,
2926 3247 2976 3286 ut

1648 3315 1725 3357 pro
1762 3306 1957 3356 tempore
2005 3306 2220 3357 erogator,
2267 3304 2501 3356 postquam
2546 3301 2675 3344 datae
2717 3299 2880 3343 fuerint
2921 3311 2976 3342 ex

1648 3357 1823 3413 publico
1863 3356 2101 3412 pecuniae,
2141 3357 2258 3399 intra
2297 3358 2406 3400 duos
2450 3356 2518 3399 vel
2560 3359 2651 3400 tres
2689 3368 2858 3399 menses
2897 3367 2975 3398 seu

1648 3418 1869 3468 quattuor,
1900 3426 1979 3468 pro
1997 3413 2207 3468 qualitate
2232 3413 2399 3455 scilicet
2423 3411 2679 3468 spatiorum,
2703 3411 2975 3455 commissam

1648 3469 1731 3512 sibi
1757 3468 2093 3512 sollicitudinem
2119 3468 2381 3523 erogationis
2398 3481 2486 3511 non
2514 3467 2684 3511 dubitet
2707 3466 2972 3510 faciendam:

1647 3524 1714 3567 vel
1743 3524 1780 3567 si
1810 3524 1993 3567 ulterius
2032 3525 2147 3579 apud
2188 3537 2235 3566 se
2263 3524 2474 3589 pecunias
2503 3523 2702 3578 publicas
2736 3521 2974 3564 differendo

1648 3579 1945 3634 erogationem
1989 3592 2123 3623 ausus
2168 3580 2299 3622 fuerit
2339 3579 2547 3631 retinere,
2591 3579 2704 3621 sciat
2745 3590 2792 3621 se
2833 3576 2974 3620 modis

1650 3634 1852 3679 omnibus
1869 3635 2086 3686 damnum,
2105 3634 2221 3689 quod
2237 3647 2291 3678 ex
2306 3634 2600 3690 negotiatione
2616 3635 2736 3677 miles
2755 3632 2973 3676 sustinue-

1649 3696 1669 3733 7
1718 3691 1789 3743 rit,
1807 3703 1860 3733 ex
1876 3691 2064 3746 propriis
2081 3691 2366 3734 facultatibus
2383 3690 2506 3732 militi
2523 3690 2780 3732 soluturum.
2822 3687 2973 3731 Scien-

1648 3747 1767 3790 tibus
1804 3746 1898 3796 his,
1935 3747 2009 3801 qui
2050 3747 2276 3802 praefatae
2315 3744 2612 3801 dispositionis
2653 3742 2973 3788 observantiam

1648 3803 1737 3846 sive
1766 3802 1811 3845 in
1842 3801 2080 3845 differenda
2109 3802 2227 3844 ultra
2256 3801 2474 3856 sigillatim
2514 3799 2736 3843 definitum
2765 3798 2971 3854 temporis

1649 3858 1838 3913 spatium
1869 3857 2119 3912 erogatione
2144 3857 2233 3901 sive
2262 3857 2306 3899 in
2329 3856 2522 3910 qualibet
2542 3855 2628 3898 alia
2657 3858 2782 3910 parte
2809 3853 2974 3896 fuerint

1650 3913 1826 3968 egressi,
1858 3925 1946 3956 non
1977 3913 2118 3955 solum
2147 3924 2242 3956 sese
2280 3912 2460 3954 militiae
2490 3911 2650 3966 cinguli
2678 3909 2968 3961 amissionem,

1649 3982 1798 4012 verum
1826 3968 1957 4011 etiam
1996 3967 2260 4012 facultatum
2299 3979 2471 4022 quoque
2500 3979 2679 4010 suarum
2707 3963 2970 4021 publicatio-

1651 4038 1748 4068 nem
1776 4037 1855 4079 pro
1896 4026 2021 4066 tanto
2057 4023 2282 4067 subituros
2312 4022 2500 4076 flagitio:
2541 4027 2585 4064 et
2612 4022 2792 4075 insuper
2820 4031 2970 4073 eroga-

1650 4082 1818 4123 tionum
1857 4091 2031 4143 quoque
2070 4078 2406 4122 sollicitudinem
2445 4077 2501 4120 ab
2531 4076 2676 4120 officio
2713 4082 2816 4118 tuae
2847 4074 2972 4117 celsi-

1651 4135 1837 4186 tudinis,
1876 4134 1914 4177 si
1950 4135 2234 4191 lmperatoria
2270 4133 2429 4177 violata
2455 4132 2590 4176 fuerit
2628 4131 2876 4187 dispositio,
2914 4129 2973 4173 ad

1651 4278 1688 4326 7,
1720 4283 1754 4326 4,
1785 4283 1828 4316 ³4
1912 4275 1987 4324 (ιο)
2014 4287 2099 4314 aaa.
2137 4274 2183 4323 Ο,
2214 4275 2265 4322 cf.
2297 4281 2374 4313 not.
2407 4281 2427 4314 s
2514 4273 2580 4322 (11)
2608 4291 2663 4306 =
2694 4271 2767 4312 Th.
2798 4273 2972 4321 7.4,35:

1650 4332 1765 4384 {unqe
1803 4331 1862 4381 11,
1893 4339 1950 4380 75,
1981 4340 2001 4371 4
2113 4331 2185 4380 (12)
2215 4328 2458 4368 auctoritate
2500 4328 2572 4367 Th.
2686 4327 2758 4377 (13)
2786 4338 2869 4365 non
2899 4341 2973 4368 om.

1651 4387 1766 4436 libri,
1797 4385 1929 4438 suppl.
1965 4386 2150 4426 Cuiacius
2190 4400 2237 4424 ea:
2276 4384 2342 4423 B·
2375 4384 2449 4423 καὶ
2483 4379 2544 4436 μὴ
2582 4378 2694 4422 κατὰ
2730 4379 2813 4433 τὴν
2847 4382 2928 4434 μέχ
2956 4397 2973 4421 ι

1651 4441 1731 4481 νῦν
1760 4435 2006 4492 συνήθειαν
2117 4440 2189 4490 (14)
2220 4439 2269 4478 de
2307 4454 2379 4479 om.
2419 4439 2514 4479 libri
2622 4439 2695 4487 (15)
2727 4449 2886 4476 causam

948 4504 1003 4555 (3)
1035 4514 1095 4541 aa.
1133 4501 1206 4543 le.
1242 4502 1331 4555 (ubi
1363 4499 1570 4554 praecedit
1650 4508 1770 4537 eausa
1803 4496 1934 4539 KOIa

2590 4618 2642 4658 60
