3094 4732
155 167 271 216 VIII
310 164 509 213 51—53

1461 140 1567 198 362

1982 158 2131 206 QUAE
2169 157 2251 195 Sl'r
2286 153 2480 194 LONGA
2516 152 2885 195 CONSUETUDO

148 314 183 357 si
222 311 294 366 qui
332 322 405 353 eos
443 307 752 361 susceperunt,
792 303 875 348 hos
912 303 1070 347 iterum
1099 300 1154 344 ad
1185 310 1232 342 se
1261 306 1470 362 revpcare
1551 289 1794 356 testatricis
1824 291 2082 356 confirmata
2115 295 2202 343 est,
2241 291 2628 337 fideicommissum
2666 292 2892 358 continere

147 365 296 411 conari
326 368 368 406 et
396 362 539 406 servili
568 359 820 403 necessitati
850 359 1103 412 subiugare:
1135 365 1274 408 neque
1304 351 1364 402 h1,
1396 363 1472 405 qui
1551 358 1642 389 non
1680 347 1927 411 amblgltur.
1993 347 2087 393 ΡΡ.
2127 360 2178 393 γι
2213 347 2256 392 lc.
2286 345 2415 392 Febr.
2448 345 2622 393 Romae
2650 347 2818 394 Carmo
2848 358 2895 392 11

146 434 219 465 eos
261 419 435 475 pietatis
480 415 650 459 ratione
695 413 909 458 suadente
952 413 1246 462 sustulerunt,
1301 403 1472 450 ferendi
1552 406 1597 446 et
1625 400 1901 447 Numeriano
1930 405 2023 448 AA.
2054 417 2198 449 conss.

144 478 247 520 sunt
284 475 425 517 denuo
466 484 590 514 suam
627 471 848 512 mutantes
891 468 1151 512 sententiam
1189 468 1233 506 et
1259 460 1470 527 inservi-

142 535 278 575 tutem
307 542 380 572 eos
406 527 690 576 retrahentes,
720 524 825 568 licet
847 525 905 567 ab
930 523 1052 567 initio
1078 517 1326 584 huiusmodi
1351 529 1471 572 cogi-

141 587 349 629 tationem
379 584 588 627 habentes
618 579 673 623 ad
701 580 788 623 hoc
816 577 1119 634 prosiluerint,
1156 587 1211 619 ne
1240 573 1473 640 videantur

143 641 266 698 quasi
294 638 574 683 mercimonio
615 637 844 691 contracto
874 635 935 677 ita
964 631 1143 689 pietatis
1173 629 1471 696 officlum'ge-

144 702 168 741 3
225 708 335 739 rere.
400 695 521 738 Haec
559 690 915 736 conservantibus
954 694 1043 732 tarn
1073 687 1177 731 viris
1218 686 1472 751 clarissimis

142 750 416 808 praesidibus
458 748 777 805 provinciarum
821 758 951 801 quam
994 744 1094 787 viris
1133 742 1473 807 religiosissimis

143 806 360 862 episcopis
398 817 480 848 nec
519 818 607 848 non
645 802 803 848 officiis
841 800 1164 856 praesidalibus
1197 803 1242 863 et
1271 798 1472 854 patrlbus

144 868 188 906 et
211 861 512 906 defensoribus
539 859 764 905 civitatum
787 862 832 901 et
857 857 973 901 omni
993 856 1106 900 civili
1123 854 1301 899 auxilio.
1333 852 1388 897 D.
1407 862 1480 895 XV

143 917 186 962 a.
221 915 312 962 Oct.
346 915 619 961 Chalcedone
645 914 785 959 Decio
816 927 877 959 vo.
910 926 1029 958 cons.
1286 913 1341 962 [a.
1375 910 1472 959 529]

647 1057 738 1106 511
774 1056 963 1117 (ΜΗ).1

359 1142 509 1188 QUAE
538 1140 624 1180 SIT
653 1140 841 1180 LONGA
873 1136 1250 1179 CONSUETUDO.

201 1222 223 1268 1
270 1221 400 1280 ²Imp.
441 1220 701 1265 Alexander
737 1220 788 1263 A.
826 1219 953 1277 Apro
993 1223 1175 1263 evocato
1191 1218 1218 1259 ³.
1284 1215 1472 1259 Praeses

141 1278 390 1332 provinciae
426 1276 623 1333 probatis
662 1274 755 1327 his,
795 1287 908 1330 quae
944 1274 990 1317 in
1027 1273 1186 1329 oppido
1217 1271 1473 1327 frequenter

140 1333 184 1375 in
215 1333 362 1375 eodem
389 1345 545 1386 genere
570 1330 961 1374 controversiarum
984 1333 1158 1372 servata
1187 1330 1303 1379 sunt,
1335 1339 1473 1371 causa

141 1387 312 1442 cognita
329 1393 506 1431 statuet.
539 1399 639 1429 nam
655 1391 698 1429 et
713 1385 984 1430 consuetudo
999 1384 1268 1440 praecedens
1290 1387 1333 1427 et
1356 1383 1472 1426 ratio

140 1455 251 1498 quae
296 1442 654 1486 consuetudinem
693 1442 835 1485 suasit
873 1439 1162 1485 custodienda
1207 1444 1292 1493 est,
1335 1444 1472 1503 etz-ne

139 1498 242 1553 quid
281 1502 436 1542 contra
463 1498 637 1553 longam
668 1496 1029 1541 consuetudinem
1057 1496 1138 1539 fiat
1150 1498 1180 1547 ⁴,
1219 1495 1278 1539 ad
1306 1495 1470 1539 sollici-

138 1552 332 1597 tudinem
360 1565 485 1597 suam
513 1553 737 1597 revocabit
763 1565 944 1608 praeses
973 1552 1242 1609 provinciae.
1295 1549 1388 1594 PP.
1424 1562 1476 1594 VJ

137 1609 178 1651 lc.
210 1609 354 1667 April.
387 1608 567 1652 Iuliano
598 1615 641 1653 et
672 1609 769 1654 Cris
801 1609 876 1652 ino
909 1621 1051 1652 conss.
1283 1612 1340 1660 [a.
1373 1610 1470 1660 224]

194 1662 223 1709 2
256 1664 368 1722 Imp.
400 1663 715 1709 Constantinus
785 1699 792 1707 .
825 1664 886 1707 acl
908 1663 1163 1708 Proculum.
1224 1664 1470 1707 Consuetu-

137 1719 249 1764 dinis
287 1733 480 1775 ususque
517 1721 716 1776 longaevi
749 1734 838 1764 non
876 1720 971 1763 vilis
1001 1720 1243 1764 auctoritas
1277 1723 1358 1773 est,
1398 1731 1471 1763 ve-

136 1789 233 1818 rum
269 1789 357 1820 non
396 1789 534 1832 usque
571 1777 679 1821 adeo
718 1776 789 1821 sui
817 1775 1006 1820 valitura
1036 1779 1281 1828 momento,
1314 1780 1365 1819 ut
1394 1778 1474 1820 aut

137 1831 351 1875 rationem
388 1832 536 1876 vincat
573 1838 649 1875 aut
686 1833 838 1888 legem.
907 1831 960 1875 1),
1001 1843 1095 1876 VJJJ
1127 1831 1170 1876 lc.
1208 1831 1318 1876 Mai.
1361 1830 1472 1876 Con-

137 1887 336 1931 stantino
365 1889 416 1931 A.
456 1899 484 1931 V
509 1892 553 1932 et
580 1887 754 1932 Licinio
788 1887 829 1932 C.
862 1901 1005 1931 conss.
1284 1891 1340 1941 [a.
1373 1890 1471 1939 319]

196 1939 225 1988 3
271 1941 434 2000 ⁶Impp.
481 1943 573 1987 Leo
626 1950 670 1988 et
711 1943 971 1987 Anthemius
1022 1944 1114 1987 AA.
1160 1942 1427 1988 Alexandro
1439 1944 1470 1987 ⁶.

139 1998 277 2052 Leges
302 2011 476 2054 quoque
494 1999 614 2054 ipsas
632 1999 872 2054 antiquitus
890 2000 1079 2054 probata
1095 2003 1138 2042 et
1153 2003 1328 2043 servata
1347 2001 1472 2043 tena-

140 2054 247 2096 citer
275 2055 544 2098 consuetudo
575 2055 771 2099 imitatur
796 2059 840 2098 et
865 2055 1071 2099 retinet⁷z
1104 2058 1148 2099 et
1169 2054 1288 2111 quod
1314 2054 1473 2099 officiis

141 2108 272 2151 curiis
313 2109 559 2154 civitatibus
596 2111 822 2167 principiis
863 2111 930 2154 vel
971 2111 1164 2166 coflegiis
1213 2111 1474 2167 praestitum

137 2163 273 2207 fuisse
317 2167 616 2221 cognoscitur,
660 2179 739 2222 per
773 2171 901 2210 etuae
944 2166 1051 2222 legis
1095 2167 1232 2211 vicem
1275 2167 1474 2211 obtinere

138 2219 385 2263 statuimus.
432 2220 485 2264 D.
522 2226 618 2265 r11⁸
645 2222 707 2267 id.
754 2227 840 2279 ept.
871 2221 1050 2266 Zenone
1079 2223 1225 2269 cons⁹
1299 2226 1354 2275 [a.
1374 2226 1471 2275 469]

612 2362 729 2410 L111
765 2360 1001 2428 (L1111).¹⁰

530 2443 608 2483 DE
636 2444 1068 2486 DONATIONIBUS.

192 2523 214 2568 1
252 2522 396 2582 Impp.
417 2522 606 2568 Severus
629 2526 944 2569 etAntoninus
959 2527 1049 2570 AA.
1068 2525 1222 2570 Lucio.
1269 2526 1470 2582 Emptio·

134 2593 238 2623 num
275 2580 593 2636 mancipiorum
632 2581 935 2625 instrumentis
987 2582 1163 2627 donatis
1208 2585 1253 2626 et
1294 2583 1470 2627 traditis

134 2641 178 2679 et
206 2636 402 2690 ipsorum
432 2637 751 2692 mancipiorum
768 2639 797 2663 ¹¹
835 2638 1117 2682 traditionem
1146 2638 1311 2681 factam
1341 2639 1470 2682 intel·

134 2692 259 2745 legis:
291 2696 335 2734 et
357 2692 454 2735 ideo
479 2696 605 2747 potes
629 2693 839 2737 adversus
863 2693 1122 2738 donatorem
1143 2694 1190 2737 in
1215 2707 1307 2738 rem
1328 2694 1469 2738 actio·

135 2759 233 2789 nem
271 2759 490 2792 exercere.
556 2746 649 2793 ΡΡ.
690 2759 718 2791 V
750 2747 792 2791 lc.
832 2747 918 2792 Iul.
959 2749 1178 2794 Faustino
1219 2757 1263 2793 et
1300 2749 1470 2806 Rufino

135 2815 276 2849 conss.
1280 2809 1340 2858 [a.
1372 2810 1469 2858 210]

192 2856 222 2903 2
265 2857 375 2916 Imp.
421 2857 677 2904 Gordianus
713 2860 765 2904 A.
805 2859 1006 2904 Leonidi.
1074 2860 1122 2904 Si
1151 2861 1339 2904 nominis
1370 2874 1470 2917 per-

136 2915 403 2958 secutionem
438 2916 483 2958 in
517 2920 562 2959 te
591 2916 913 2974 emancipatam
941 2920 1070 2972 pater
1098 2922 1203 2960 tuus
1233 2917 1362 2961 titulo
1393 2917 1470 2960 do-

133 2970 323 3014 nationis
363 2971 608 3026 transtulit,
653 2971 820 3016 frustra
854 2972 1124 3028 praetendit,
1170 2973 1245 3028 qui
1283 2972 1472 3017 debitori

133 3031 210 3068 tuo
239 3027 364 3070 heres
394 3027 560 3079 extitit,
602 3040 865 3073 consensum
904 3028 1044 3073 fuisse
1074 3029 1286 3073 debitoris
1315 3042 1469 3073 neces-

133 3082 315 3136 sarium,
362 3095 461 3127 cum
504 3084 612 3127 satis
656 3083 792 3128 fuerit
829 3084 1027 3129 actiones
1075 3097 1128 3129 eo
1171 3084 1348 3129 nomine
1387 3086 1472 3129 tibi

133 3137 360 3182 mandatas
389 3138 542 3183 fuisse.
611 3137 703 3183 ΡΡ.
735 3151 781 3183 ιι
818 3139 876 3184 id.
908 3139 1045 3184 Mart.
1080 3138 1313 3185 Gordiano
1344 3143 1394 3185 A.
1427 3153 1473 3185 11

133 3199 176 3236 et
204 3192 479 3251 Pompeiano
510 3208 652 3239 conss,
1279 3201 1336 3250 [a.
1369 3200 1468 3250 241]

191 3246 220 3293 3
253 3247 365 3305 Imp.
383 3248 546 3294 Decius
567 3251 619 3296 A.
639 3249 920 3296 Marcellino.
967 3251 1098 3309 Spem
1123 3253 1302 3297 futurae
1328 3252 1468 3297 actio·

136 3303 203 3400 pis
256 3303 385 3399 plena
435 3306 735 3372 intercedente
789 3307 1017 3374 donatoris
1058 3310 1285 3354 voluntate
1370 3321 1470 3355 osse

136 3370 366 3457 132232255}
387 3374 501 3459 13¹⁰}ss
530 3365 976 3463 ὲῗῇῗιὲἓηςῖἷω·
1050 3364 1143 3409 ΡΡ·
1184 3379 1337 3476 '²⁰⁷²ta.
1370 3370 1468 3474 {2⁷31

192 3468 223 3514 4
268 3468 415 3527 ¹²Imp.
456 3470 634 3537 Probus
669 3475 719 3517 A.
758 3473 997 3520 Massia-iae
1015 3478 1059 3520 ¹³.
1133 3477 1180 3521 Si
1216 3476 1467 3522 functiones

135 3537 214 3579 per
243 3537 355 3578 eum,
398 3539 469 3570 eui
497 3527 660 3572 donata
688 3542 759 3573 res
788 3543 877 3575 non
906 3537 1014 3583 erat,
1054 3533 1122 3576 vel
1152 3535 1209 3579 ab
1238 3534 1467 3578 actoribus

134 3580 274 3636 ipsius
312 3583 487 3627 nomine
526 3584 772 3628 celebratae
809 3592 933 3639 sunt,
974 3588 1053 3632 tibi
1084 3590 1240 3634 obesse
1268 3602 1358 3634 non
1386 3602 1467 3645 po-

134 3638 235 3679 test.
295 3636 389 3681 PP.
416 3650 444 3681 V
468 3638 509 3682 lc.
529 3638 626 3683 Ian.
658 3639 855 3685 Messala
879 3650 922 3687 et
940 3642 1079 3688 Grato
1101 3658 1244 3689 conss.
1293 3650 1350 3699 [a.
1368 3649 1466 3697 280]

190 3690 218 3736 5
261 3691 328 3735 Im
355 3707 437 3751 pp.
483 3693 622 3738 Carus
655 3695 841 3740 Carinus
879 3704 922 3742 et
959 3698 1263 3745 Numerianus
1291 3702 1466 3745 AAA¹⁴

135 3747 322 3792 Falconi
341 3750 421 3794 lae.
504 3750 551 3794 Si
595 3751 772 3796 donatio
815 3765 891 3808 per
935 3755 1166 3810 epistulam
1211 3757 1334 3802 facta
1376 3769 1465 3802 non

133 3807 280 3858 paret,
331 3805 464 3850 verba
506 3810 653 3850 tamen
695 3810 968 3863 testamenti,
1018 3812 1177 3867 quibus
1222 3813 1464 3857 liberalitas

135 3947 182 3996 (1)
216 3947 256 3986 Β
289 3948 326 3995 2,
356 3956 387 3997 1,
416 3957 560 3990 50—52
592 3971 646 3977 -—
682 3949 743 4001 C'f.
774 3950 873 4004 Diy.
911 3955 943 4002 1,
972 3961 992 3994 s

134 4003 252 4054 {unqe
283 4004 321 4052 8,
354 4013 426 4052 1,1
577 4005 630 4054 (3)
670 4007 834 4045 evocato
876 4008 898 4045 l.
939 4023 1035 4060 yem.
1078 4025 1160 4050 cum
1203 4012 1239 4060 8,
1268 4019 1352 4061 1,1,
1392 4024 1463 4049 om.

136 4057 230 4097 libri
352 4060 406 4110 (4)
450 4061 509 4098 est
552 4062 591 4099 et
634 4072 685 4099 ne
728 4060 828 4110 quid
973 4063 1044 4103 fiat
1079 4065 1165 4114 (fiet
1194 4063 1270 4116 L0)
1313 4063 1463 4115 UOR,

135 4114 193 4151 est
226 4114 265 4157 et
301 4114 503 4165 quidquid
627 4115 674 4155 fit
713 4119 766 4166 A,
810 4136 919 4158 *affl
955 4120 1153 4170 quiequid
1294 4120 1363 4161 flet
1404 4121 1465 4160 [β

135 4167 189 4218 (5)
227 4169 425 4221 iunyenda
461 4171 616 4211 videtur
648 4174 685 4223 1,
715 4180 772 4223 57,
804 4181 818 4213 1
962 4177 1018 4226 (6)
1057 4177 1152 4216 duci
1190 4179 1229 4217 et
1258 4176 1465 4229 praefecto

135 4222 350 4284 Augustali
383 4226 496 4264 addit
524 4228 559 4277 1,
586 4236 643 4278 57,
671 4236 699 4277 1,
729 4230 780 4281 ef.
813 4229 852 4278 2,
878 4238 909 4279 7,
937 4238 973 4270 13
1061 4233 1115 4283 (7)
1145 4228 1464 4282 retinetACRb,

136 4281 293 4327 optinet
322 4279 379 4328 L,
420 4281 595 4320 retinere
624 4284 685 4323 vel
712 4284 894 4323 retinent
924 4285 986 4324 R⁰
1098 4288 1154 4338 (8)
1186 4301 1248 4327 vu
1279 4289 1316 4328 A
1349 4288 1464 4337 Hal„

136 4344 202 4370 1111
238 4334 283 4381 L,
318 4349 385 4374 om.
423 4338 457 4384 1,
488 4345 544 4385 57,
578 4346 588 4377 1
703 4340 759 4389 (9)
790 4351 942 4379 zenone
972 4353 1099 4383 conse.
1129 4343 1221 4394 AL,
1255 4343 1464 4383 marciano

137 4390 175 4425 et
205 4400 353 4428 zenone
383 4402 468 4429 coss
512 4392 623 4441 Hal„
655 4406 807 4434 zenone
838 4397 877 4433 et
906 4396 1112 4437 marciano
1143 4411 1270 4438 conss.
1308 4402 1341 4448 1,
1367 4409 1423 4448 57,
1448 4407 1461 4440 1

136 4441 217 4502 (10).
238 4443 278 4481 Β
294 4446 405 4494 47,1,
423 4455 465 4486 35
494 4462 602 4500 seqq.
620 4471 673 4478 —
696 4450 756 4502 Cf.
777 4450 873 4504 Diy.
896 4453 960 4501 39,
978 4461 996 4491 5
1030 4453 1127 4494 Inst.
1145 4456 1182 4504 2,
1203 4464 1219 4495 7
1294 4454 1364 4506 (11)
1393 4454 1462 4494 do-

137 4500 338 4557 nationem
356 4502 394 4539 et
411 4502 482 4541 ins.
506 4502 538 4542 G
551 4513 688 4544 contra
707 4505 748 4544 B
833 4506 907 4556 (12)
926 4526 977 4541 =
1004 4507 1038 4546 V
1040 4516 1090 4547 at.
1110 4517 1178 4549 285³
1262 4511 1339 4562 (13)
1358 4522 1462 4550 11188-

137 4559 259 4611 sieiae
296 4554 397 4601 Vei,
436 4557 626 4598 marsciae
663 4561 703 4607 C,
733 4561 907 4600 marciae
940 4560 1014 4601 SR
1142 4567 1213 4615 (14)
1245 4566 1371 4607 scribi
1398 4566 1463 4604 de-

141 4603 222 4641 buit
248 4617 369 4657 impp.
390 4609 563 4650 Carinus
593 4616 632 4651 et
650 4615 922 4655 Numerianus
940 4618 1022 4655 AA.
1098 4621 1168 4669 (15)
1187 4641 1237 4654 2:
1269 4620 1354 4661 Vat.
1372 4628 1461 4662 2823

1106 3954 1161 4004 (ι’)
1206 3983 1243 3988 -
1277 3962 1316 4003 e,
1342 3963 1397 4004 10,
1421 3963 1462 3994 3:

1890 456 2202 505 Diocletianus
2239 463 2284 504 et
2320 457 2634 502 Maximianus
2667 407 2759 504 AE‘I:
2792 406 2892 504 {523}

1610 453 1641 503 6
1677 455 1860 556 ἷῦῙῃἘΡι
2448 513 2456 522 .
2491 513 2502 523 .

1544 525 1746 571 purniae
1817 516 2147 560 mstaenetaeffi.
2206 514 2303 559 Nec
2341 513 2504 568 amb1g1
2541 518 2717 578 oportet
2754 515 2894 560 dona-

1551 568 1696 612 tiones
1726 567 1859 611 etiam
1887 568 2003 614 inter
2035 571 2265 624 absentes,
2302 569 2492 613 maxime
2505 570 2538 596 ¹¹¹
2575 582 2613 612 s1
2650 582 2705 613 ex
2738 570 2893 615 volun-

1552 626 1647 668 tate
1685 623 1941 668 donantium
2009 628 2300 671 essessionem
2339 626 2371 668 ii
2401 624 2560 680 quibus
2589 623 2799 669 donatum
2825 629 2897 670 est

1552 680 1891 732 nanciscantur,
1929 693 1956 723 v
2004 681 2097 726 ‘das
2135 695 2247 727 esse.
2307 680 2400 737 ΡΡ.
2436 692 2525 723 ιιιι
2549 679 2608 724 id.
2641 680 2769 724 Febr.
2800 678 2896 726 Mc·

1552 734 1785 781 diolani¹⁷⁸
1816 731 2020 777 Maximo
2052 746 2097 777 ιι
2121 739 2165 778 et
2192 734 2404 790 Aquilino
2434 745 2579 776 conss.
2708 739 2764 788 [a.
2797 737 2894 788 288]

1612 788 1639 835 7
1674 788 1799 833 Idem
1836 790 1928 833 AA.
1976 789 2107 836 Iulio.
2185 792 2414 837 Censualis
2461 791 2636 846 quidem
2679 790 2897 847 professio

1554 846 1728 890 domino
1767 845 2075 901 praeiudicare
2114 861 2203 892 non
2245 849 2370 892 solet.
2441 847 2519 891 sed
2559 846 2598 891 si
2633 847 2680 890 in
2717 859 2897 892 censum

1553 903 1672 966 velut
1710 914 1793 945 sua
1829 901 2050 968 mancipia
2086 903 2297 948 deferenti
2341 903 2543 967 privigno
2587 907 2666 948 tuo
2712 915 2897 968 censen-

1554 959 1662 1013 sisti,
1694 957 1976 1001 donationem
2005 971 2052 1001 m
2081 971 2180 1003 eum
2210 960 2451 1004 contulisse
2479 958 2654 1003 videris.
2711 957 2806 1003 ΡΡ.
2835 956 2896 1002 id.

1555 1014 1640 1057 Iul.
1672 1013 1689 1056 i
1721 1013 1785 1056 sis
1813 1014 1906 1057 AA.
1940 1025 2031 1056 IIII
2056 1020 2099 1058 et
2128 1026 2198 1058 ιιι
2225 1029 2367 1059 conss.
2709 1017 2767 1067 [a.
2798 1017 2898 1068 290]

1612 1066 1641 1117 8
1712 1067 1810 1112 dem
1847 1069 1938 1112 AA.
1977 1068 2156 1113 Florae.
2225 1070 2271 1114 Si
2306 1083 2485 1127 praeses
2522 1069 2780 1126 provinciae
2807 1082 2900 1114 non

1554 1125 1749 1192 donandi
1787 1125 2015 1189 voluntate
2052 1124 2242 1169 filiorum
2280 1131 2457 1192 tuorum
2497 1126 2674 1192 nomine
2697 1125 2900 1192 ’praedia

1552 1180 2080 1301 ἑῗιοῖίἲῗιῗωᾳηῗέῗὲῗέ.
2104 1182 2899 1294 ‘viriafflegffsssseliif'bssssffiiu‘1‘32’5.

1562 1305 1657 1337 Vll!
1682 1293 1741 1337 id.
1774 1292 1898 1351 Sept.
1929 1306 2042 1351 ipsis
2070 1293 2163 1336 AA.
2196 1305 2287 1336 ιιιι
2312 1299 2357 1338 et
2385 1305 2454 1337 ιιι
2480 1307 2623 1338 conss.
2712 1297 2769 1347 [a.
2801 1296 2900 1346 290]

1610 1347 1641 1396 9
1674 1348 1800 1393 Idem
1835 1349 1927 1393 AA.
1974 1354 2019 1392 et
2060 1347 2137 1392 CC.
2176 1349 2469 1406 Auqustinae.
2542 1350 2724 1405 Legem,
2769 1361 2902 1408 quam

1552 1406 1685 1450 rebus
1715 1405 1805 1450 tuis
1835 1404 2043 1449 donando
2073 1404 2236 1457 dixisti,
2268 1404 2359 1448 sive
2384 1405 2669 1462 stipulatione
2694 1405 2776 1449 tibi
2803 1413 2900 1449 *ro-

1554 1461 1752 1526 spexisti,
1778 1474 1832 1527 ‘³3²
1856 1461 2086 1517 stipulatu,
2114 1461 2204 1504 sive
2230 1474 2332 1515 non,
2362 1461 2533 1527 incerto
2558 1462 2729 1527 iudicio·
2748 1460 2781 1515 (i
2833 1463 2902 1505 est

1553 1522 1839 1629 ianget?
1866 1516 2902 1630 giiii.{13¹3eifzsstssii..¹ffr⁰}>¹}›f³¹}⁹v1dzt

1554 1629 1665 1675 Mai.
1696 1630 1789 1674 AA.
1821 1643 1965 1674 conss.
2353 1684 2362 1693 .
2713 1633 2770 1682 [a.
2802 1631 2900 1681 293]

1614 1685 1684 1750 1Q
1719 1684 1846 1752 Idem
1874 1686 1966 1750 AA.
2009 1690 2053 1729 et
2091 1683 2168 1729 CC.
2204 1684 2512 1750 Hermionae..
2559 1684 2656 1728 Nec
2692 1685 2901 1740 ignorans

1554 1755 1647 1843 335.
1672 1746 2060 1853 ἒῖἓῖιῖζιέῗὲῗὲξ
2080 1740 2457 1862 νῖῗξὲᾎοηὲἓῖἐὲί
2475 1740 2902 1862 isininga&

1553 1855 1726 1918 tinetur
1749 1854 2057 1919 instrumento,
2088 1865 2278 1919 maiores
2303 1856 2488 1897 veritate
2513 1853 2579 1897 rei
2601 1866 2732 1908 quam
2761 1865 2902 1919 scrip-

1554 1908 2906 2022 3222s{55121‘1'2222‘313530alsit&attestantem&

1553 2021 1596 2067 lc.
1628 2021 1737 2066 Mai.
1770 2023 1861 2066 AA.
1893 2035 2037 2066 conss.
2714 2024 2772 2074 [a.
2803 2023 2901 2073 293]

1615 2077 1672 2124 11
1716 2077 1877 2121 ¹'Idem
1901 2079 1992 2125 AA.
2025 2084 2070 2122 et
2101 2076 2178 2122 CC.
2205 2076 2422 2135 Septimio
2440 2078 2475 2103 ¹⁹
2498 2075 2760 2121 Sabiniano.
2792 2076 2903 2121 Cum

1555 2133 1609 2178 de
1645 2133 1772 2178 bonis
1812 2134 1901 2178 tuis
1939 2138 2111 2190 partem
2151 2133 2326 2189 quidem
2336 2133 2375 2160 ²⁰
2413 2145 2549 2188 penes
2578 2136 2623 2176 te
2652 2132 2902 2184 retinuisse,

1555 2193 1728 2246 partem
1771 2202 1874 2233 vero
1888 2191 1927 2216 ²⁰
1963 2190 2011 2233 in
2054 2203 2154 2232 eum
2198 2202 2326 2244 quem
2364 2189 2410 2231 in
2448 2192 2671 2244 potestate
2712 2188 2851 2233 habes
2863 2189 2903 2216 ²¹

1556 2245 1808 2289 donationis
1836 2245 1966 2289 titulo
1998 2244 2242 2289 contulisse
2267 2256 2594 2296 commemores,
2626 2256 2716 2288 non
2742 2248 2812 2288 est
2835 2244 2902 2288 in-

1555 2301 1667 2345 certi
1709 2301 1818 2344 iuris
1861 2301 1908 2344 in
1951 2313 2051 2344 eum
2062 2302 2114 2352 ²2,
2171 2301 2246 2355 qui
2290 2300 2335 2343 in
2380 2300 2520 2343 sacris
2565 2299 2756 2344 familiae
2798 2305 2904 2344 tuae

1554 2361 1773 2410 remanet,
1828 2356 2169 2402 destinationem
2219 2357 2356 2411 magis
2402 2360 2620 2420 paternae
2661 2355 2902 2402 voluntatis

1553 2412 1741 2464 factam,
1795 2424 1927 2466 quam
1975 2412 2218 2468 perfectam
2262 2412 2594 2456 donat1onem2³
2637 2413 2889 2467 pervenisse

1559 2473 1575 2510 1
1627 2468 1936 2522 Delegationes
1965 2472 2115 2511 autem
2141 2468 2364 2511 nominum
2388 2468 2436 2512 in
2460 2468 2631 2512 emanci
2665 2472 2787 2512 atum
2811 2468 2902 2512 col-

1554 2524 1675 2567 latae
1704 2523 1952 2578 perfectam
1981 2523 2265 2568 donationem
2295 2523 2496 2568 effieiunt
2509 2525 2561 2568 2⁴.
2670 2558 2679 2567 .
2707 2524 2826 2583 prid.
2857 2523 2901 2570 lc.

1555 2578 1662 2623 Mai.
1697 2579 1922 2624 Heraclea
1950 2581 2043 2624 AA.
2075 2592 2219 2624 conss.
2713 2584 2770 2632 [a.
2803 2583 2901 2633 293]

1613 2633 1678 2680 12
1724 2634 1850 2679 Idem
1893 2637 1985 2679 AA.
2031 2640 2076 2680 et
2120 2634 2197 2680 CC.
2242 2635 2442 2680 Aurelio.
2508 2635 2760 2681 Portionem
2795 2649 2902 2703 pro·

1512 2723 1513 2726 η
1553 2691 1697 2747 priam
1735 2691 1869 2735 rebus
1910 2691 2099 2736 necdum
2139 2691 2286 2736 divisis
2325 2705 2452 2736 nemo
2483 2692 2745 2748 prohibetur
2773 2693 2902 2737 titulo

1555 2747 1806 2791 donationis
1849 2747 1896 2790 in
1941 2747 2076 2791 alium
2118 2747 2375 2792 transferre.
2451 2747 2505 2792 D.
2546 2760 2662 2792 xrs!
2707 2747 2751 2793 lc.
2798 2746 2901 2794 Iun.

1555 2805 1646 2847 AA.
1679 2816 1824 2847 conss,
2713 2807 2771 2858 [a.
2803 2807 2901 2857 293]

1614 2855 1677 2905 13
1710 2857 1835 2903 Idem
1850 2860 1941 2903 AA.
1960 2864 2005 2903 et
2021 2857 2099 2903 CC.
2125 2858 2331 2903 Uraniae.
2381 2859 2427 2902 Si
2450 2859 2507 2903 ali
2538 2859 2616 2903 uid
2636 2872 2718 2916 per
2735 2872 2760 2904 e
2790 2860 2902 2905 istu-

1554 2915 1642 2958 lam
1671 2914 1883 2958 donatum
1912 2915 1995 2958 tibi
2023 2915 2251 2970 probetur,
2282 2915 2472 2959 brevitas
2505 2873 2734 2960 ghartulae
2794 2928 2900 2961 ona·

1554 2970 1678 3023 tioni,
1709 2970 1747 3014 si
1777 2971 1887 3014 haec
1917 2976 2036 3015 reete
2066 2970 2188 3014 facta
2215 2971 2431 3027 probetur
2442 2972 2492 3023 ²⁶,
2525 2970 2634 3014 nihil
2665 2970 2901 3028 quicquam

1555 3027 1748 3081 derogat.
1809 3026 1863 3071 D.
1892 3038 1965 3070 XV
1988 3026 2030 3071 k.
2059 3025 2204 3070 Ιαη.26
2234 3026 2371 3071 Sirmi
2400 3029 2491 3070 AA.
2525 3040 2667 3071 conss.
2717 3031 2773 3080 [a.
2803 3031 2899 3080 293]

1613 3082 1677 3128 14
1716 3081 1842 3127 Idem
1881 3083 1972 3126 AA.
2014 3088 2059 3127 et
2098 3081 2176 3127 CC.
2217 3081 2397 3127 Idaeae.
2470 3082 2518 3126 Si
2546 3081 2666 3127 filius
2694 3087 2800 3128 tuus
2829 3096 2900 3128 res

1553 3138 1611 3182 ad
1647 3144 1693 3183 te
1729 3139 2000 3194 pertinentes
2041 3151 2232 3195 sponsae
2269 3151 2378 3182 suae
2406 3142 2451 3183 te
2478 3151 2570 3182 non
2598 3139 2902 3184 consentiente

1553 3195 1757 3248 donavit,
1802 3194 1859 3238 ad
1911 3207 2008 3238 eam
2047 3194 2166 3249 quod
2204 3207 2293 3239 non
2333 3195 2490 3239 habuit
2526 3194 2772 3240 transferre
2809 3209 2901 3241 non

1552 3251 1711 3308 potuit.
1773 3249 1818 3295 S.
1851 3262 1925 3295 XV
1947 3247 1989 3294 lc.
2026 3251 2117 3296 Oct.
2150 3251 2242 3294 AA.
2275 3263 2418 3295 conss.
2712 3255 2768 3304 [a.
2801 3254 2898 3304 293]

1612 3306 1673 3353 15
1708 3306 1834 3351 Idem
1862 3307 1955 3351 AA.
1988 3311 2035 3351 et
2064 3305 2141 3351 CC.
2175 3305 2379 3352 Severae.
2439 3307 2569 3352 Aeris
2604 3307 2750 3360 alieni,
2782 3307 2900 3374 quod

1552 3376 1607 3407 ex
1636 3363 1904 3407 hereditaria
1935 3375 2071 3407 causa
2099 3362 2241 3416 venit,
2282 3376 2372 3407 non
2402 3364 2509 3418 eius,
2540 3363 2616 3419 qui
2646 3363 2899 3411 donationis

1551 3420 1680 3463 titulo
1711 3419 1923 3475 possidet,
1956 3419 2034 3463 sed
2063 3419 2201 3463 totius
2231 3419 2340 3463 iuris
2369 3419 2642 3464 successoris
2672 3432 2784 3465 onus
2815 3425 2897 3464 est.

1556 3480 1574 3519 1
1637 3475 1683 3519 Si
1721 3477 1871 3531 itaque
1910 3475 2072 3520 nemini
2110 3474 2306 3529 obligata
2335 3475 2518 3531 praedia
2545 3488 2629 3531 pro
2660 3474 2900 3520 donatione

1553 3535 1794 3576 consecuta
1833 3544 1901 3583 es,
1946 3542 2267 3588 supervacuam
2296 3531 2414 3587 geris
2443 3530 2808 3586 sollicitudinem,
2841 3544 2899 3577 ne

1552 3589 1620 3631 vel
1649 3588 1834 3632 heredes
1859 3587 2102 3632 donatricis
2127 3587 2194 3631 vel
2224 3587 2318 3631 eius
2342 3586 2582 3631 creditores
2606 3590 2652 3631 te
2675 3587 2773 3632 iure
2793 3600 2897 3644 pos·

1552 3645 1640 3688 sint
1670 3644 1915 3688 convenire.
1977 3642 2023 3689 S.
2056 3656 2128 3688 XV
2151 3642 2192 3686 lc.
2226 3642 2332 3687 Dec.
2363 3644 2455 3687 AA.
2489 3656 2633 3688 conss.
2708 3647 2765 3696 [a.
2799 3646 2896 3698 293]

1610 3697 1675 3747 16
1706 3698 1831 3743 Idem
1861 3701 1954 3744 AA.
1985 3704 2030 3744 et
2061 3697 2138 3743 CC.
2175 3698 2422 3744 Theodoro.
2483 3698 2699 3744 Senectus
2729 3698 2788 3744 ad
2817 3698 2896 3745 do·

1551 3757 1773 3800 nationem
1798 3755 2046 3800 faciendam
2069 3755 2164 3800 sola
2189 3768 2274 3800 non
2298 3758 2366 3800 est
2380 3754 2706 3811 impedimento.
2752 3754 2852 3801 D.¹⁷
2873 3765 2902 3799 r

1550 3811 1590 3854 Is.
1632 3812 1729 3855 Dec.
1762 3815 1852 3856 AA.
1886 3825 2029 3856 conss.
2370 3846 2372 3849 ,
2706 3814 2762 3865 [a.
2794 3805 2893 3864 293]

1552 3955 1668 4003 iunqe
1681 3953 1719 4002 3,
1733 3959 1792 4002 29,
1806 3962 1823 3993 4
1911 3953 1986 4004 (16)
2002 3951 2243 4005 calpurniae
2259 3950 2531 3992 aristaenetae
2542 3949 2649 3999 Vat,
2670 3945 2890 4010 aristianae

1550 4007 1682 4058 LOR,
1699 4008 1950 4049 arestianoS
2005 4009 2076 4059 (17)
2093 4008 2266 4048 maxime
2282 4023 2354 4048 om.
2368 4007 2457 4048 Vat.
2517 4008 2610 4057 (17⁸)
2626 4001 2888 4044 Nicomediae

1552 4064 1770 4104 Mommsen
1854 4065 1930 4115 (18)
1953 4082 2007 4098 =
2029 4064 2276 4106 Consultatio
2297 4066 2337 4114 6,
2357 4073 2394 4106 10
2482 4062 2558 4113 (19)
2577 4058 2766 4112 septimio
2787 4058 2887 4122 Con·

1937 4121 2017 4172 (20)
2037 4119 2201 4160 tertiam
2223 4121 2298 4161 ins.
2325 4119 2499 4161 Consult.
2566 4117 2636 4167 (21)
2656 4127 2702 4155 ac
2723 4115 2888 4154 tertiam

1550 4121 1654 4171 suit„
1686 4135 1757 4159 om.
1782 4120 1876 4161 libri

2319 4177 2397 4228 (22)
2426 4172 2592 4227 quidem
2613 4173 2685 4212 ins.
2714 4170 2887 4212 Consule.

1551 4176 1594 4214 in
1626 4174 1926 4227 emancipatum
1959 4178 2034 4217 ins.
2061 4175 2239 4218 Consule.

1549 4234 1628 4283 (23)
1667 4232 1889 4284 perfectam
1928 4231 2191 4272 donationem
2233 4235 2324 4273 dete.
2356 4246 2440 4272 cum
2478 4231 2566 4271 ΒΣ
2601 4228 2778 4270 τέλεια-ν
2823 4232 2891 4270 έν-

1548 4285 1704 4328 ταῢθα
1730 4290 1850 4331 ποιεῖ
1869 4282 2057 4345 δωρεάν,
2083 4287 2303 4338 perfectam
2331 4285 2593 4327 donationem
2619 4285 2794 4338 (—-num
2814 4282 2890 4329 Lu

1548 4343 1755 4383 accionem
1780 4344 1958 4394 (actione
1989 4343 2041 4393 C)
2068 4343 2156 4393 LO,
2185 4342 2365 4395 perfecta
2379 4340 2601 4382 donatione
2617 4340 2820 4381 actionem
2836 4339 2890 4389 R,

1547 4402 1786 4450 perpetuam
1818 4399 2080 4439 donationem
2117 4399 2289 4439 Consult.
2391 4395 2471 4447 (24)
2505 4401 2524 4444 ᾗ
2558 4404 2572 4437 1
2604 4411 2675 4436 om.
2715 4396 2887 4438 Consule.

1547 4453 1627 4503 (25)
1666 4455 1725 4494 sic
1764 4456 1852 4494 edd.
1893 4470 1977 4495 cum
2024 4454 2080 4502 B,
2129 4451 2363 4494 donationis
2406 4451 2440 4491 si
2484 4450 2533 4503 (si
2580 4467 2651 4492 om.
2698 4453 2746 4502 G)
2790 4451 2890 4492 haee

1546 4508 1664 4557 (haee
1709 4507 1784 4559 L0)
1829 4513 1937 4550 reete
1980 4509 2088 4549 faeta
2131 4508 2329 4561 probetur
2370 4505 2478 4556 1200,
2524 4507 2759 4547 donationis
2800 4519 2889 4548 me

1548 4566 1680 4603 rectae
1720 4565 1848 4603 saetae
1879 4563 2069 4616 probatu
2102 4565 2176 4615 L0,
2216 4562 2449 4604 donationis
2478 4562 2521 4601 in
2553 4564 2593 4603 te
2622 4565 2729 4603 recte
2759 4563 2889 4602 factae

1545 4618 1755 4671 probatori
1783 4620 1821 4659 R
1907 4622 1986 4671 (26)
2018 4621 2106 4660 Oet.
2127 4619 2342 4661 Mommsen
2430 4620 2506 4670 (27)
2538 4617 2575 4657 d.
2594 4630 2622 4657 v
2646 4619 2761 4668 Hal„
2792 4631 2821 4658 s.
2849 4617 2886 4659 L
