<?xml version="1.0" encoding="UTF-8"?>
<!DOCTYPE html PUBLIC "-//W3C//DTD XHTML 1.0 Transitional//EN"
    "http://www.w3.org/TR/xhtml1/DTD/xhtml1-transitional.dtd">
<html xmlns="http://www.w3.org/1999/xhtml" xml:lang="en" lang="en">
 <head>
  <title>
</title>
<meta http-equiv="Content-Type" content="text/html;charset=utf-8" />
  <meta name='ocr-system' content='tesseract 3.04.00' />
  <meta name='ocr-capabilities' content='ocr_page ocr_carea ocr_par ocr_line ocrx_word'/>
</head>
<body>
  <div class='ocr_page' id='page_1' title='image "./corpusiuriscivil02krueuoft_0194.png"; bbox 0 0 3152 4784; ppageno 0'>
   <div class='ocr_carea' id='block_1_1' title="bbox 207 231 406 282">
    <p class='ocr_par' dir='ltr' id='par_1_1' title="bbox 207 231 406 282">
     <span class='ocr_line' id='line_1_1' title="bbox 207 231 406 282; baseline -0.03 0"><span class='ocrx_word' id='word_1_1' title='bbox 207 231 306 282; x_wconf 88' lang='lat' dir='ltr'>IIII</span> <span class='ocrx_word' id='word_1_2' title='bbox 342 231 406 277; x_wconf 84' lang='lat'>20</span> 
     </span>
    </p>
   </div>
   <div class='ocr_carea' id='block_1_2' title="bbox 662 370 1053 493">
    <p class='ocr_par' dir='ltr' id='par_1_2' title="bbox 662 370 1053 493">
     <span class='ocr_line' id='line_1_2' title="bbox 795 370 919 420; baseline 0.016 -2"><span class='ocrx_word' id='word_1_3' title='bbox 795 370 919 420; x_wconf 82' lang='lat' dir='ltr'>XX.¹</span> 
     </span>
     <span class='ocr_line' id='line_1_3' title="bbox 662 450 1053 493; baseline 0.003 -1"><span class='ocrx_word' id='word_1_4' title='bbox 662 452 739 492; x_wconf 83' lang='lat' dir='ltr'>DE</span> <span class='ocrx_word' id='word_1_5' title='bbox 768 450 1053 493; x_wconf 62' lang='lat' dir='ltr'>TESTIBUS.</span> 
     </span>
    </p>
   </div>
   <div class='ocr_carea' id='block_1_3' title="bbox 150 521 1538 3263">
    <p class='ocr_par' dir='ltr' id='par_1_3' title="bbox 195 521 1533 818">
     <span class='ocr_line' id='line_1_4' title="bbox 256 521 1532 594; baseline -0.012 -12"><span class='ocrx_word' id='word_1_6' title='bbox 256 542 278 588; x_wconf 89' lang='lat'>1</span> <span class='ocrx_word' id='word_1_7' title='bbox 316 536 468 581; x_wconf 75' lang='grc' dir='ltr'>2Κατὸι</span> <span class='ocrx_word' id='word_1_8' title='bbox 496 529 712 594; x_wconf 75' lang='grc' dir='ltr'><em>ἐγγράφου</em></span> <span class='ocrx_word' id='word_1_9' title='bbox 738 535 981 588; x_wconf 70' lang='grc' dir='ltr'><strong><em>μαρτυρίας</em></strong></span> <span class='ocrx_word' id='word_1_10' title='bbox 1009 529 1210 587; x_wconf 78' lang='grc' dir='ltr'><strong><em>ἄγραφος</em></strong></span> <span class='ocrx_word' id='word_1_11' title='bbox 1230 530 1453 584; x_wconf 86' lang='grc' dir='ltr'><strong><em>μαρτυρία</em></strong></span> <span class='ocrx_word' id='word_1_12' title='bbox 1481 521 1532 568; x_wconf 81' lang='grc' dir='ltr'>οὗ</span> 
     </span>
     <span class='ocr_line' id='line_1_5' title="bbox 198 608 1533 706; baseline -0.009 -13"><span class='ocrx_word' id='word_1_13' title='bbox 198 608 712 706; x_wconf 50' lang='grc' dir='ltr'>πρὲσῗιέἶιῗὲἳεωαηιίεν</span> <span class='ocrx_word' id='word_1_14' title='bbox 739 644 791 685; x_wconf 96' lang='lat' dir='ltr'>A.</span> <span class='ocrx_word' id='word_1_15' title='bbox 818 639 980 699; x_wconf 87' lang='lat' dir='ltr'>Carpo.</span> <span class='ocrx_word' id='word_1_16' title='bbox 1045 638 1098 682; x_wconf 86' lang='lat' dir='ltr'>Si</span> <span class='ocrx_word' id='word_1_17' title='bbox 1123 637 1204 681; x_wconf 87' lang='lat' dir='ltr'>tibi</span> <span class='ocrx_word' id='word_1_18' title='bbox 1234 637 1533 682; x_wconf 89' lang='lat' dir='ltr'>controversia</span> 
     </span>
     <span class='ocr_line' id='line_1_6' title="bbox 197 693 1531 763; baseline -0.011 -11"><span class='ocrx_word' id='word_1_19' title='bbox 197 702 471 763; x_wconf 82' lang='lat' dir='ltr'>ingenuitatis</span> <span class='ocrx_word' id='word_1_20' title='bbox 498 700 586 751; x_wconf 89' lang='lat' dir='ltr'>fiet,</span> <span class='ocrx_word' id='word_1_21' title='bbox 618 696 802 753; x_wconf 78' lang='lat' dir='ltr'>defende</span> <span class='ocrx_word' id='word_1_22' title='bbox 832 708 1012 739; x_wconf 88' lang='lat' dir='ltr'>causam</span> <span class='ocrx_word' id='word_1_23' title='bbox 1047 693 1350 737; x_wconf 69' lang='lat' dir='ltr'>instrumentis</span> <span class='ocrx_word' id='word_1_24' title='bbox 1386 697 1433 738; x_wconf 88' lang='grc'>61</span> <span class='ocrx_word' id='word_1_25' title='bbox 1460 706 1531 737; x_wconf 85' lang='grc'>61·-</span> 
     </span>
     <span class='ocr_line' id='line_1_7' title="bbox 195 746 1531 818; baseline -0.009 -12"><span class='ocrx_word' id='word_1_26' title='bbox 195 760 428 818; x_wconf 86' lang='lat' dir='ltr'>gumentis,</span> <span class='ocrx_word' id='word_1_27' title='bbox 469 755 626 810; x_wconf 92' lang='lat' dir='ltr'>quibus</span> <span class='ocrx_word' id='word_1_28' title='bbox 665 756 820 809; x_wconf 86' lang='lat' dir='ltr'>putas:</span> <span class='ocrx_word' id='word_1_29' title='bbox 870 750 954 795; x_wconf 88' lang='lat' dir='ltr'>soli</span> <span class='ocrx_word' id='word_1_30' title='bbox 989 746 1152 793; x_wconf 83' lang='lat' dir='ltr'>etenim</span> <span class='ocrx_word' id='word_1_31' title='bbox 1194 753 1333 794; x_wconf 86' lang='lat' dir='ltr'>testes</span> <span class='ocrx_word' id='word_1_32' title='bbox 1370 749 1427 793; x_wconf 88' lang='lat' dir='ltr'>ad</span> <span class='ocrx_word' id='word_1_33' title='bbox 1463 749 1531 794; x_wconf 91' lang='lat' dir='ltr'>in-</span> 
     </span>
    </p>

    <p class='ocr_par' dir='ltr' id='par_1_4' title="bbox 195 804 1531 916">
     <span class='ocr_line' id='line_1_8' title="bbox 224 804 1530 866; baseline -0.008 -6"><span class='ocrx_word' id='word_1_34' title='bbox 224 814 423 861; x_wconf 86' lang='lat' dir='ltr'>enuitatis</span> <span class='ocrx_word' id='word_1_35' title='bbox 446 810 751 866; x_wconf 81' lang='lat' dir='ltr'>probationem</span> <span class='ocrx_word' id='word_1_36' title='bbox 773 820 864 851; x_wconf 89' lang='lat' dir='ltr'>non</span> <span class='ocrx_word' id='word_1_37' title='bbox 893 805 1137 850; x_wconf 69' lang='lat' dir='ltr'>sufficiunt.</span> <span class='ocrx_word' id='word_1_38' title='bbox 1187 805 1281 850; x_wconf 80' lang='grc' dir='ltr'>ΡΡ.</span> <span class='ocrx_word' id='word_1_39' title='bbox 1300 818 1338 850; x_wconf 71' lang='grc' dir='ltr'><em>Χ</em></span> <span class='ocrx_word' id='word_1_40' title='bbox 1361 805 1403 850; x_wconf 81' lang='lat' dir='ltr'>lc.</span> <span class='ocrx_word' id='word_1_41' title='bbox 1420 804 1530 850; x_wconf 87' lang='lat' dir='ltr'>Mai.</span> 
     </span>
     <span class='ocr_line' id='line_1_9' title="bbox 195 832 1531 916; baseline -0.006 -2"><span class='ocrx_word' id='word_1_42' title='bbox 195 832 394 916; x_wconf 44' lang='lat' dir='ltr'>§Maximo</span> <span class='ocrx_word' id='word_1_43' title='bbox 427 878 472 910; x_wconf 84' lang='lat' dir='ltr'>JJ</span> <span class='ocrx_word' id='word_1_44' title='bbox 498 870 543 909; x_wconf 89' lang='lat' dir='ltr'>et</span> <span class='ocrx_word' id='word_1_45' title='bbox 568 865 756 908; x_wconf 89' lang='lat' dir='ltr'>Aeliano</span> <span class='ocrx_word' id='word_1_46' title='bbox 787 876 933 907; x_wconf 88' lang='lat' dir='ltr'>conss.</span> <span class='ocrx_word' id='word_1_47' title='bbox 1346 866 1402 915; x_wconf 91' lang='lat' dir='ltr'>[a.</span> <span class='ocrx_word' id='word_1_48' title='bbox 1435 865 1531 913; x_wconf 89' lang='lat'>223]</span> 
     </span>
    </p>

    <p class='ocr_par' dir='ltr' id='par_1_5' title="bbox 192 915 1538 1137">
     <span class='ocr_line' id='line_1_10' title="bbox 250 915 1530 980; baseline -0.005 -13"><span class='ocrx_word' id='word_1_49' title='bbox 250 924 278 971; x_wconf 90' lang='lat'><strong>3</strong></span> <span class='ocrx_word' id='word_1_50' title='bbox 334 923 475 980; x_wconf 84' lang='lat' dir='ltr'>Impp.</span> <span class='ocrx_word' id='word_1_51' title='bbox 534 920 801 964; x_wconf 79' lang='lat' dir='ltr'>Valerianus</span> <span class='ocrx_word' id='word_1_52' title='bbox 853 924 898 963; x_wconf 88' lang='lat' dir='ltr'>et</span> <span class='ocrx_word' id='word_1_53' title='bbox 941 915 1179 961; x_wconf 77' lang='lat' dir='ltr'>Gallienus</span> <span class='ocrx_word' id='word_1_54' title='bbox 1223 918 1315 961; x_wconf 86' lang='lat' dir='ltr'>AA.</span> <span class='ocrx_word' id='word_1_55' title='bbox 1370 917 1530 962; x_wconf 86' lang='lat' dir='ltr'>Rosae.</span> 
     </span>
     <span class='ocr_line' id='line_1_11' title="bbox 193 972 1531 1038; baseline -0.006 -13"><span class='ocrx_word' id='word_1_56' title='bbox 193 982 338 1026; x_wconf 86' lang='lat' dir='ltr'>Etiam</span> <span class='ocrx_word' id='word_1_57' title='bbox 366 979 462 1021; x_wconf 92' lang='lat' dir='ltr'>iure</span> <span class='ocrx_word' id='word_1_58' title='bbox 492 977 608 1020; x_wconf 88' lang='lat' dir='ltr'>civili</span> <span class='ocrx_word' id='word_1_59' title='bbox 637 975 868 1020; x_wconf 83' lang='lat' dir='ltr'>domestici</span> <span class='ocrx_word' id='word_1_60' title='bbox 894 972 1139 1018; x_wconf 78' lang='lat' dir='ltr'>testimonii</span> <span class='ocrx_word' id='word_1_61' title='bbox 1172 973 1282 1018; x_wconf 87' lang='lat' dir='ltr'>fides</span> <span class='ocrx_word' id='word_1_62' title='bbox 1309 973 1531 1038; x_wconf 81' lang='lat' dir='ltr'>improba-</span> 
     </span>
     <span class='ocr_line' id='line_1_12' title="bbox 193 1028 1538 1089; baseline -0.007 -8"><span class='ocrx_word' id='word_1_63' title='bbox 193 1044 277 1081; x_wconf 90' lang='lat' dir='ltr'>tur.</span> <span class='ocrx_word' id='word_1_64' title='bbox 334 1033 425 1078; x_wconf 89' lang='lat' dir='ltr'>PP.</span> <span class='ocrx_word' id='word_1_65' title='bbox 454 1044 523 1076; x_wconf 77' lang='grc' dir='ltr'>ιη</span> <span class='ocrx_word' id='word_1_66' title='bbox 548 1031 591 1076; x_wconf 81' lang='lat' dir='ltr'>lc.</span> <span class='ocrx_word' id='word_1_67' title='bbox 623 1031 769 1089; x_wconf 82' lang='lat' dir='ltr'>Sept.³</span> <span class='ocrx_word' id='word_1_68' title='bbox 809 1029 1051 1075; x_wconf 83' lang='lat' dir='ltr'>Valeriano</span> <span class='ocrx_word' id='word_1_69' title='bbox 1082 1041 1157 1073; x_wconf 81' lang='lat' dir='ltr'>II!</span> <span class='ocrx_word' id='word_1_70' title='bbox 1181 1035 1227 1074; x_wconf 88' lang='lat' dir='ltr'>et</span> <span class='ocrx_word' id='word_1_71' title='bbox 1255 1028 1458 1073; x_wconf 77' lang='lat' dir='ltr'>Gallieno</span> <span class='ocrx_word' id='word_1_72' title='bbox 1490 1040 1538 1071; x_wconf 85' lang='lat' dir='ltr'>II</span> 
     </span>
     <span class='ocr_line' id='line_1_13' title="bbox 192 1087 1531 1137; baseline -0.007 -1"><span class='ocrx_word' id='word_1_73' title='bbox 192 1093 280 1137; x_wconf 88' lang='lat' dir='ltr'>AA.</span> <span class='ocrx_word' id='word_1_74' title='bbox 311 1102 452 1134; x_wconf 89' lang='lat' dir='ltr'>conss.</span> <span class='ocrx_word' id='word_1_75' title='bbox 1345 1089 1401 1137; x_wconf 89' lang='lat' dir='ltr'>[a.</span> <span class='ocrx_word' id='word_1_76' title='bbox 1434 1087 1531 1137; x_wconf 88' lang='lat'>255]</span> 
     </span>
    </p>

    <p class='ocr_par' dir='ltr' id='par_1_6' title="bbox 191 1140 1535 1417">
     <span class='ocr_line' id='line_1_14' title="bbox 246 1140 1533 1203; baseline -0.005 -13"><span class='ocrx_word' id='word_1_77' title='bbox 246 1147 277 1193; x_wconf 91' lang='grc'>4</span> <span class='ocrx_word' id='word_1_78' title='bbox 307 1145 438 1203; x_wconf 86' lang='lat' dir='ltr'>Impp</span> <span class='ocrx_word' id='word_1_79' title='bbox 475 1179 484 1187; x_wconf 94' lang='lat'>.</span> <span class='ocrx_word' id='word_1_80' title='bbox 520 1142 661 1187; x_wconf 90' lang='lat' dir='ltr'>Carus</span> <span class='ocrx_word' id='word_1_81' title='bbox 687 1141 878 1187; x_wconf 86' lang='lat' dir='ltr'>Carinus</span> <span class='ocrx_word' id='word_1_82' title='bbox 906 1146 951 1186; x_wconf 88' lang='lat' dir='ltr'>et</span> <span class='ocrx_word' id='word_1_83' title='bbox 971 1141 1279 1185; x_wconf 80' lang='lat' dir='ltr'>Numerianus</span> <span class='ocrx_word' id='word_1_84' title='bbox 1292 1140 1533 1184; x_wconf 84' lang='lat' dir='ltr'>AAA.Au-</span> 
     </span>
     <span class='ocr_line' id='line_1_15' title="bbox 191 1196 1531 1253; baseline -0.006 -6"><span class='ocrx_word' id='word_1_85' title='bbox 191 1203 312 1247; x_wconf 81' lang='lat' dir='ltr'>relio.</span> <span class='ocrx_word' id='word_1_86' title='bbox 371 1204 425 1244; x_wconf 88' lang='lat' dir='ltr'>So</span> <span class='ocrx_word' id='word_1_87' title='bbox 445 1200 543 1243; x_wconf 76' lang='lat' dir='ltr'>am⁴</span> <span class='ocrx_word' id='word_1_88' title='bbox 572 1198 856 1242; x_wconf 82' lang='lat' dir='ltr'>testationem</span> <span class='ocrx_word' id='word_1_89' title='bbox 883 1196 1103 1253; x_wconf 84' lang='lat' dir='ltr'>prolatam</span> <span class='ocrx_word' id='word_1_90' title='bbox 1136 1209 1225 1240; x_wconf 85' lang='lat' dir='ltr'>nec</span> <span class='ocrx_word' id='word_1_91' title='bbox 1263 1196 1362 1240; x_wconf 89' lang='lat' dir='ltr'>aliis</span> <span class='ocrx_word' id='word_1_92' title='bbox 1389 1196 1531 1251; x_wconf 85' lang='lat' dir='ltr'>legiti-</span> 
     </span>
     <span class='ocr_line' id='line_1_16' title="bbox 191 1251 1531 1309; baseline -0.004 -7"><span class='ocrx_word' id='word_1_93' title='bbox 191 1259 270 1302; x_wconf 89' lang='lat' dir='ltr'>mis</span> <span class='ocrx_word' id='word_1_94' title='bbox 308 1255 582 1301; x_wconf 86' lang='lat' dir='ltr'>adminiculis</span> <span class='ocrx_word' id='word_1_95' title='bbox 621 1267 757 1298; x_wconf 88' lang='lat' dir='ltr'>causa</span> <span class='ocrx_word' id='word_1_96' title='bbox 796 1254 1072 1309; x_wconf 85' lang='lat' dir='ltr'>approbata⁵</span> <span class='ocrx_word' id='word_1_97' title='bbox 1108 1251 1278 1296; x_wconf 81' lang='lat' dir='ltr'>nullius</span> <span class='ocrx_word' id='word_1_98' title='bbox 1311 1264 1407 1296; x_wconf 90' lang='grc'>6666</span> <span class='ocrx_word' id='word_1_99' title='bbox 1437 1265 1531 1296; x_wconf 92' lang='lat' dir='ltr'>mo-</span> 
     </span>
     <span class='ocr_line' id='line_1_17' title="bbox 192 1307 1535 1359; baseline -0.005 0"><span class='ocrx_word' id='word_1_100' title='bbox 192 1314 323 1359; x_wconf 86' lang='lat' dir='ltr'>menti</span> <span class='ocrx_word' id='word_1_101' title='bbox 359 1315 527 1356; x_wconf 87' lang='lat' dir='ltr'>certum</span> <span class='ocrx_word' id='word_1_102' title='bbox 567 1314 646 1354; x_wconf 89' lang='lat' dir='ltr'>est.</span> <span class='ocrx_word' id='word_1_103' title='bbox 715 1308 809 1354; x_wconf 89' lang='grc' dir='ltr'>ΡΡ.</span> <span class='ocrx_word' id='word_1_104' title='bbox 849 1320 945 1353; x_wconf 76' lang='lat' dir='ltr'><strong><em>VIII</em></strong></span> <span class='ocrx_word' id='word_1_105' title='bbox 983 1307 1026 1352; x_wconf 81' lang='lat' dir='ltr'>lc.</span> <span class='ocrx_word' id='word_1_106' title='bbox 1066 1307 1175 1353; x_wconf 89' lang='lat' dir='ltr'>Dec.</span> <span class='ocrx_word' id='word_1_107' title='bbox 1210 1307 1375 1354; x_wconf 87' lang='lat' dir='ltr'>Carino</span> <span class='ocrx_word' id='word_1_108' title='bbox 1407 1320 1455 1352; x_wconf 82' lang='grc' dir='ltr'>ΙΙ</span> <span class='ocrx_word' id='word_1_109' title='bbox 1489 1313 1535 1352; x_wconf 86' lang='lat' dir='ltr'>et</span> 
     </span>
     <span class='ocr_line' id='line_1_18' title="bbox 193 1367 1530 1417; baseline -0.005 -3"><span class='ocrx_word' id='word_1_110' title='bbox 193 1369 463 1414; x_wconf 80' lang='lat' dir='ltr'>Numeriano</span> <span class='ocrx_word' id='word_1_111' title='bbox 499 1378 642 1409; x_wconf 86' lang='lat' dir='ltr'>conss.</span> <span class='ocrx_word' id='word_1_112' title='bbox 1341 1368 1399 1417; x_wconf 90' lang='lat' dir='ltr'>[a.</span> <span class='ocrx_word' id='word_1_113' title='bbox 1432 1367 1530 1416; x_wconf 87' lang='lat'>284]</span> 
     </span>
    </p>

    <p class='ocr_par' dir='ltr' id='par_1_7' title="bbox 150 1417 1538 1750">
     <span class='ocr_line' id='line_1_19' title="bbox 245 1417 1532 1481; baseline -0.005 -12"><span class='ocrx_word' id='word_1_114' title='bbox 245 1424 274 1471; x_wconf 86' lang='lat'>5</span> <span class='ocrx_word' id='word_1_115' title='bbox 316 1424 384 1467; x_wconf 90' lang='lat' dir='ltr'>Im</span> <span class='ocrx_word' id='word_1_116' title='bbox 410 1438 460 1481; x_wconf 86' lang='lat' dir='ltr'>p.</span> <span class='ocrx_word' id='word_1_117' title='bbox 500 1421 813 1467; x_wconf 77' lang='lat' dir='ltr'>Diocletianus</span> <span class='ocrx_word' id='word_1_118' title='bbox 849 1425 894 1464; x_wconf 88' lang='lat' dir='ltr'>et</span> <span class='ocrx_word' id='word_1_119' title='bbox 929 1417 1247 1464; x_wconf 74' lang='lat' dir='ltr'>Maximianus</span> <span class='ocrx_word' id='word_1_120' title='bbox 1281 1420 1374 1464; x_wconf 88' lang='lat' dir='ltr'>AA.</span> <span class='ocrx_word' id='word_1_121' title='bbox 1419 1419 1532 1465; x_wconf 86' lang='lat' dir='ltr'>Can-</span> 
     </span>
     <span class='ocr_line' id='line_1_20' title="bbox 190 1475 1532 1525; baseline -0.004 -1"><span class='ocrx_word' id='word_1_122' title='bbox 190 1481 305 1525; x_wconf 82' lang='lat' dir='ltr'>dido.</span> <span class='ocrx_word' id='word_1_123' title='bbox 420 1493 468 1523; x_wconf 91' lang='lat' dir='ltr'>os</span> <span class='ocrx_word' id='word_1_124' title='bbox 511 1482 647 1523; x_wconf 88' lang='lat' dir='ltr'>testes</span> <span class='ocrx_word' id='word_1_125' title='bbox 693 1477 750 1520; x_wconf 90' lang='lat' dir='ltr'>ad</span> <span class='ocrx_word' id='word_1_126' title='bbox 788 1475 1019 1520; x_wconf 82' lang='lat' dir='ltr'>veritatem</span> <span class='ocrx_word' id='word_1_127' title='bbox 1055 1475 1294 1521; x_wconf 87' lang='lat' dir='ltr'>iuvandam</span> <span class='ocrx_word' id='word_1_128' title='bbox 1330 1475 1532 1520; x_wconf 88' lang='lat' dir='ltr'>adhiberi</span> 
     </span>
     <span class='ocr_line' id='line_1_21' title="bbox 190 1531 1530 1592; baseline -0.004 -12"><span class='ocrx_word' id='word_1_129' title='bbox 190 1540 385 1592; x_wconf 90' lang='lat' dir='ltr'>oportet,</span> <span class='ocrx_word' id='word_1_130' title='bbox 423 1535 498 1591; x_wconf 90' lang='lat' dir='ltr'>qui</span> <span class='ocrx_word' id='word_1_131' title='bbox 537 1534 654 1579; x_wconf 88' lang='lat' dir='ltr'>omni</span> <span class='ocrx_word' id='word_1_132' title='bbox 693 1533 863 1588; x_wconf 87' lang='lat' dir='ltr'>gratiae</span> <span class='ocrx_word' id='word_1_133' title='bbox 901 1537 946 1575; x_wconf 91' lang='lat' dir='ltr'>et</span> <span class='ocrx_word' id='word_1_134' title='bbox 980 1532 1233 1587; x_wconf 83' lang='lat' dir='ltr'>potentatui</span> <span class='ocrx_word' id='word_1_135' title='bbox 1268 1531 1400 1576; x_wconf 87' lang='lat' dir='ltr'>fidem</span> <span class='ocrx_word' id='word_1_136' title='bbox 1429 1532 1530 1575; x_wconf 90' lang='lat' dir='ltr'>reli-</span> 
     </span>
     <span class='ocr_line' id='line_1_22' title="bbox 216 1586 1538 1645; baseline -0.005 -10"><span class='ocrx_word' id='word_1_137' title='bbox 216 1593 304 1637; x_wconf 88' lang='lat' dir='ltr'>ioni</span> <span class='ocrx_word' id='word_1_138' title='bbox 331 1590 588 1635; x_wconf 84' lang='lat' dir='ltr'>iudiciariae</span> <span class='ocrx_word' id='word_1_139' title='bbox 619 1590 812 1634; x_wconf 86' lang='lat' dir='ltr'>debitam</span> <span class='ocrx_word' id='word_1_140' title='bbox 838 1587 1015 1645; x_wconf 87' lang='lat' dir='ltr'>possint</span> <span class='ocrx_word' id='word_1_141' title='bbox 1042 1601 1331 1645; x_wconf 88' lang='lat' dir='ltr'>praeponere.</span> <span class='ocrx_word' id='word_1_142' title='bbox 1387 1586 1481 1631; x_wconf 89' lang='lat' dir='ltr'>PP.</span> <span class='ocrx_word' id='word_1_143' title='bbox 1508 1600 1538 1629; x_wconf 74' lang='lat' dir='ltr'><strong>v</strong></span> 
     </span>
     <span class='ocr_line' id='line_1_23' title="bbox 200 1645 1530 1697; baseline -0.003 -6"><span class='ocrx_word' id='word_1_144' title='bbox 200 1663 228 1692; x_wconf 77' lang='lat' dir='ltr'>c.</span> <span class='ocrx_word' id='word_1_145' title='bbox 260 1647 367 1691; x_wconf 88' lang='lat' dir='ltr'>Mai.</span> <span class='ocrx_word' id='word_1_146' title='bbox 399 1646 607 1690; x_wconf 79' lang='lat' dir='ltr'>Maximo</span> <span class='ocrx_word' id='word_1_147' title='bbox 639 1658 686 1690; x_wconf 84' lang='lat'>11</span> <span class='ocrx_word' id='word_1_148' title='bbox 712 1651 758 1689; x_wconf 88' lang='lat' dir='ltr'>et</span> <span class='ocrx_word' id='word_1_149' title='bbox 783 1647 823 1689; x_wconf 90' lang='lat' dir='ltr'><em>A</em></span> <span class='ocrx_word' id='word_1_150' title='bbox 855 1645 998 1688; x_wconf 87' lang='lat' dir='ltr'>uilino</span> <span class='ocrx_word' id='word_1_151' title='bbox 1030 1658 1174 1689; x_wconf 90' lang='lat' dir='ltr'>conss.</span> <span class='ocrx_word' id='word_1_152' title='bbox 1342 1649 1401 1697; x_wconf 86' lang='lat' dir='ltr'>[a.</span> <span class='ocrx_word' id='word_1_153' title='bbox 1433 1647 1530 1696; x_wconf 89' lang='lat'>286]</span> 
     </span>
     <span class='ocr_line' id='line_1_24' title="bbox 150 1699 1532 1750; baseline -0.003 -3"><span class='ocrx_word' id='word_1_154' title='bbox 150 1745 153 1747; x_wconf 88' lang='grc'><em>,</em></span> <span class='ocrx_word' id='word_1_155' title='bbox 245 1701 275 1750; x_wconf 89' lang='grc'>6</span> <span class='ocrx_word' id='word_1_156' title='bbox 306 1702 451 1747; x_wconf 81' lang='lat' dir='ltr'>⁶Idem</span> <span class='ocrx_word' id='word_1_157' title='bbox 479 1702 571 1746; x_wconf 88' lang='lat' dir='ltr'>AA.</span> <span class='ocrx_word' id='word_1_158' title='bbox 612 1707 658 1746; x_wconf 89' lang='lat' dir='ltr'>et</span> <span class='ocrx_word' id='word_1_159' title='bbox 687 1699 765 1747; x_wconf 87' lang='lat' dir='ltr'>CC.</span> <span class='ocrx_word' id='word_1_160' title='bbox 834 1699 1012 1745; x_wconf 83' lang='lat' dir='ltr'>ertullo.</span> <span class='ocrx_word' id='word_1_161' title='bbox 1080 1700 1294 1745; x_wconf 91' lang='lat' dir='ltr'>Parentes</span> <span class='ocrx_word' id='word_1_162' title='bbox 1330 1703 1376 1744; x_wconf 91' lang='lat' dir='ltr'>et</span> <span class='ocrx_word' id='word_1_163' title='bbox 1403 1699 1532 1744; x_wconf 92' lang='lat' dir='ltr'>liberi</span> 
     </span>
    </p>

    <p class='ocr_par' dir='ltr' id='par_1_8' title="bbox 188 1756 1532 1920">
     <span class='ocr_line' id='line_1_25' title="bbox 188 1756 1532 1803; baseline -0.001 -1"><span class='ocrx_word' id='word_1_164' title='bbox 188 1761 371 1803; x_wconf 89' lang='lat' dir='ltr'>invicem</span> <span class='ocrx_word' id='word_1_165' title='bbox 415 1758 625 1802; x_wconf 88' lang='lat' dir='ltr'>adversus</span> <span class='ocrx_word' id='word_1_166' title='bbox 667 1771 716 1802; x_wconf 90' lang='grc'>66</span> <span class='ocrx_word' id='word_1_167' title='bbox 758 1769 842 1801; x_wconf 88' lang='grc'>1166</span> <span class='ocrx_word' id='word_1_168' title='bbox 884 1757 1081 1801; x_wconf 86' lang='lat' dir='ltr'>volentes</span> <span class='ocrx_word' id='word_1_169' title='bbox 1125 1758 1182 1801; x_wconf 89' lang='lat' dir='ltr'>ad</span> <span class='ocrx_word' id='word_1_170' title='bbox 1230 1756 1532 1801; x_wconf 88' lang='lat' dir='ltr'>testimonium</span> 
     </span>
     <span class='ocr_line' id='line_1_26' title="bbox 189 1811 1530 1859; baseline -0.002 0"><span class='ocrx_word' id='word_1_171' title='bbox 189 1814 445 1859; x_wconf 82' lang='lat' dir='ltr'>admittendi</span> <span class='ocrx_word' id='word_1_172' title='bbox 474 1818 590 1859; x_wconf 88' lang='lat' dir='ltr'>sunt.</span> <span class='ocrx_word' id='word_1_173' title='bbox 638 1812 732 1857; x_wconf 87' lang='grc' dir='ltr'>ΡΡ.</span> <span class='ocrx_word' id='word_1_174' title='bbox 764 1825 857 1856; x_wconf 79' lang='lat' dir='ltr'>HJJ</span> <span class='ocrx_word' id='word_1_175' title='bbox 883 1826 988 1857; x_wconf 87' lang='lat' dir='ltr'>non.</span> <span class='ocrx_word' id='word_1_176' title='bbox 1015 1812 1120 1857; x_wconf 87' lang='lat' dir='ltr'>Dec.</span> <span class='ocrx_word' id='word_1_177' title='bbox 1143 1812 1434 1857; x_wconf 78' lang='lat' dir='ltr'>Nicomediae</span> <span class='ocrx_word' id='word_1_178' title='bbox 1452 1811 1530 1857; x_wconf 88' lang='lat' dir='ltr'>CC.</span> 
     </span>
     <span class='ocr_line' id='line_1_27' title="bbox 189 1871 1529 1920; baseline -0.003 -5"><span class='ocrx_word' id='word_1_179' title='bbox 189 1885 328 1915; x_wconf 87' lang='lat' dir='ltr'>conss.</span> <span class='ocrx_word' id='word_1_180' title='bbox 1340 1871 1398 1920; x_wconf 92' lang='lat' dir='ltr'>[a.</span> <span class='ocrx_word' id='word_1_181' title='bbox 1432 1871 1529 1920; x_wconf 89' lang='lat'>294]</span> 
     </span>
    </p>

    <p class='ocr_par' dir='ltr' id='par_1_9' title="bbox 187 1922 1532 2257">
     <span class='ocr_line' id='line_1_28' title="bbox 245 1922 1532 1982; baseline -0.003 -10"><span class='ocrx_word' id='word_1_182' title='bbox 245 1925 272 1972; x_wconf 89' lang='grc'>7</span> <span class='ocrx_word' id='word_1_183' title='bbox 306 1925 451 1970; x_wconf 85' lang='lat' dir='ltr'>⁷Idem</span> <span class='ocrx_word' id='word_1_184' title='bbox 479 1926 572 1969; x_wconf 85' lang='grc' dir='ltr'>ΛΑ.</span> <span class='ocrx_word' id='word_1_185' title='bbox 604 1930 648 1969; x_wconf 88' lang='lat' dir='ltr'>et</span> <span class='ocrx_word' id='word_1_186' title='bbox 679 1923 756 1969; x_wconf 88' lang='lat' dir='ltr'>CC.</span> <span class='ocrx_word' id='word_1_187' title='bbox 788 1923 986 1982; x_wconf 74' lang='lat' dir='ltr'>Dioqeni</span> <span class='ocrx_word' id='word_1_188' title='bbox 1014 1930 1059 1970; x_wconf 86' lang='lat' dir='ltr'>et</span> <span class='ocrx_word' id='word_1_189' title='bbox 1082 1922 1140 1967; x_wconf 90' lang='lat' dir='ltr'>In</span> <span class='ocrx_word' id='word_1_190' title='bbox 1173 1938 1288 1969; x_wconf 87' lang='lat' dir='ltr'>enuo</span> <span class='ocrx_word' id='word_1_191' title='bbox 1304 1927 1331 1968; x_wconf 64' lang='grc' dir='ltr'>Β.</span> <span class='ocrx_word' id='word_1_192' title='bbox 1389 1924 1532 1968; x_wconf 84' lang='lat' dir='ltr'>Nimis</span> 
     </span>
     <span class='ocr_line' id='line_1_29' title="bbox 188 1938 1532 2038; baseline -0.002 -11"><span class='ocrx_word' id='word_1_193' title='bbox 188 1995 316 2038; x_wconf 86' lang='lat' dir='ltr'>grave</span> <span class='ocrx_word' id='word_1_194' title='bbox 345 1985 433 2037; x_wconf 85' lang='lat' dir='ltr'>est,</span> <span class='ocrx_word' id='word_1_195' title='bbox 464 1981 583 2037; x_wconf 89' lang='lat' dir='ltr'>quod</span> <span class='ocrx_word' id='word_1_196' title='bbox 611 1981 760 2037; x_wconf 88' lang='lat' dir='ltr'>petitis</span> <span class='ocrx_word' id='word_1_197' title='bbox 791 1981 971 2036; x_wconf 88' lang='lat' dir='ltr'>urgueri</span> <span class='ocrx_word' id='word_1_198' title='bbox 998 1980 1055 2024; x_wconf 90' lang='lat' dir='ltr'>ad</span> <span class='ocrx_word' id='word_1_199' title='bbox 1085 1938 1400 2025; x_wconf 59' lang='lat' dir='ltr'>exiqnbitionem</span> <span class='ocrx_word' id='word_1_200' title='bbox 1427 1993 1532 2036; x_wconf 88' lang='lat' dir='ltr'>par-</span> 
     </span>
     <span class='ocr_line' id='line_1_30' title="bbox 187 2036 1530 2092; baseline -0.002 -10"><span class='ocrx_word' id='word_1_201' title='bbox 187 2046 275 2083; x_wconf 90' lang='lat' dir='ltr'>tem</span> <span class='ocrx_word' id='word_1_202' title='bbox 318 2038 534 2082; x_wconf 88' lang='lat' dir='ltr'>diversam</span> <span class='ocrx_word' id='word_1_203' title='bbox 574 2050 748 2089; x_wconf 89' lang='lat' dir='ltr'>eorum,</span> <span class='ocrx_word' id='word_1_204' title='bbox 793 2049 874 2092; x_wconf 89' lang='lat' dir='ltr'>per</span> <span class='ocrx_word' id='word_1_205' title='bbox 913 2050 1023 2092; x_wconf 87' lang='lat' dir='ltr'>quos</span> <span class='ocrx_word' id='word_1_206' title='bbox 1064 2036 1149 2080; x_wconf 90' lang='lat' dir='ltr'>sibi</span> <span class='ocrx_word' id='word_1_207' title='bbox 1186 2036 1411 2092; x_wconf 88' lang='lat' dir='ltr'>negotium</span> <span class='ocrx_word' id='word_1_208' title='bbox 1438 2036 1530 2079; x_wconf 89' lang='lat' dir='ltr'>fiat.</span> 
     </span>
     <span class='ocr_line' id='line_1_31' title="bbox 189 2092 1531 2149; baseline -0.002 -10"><span class='ocrx_word' id='word_1_209' title='bbox 189 2095 304 2139; x_wconf 89' lang='lat' dir='ltr'>unde</span> <span class='ocrx_word' id='word_1_210' title='bbox 331 2093 597 2149; x_wconf 86' lang='lat' dir='ltr'>intellegitis,</span> <span class='ocrx_word' id='word_1_211' title='bbox 628 2092 746 2149; x_wconf 89' lang='lat' dir='ltr'>quod</span> <span class='ocrx_word' id='word_1_212' title='bbox 769 2093 1001 2137; x_wconf 89' lang='lat' dir='ltr'>intentioni</span> <span class='ocrx_word' id='word_1_213' title='bbox 1024 2097 1196 2136; x_wconf 89' lang='lat' dir='ltr'>vestrae</span> <span class='ocrx_word' id='word_1_214' title='bbox 1219 2092 1424 2148; x_wconf 85' lang='lat' dir='ltr'>proprias</span> <span class='ocrx_word' id='word_1_215' title='bbox 1454 2092 1531 2136; x_wconf 87' lang='lat' dir='ltr'>ad-</span> 
     </span>
     <span class='ocr_line' id='line_1_32' title="bbox 188 2148 1531 2205; baseline -0.002 -11"><span class='ocrx_word' id='word_1_216' title='bbox 188 2151 304 2195; x_wconf 89' lang='lat' dir='ltr'>ferre</span> <span class='ocrx_word' id='word_1_217' title='bbox 342 2150 511 2194; x_wconf 87' lang='lat' dir='ltr'>debetis</span> <span class='ocrx_word' id='word_1_218' title='bbox 549 2149 858 2205; x_wconf 87' lang='lat' dir='ltr'>probationes,</span> <span class='ocrx_word' id='word_1_219' title='bbox 897 2162 988 2192; x_wconf 91' lang='lat' dir='ltr'>non</span> <span class='ocrx_word' id='word_1_220' title='bbox 1027 2149 1239 2192; x_wconf 89' lang='lat' dir='ltr'>adversus</span> <span class='ocrx_word' id='word_1_221' title='bbox 1279 2161 1326 2193; x_wconf 90' lang='grc'>66</span> <span class='ocrx_word' id='word_1_222' title='bbox 1365 2150 1421 2193; x_wconf 90' lang='lat' dir='ltr'>ab</span> <span class='ocrx_word' id='word_1_223' title='bbox 1453 2148 1531 2191; x_wconf 89' lang='lat' dir='ltr'>ad-</span> 
     </span>
     <span class='ocr_line' id='line_1_33' title="bbox 188 2203 1530 2257; baseline -0.002 -7"><span class='ocrx_word' id='word_1_224' title='bbox 188 2206 390 2251; x_wconf 88' lang='lat' dir='ltr'>versariis</span> <span class='ocrx_word' id='word_1_225' title='bbox 420 2205 596 2249; x_wconf 86' lang='lat' dir='ltr'>adduci.</span> <span class='ocrx_word' id='word_1_226' title='bbox 654 2204 709 2249; x_wconf 87' lang='lat' dir='ltr'>D.</span> <span class='ocrx_word' id='word_1_227' title='bbox 736 2217 787 2248; x_wconf 79' lang='lat' dir='ltr'>rJ</span> <span class='ocrx_word' id='word_1_228' title='bbox 812 2205 854 2248; x_wconf 74' lang='lat' dir='ltr'>lc.</span> <span class='ocrx_word' id='word_1_229' title='bbox 879 2203 988 2248; x_wconf 88' lang='lat' dir='ltr'>Mai.</span> <span class='ocrx_word' id='word_1_230' title='bbox 1019 2205 1111 2248; x_wconf 88' lang='lat' dir='ltr'>AA.</span> <span class='ocrx_word' id='word_1_231' title='bbox 1144 2218 1289 2249; x_wconf 88' lang='lat' dir='ltr'>conss.</span> <span class='ocrx_word' id='word_1_232' title='bbox 1350 2208 1406 2257; x_wconf 90' lang='lat' dir='ltr'>[a.</span> <span class='ocrx_word' id='word_1_233' title='bbox 1433 2207 1530 2255; x_wconf 88' lang='lat'>293]</span> 
     </span>
    </p>

    <p class='ocr_par' dir='ltr' id='par_1_10' title="bbox 188 2259 1533 2486">
     <span class='ocr_line' id='line_1_34' title="bbox 244 2259 1532 2316; baseline -0.003 -9"><span class='ocrx_word' id='word_1_234' title='bbox 244 2260 273 2309; x_wconf 84' lang='lat'>8</span> <span class='ocrx_word' id='word_1_235' title='bbox 315 2261 441 2306; x_wconf 85' lang='lat' dir='ltr'>Idem</span> <span class='ocrx_word' id='word_1_236' title='bbox 479 2261 572 2305; x_wconf 84' lang='lat' dir='ltr'>AA.</span> <span class='ocrx_word' id='word_1_237' title='bbox 617 2267 661 2305; x_wconf 92' lang='lat' dir='ltr'>et</span> <span class='ocrx_word' id='word_1_238' title='bbox 701 2259 779 2305; x_wconf 87' lang='lat' dir='ltr'>CC.</span> <span class='ocrx_word' id='word_1_239' title='bbox 819 2259 1053 2304; x_wconf 87' lang='lat' dir='ltr'>Deruloni.</span> <span class='ocrx_word' id='word_1_240' title='bbox 1129 2260 1287 2304; x_wconf 86' lang='lat' dir='ltr'>Servos</span> <span class='ocrx_word' id='word_1_241' title='bbox 1330 2274 1412 2316; x_wconf 91' lang='lat' dir='ltr'>pro</span> <span class='ocrx_word' id='word_1_242' title='bbox 1457 2259 1532 2304; x_wconf 90' lang='lat' dir='ltr'>do-</span> 
     </span>
     <span class='ocr_line' id='line_1_35' title="bbox 189 2315 1532 2373; baseline -0.002 -11"><span class='ocrx_word' id='word_1_243' title='bbox 189 2319 326 2373; x_wconf 88' lang='lat' dir='ltr'>mino,</span> <span class='ocrx_word' id='word_1_244' title='bbox 360 2317 726 2373; x_wconf 87' lang='lat' dir='ltr'>quemadmodum</span> <span class='ocrx_word' id='word_1_245' title='bbox 754 2316 964 2360; x_wconf 89' lang='lat' dir='ltr'>adversus</span> <span class='ocrx_word' id='word_1_246' title='bbox 1004 2329 1104 2360; x_wconf 88' lang='lat' dir='ltr'>eum</span> <span class='ocrx_word' id='word_1_247' title='bbox 1142 2315 1405 2372; x_wconf 86' lang='lat' dir='ltr'>interrogari</span> <span class='ocrx_word' id='word_1_248' title='bbox 1442 2328 1532 2359; x_wconf 90' lang='lat' dir='ltr'>non</span> 
     </span>
     <span class='ocr_line' id='line_1_36' title="bbox 189 2372 1533 2431; baseline -0.002 -13"><span class='ocrx_word' id='word_1_249' title='bbox 189 2387 339 2431; x_wconf 90' lang='lat' dir='ltr'>posse,</span> <span class='ocrx_word' id='word_1_250' title='bbox 378 2387 459 2429; x_wconf 88' lang='lat' dir='ltr'>pro</span> <span class='ocrx_word' id='word_1_251' title='bbox 505 2373 625 2417; x_wconf 84' lang='lat' dir='ltr'>facto</span> <span class='ocrx_word' id='word_1_252' title='bbox 670 2376 816 2416; x_wconf 85' lang='lat' dir='ltr'>autem</span> <span class='ocrx_word' id='word_1_253' title='bbox 861 2385 943 2416; x_wconf 93' lang='lat' dir='ltr'>suo</span> <span class='ocrx_word' id='word_1_254' title='bbox 982 2372 1245 2429; x_wconf 86' lang='lat' dir='ltr'>interrogari</span> <span class='ocrx_word' id='word_1_255' title='bbox 1283 2384 1415 2429; x_wconf 89' lang='lat' dir='ltr'>posse</span> <span class='ocrx_word' id='word_1_256' title='bbox 1443 2384 1533 2416; x_wconf 87' lang='lat' dir='ltr'>non</span> 
     </span>
     <span class='ocr_line' id='line_1_37' title="bbox 188 2426 1528 2486; baseline -0.003 -12"><span class='ocrx_word' id='word_1_257' title='bbox 188 2430 433 2486; x_wconf 85' lang='lat' dir='ltr'>ambigitur.</span> <span class='ocrx_word' id='word_1_258' title='bbox 474 2426 610 2474; x_wconf 74' lang='lat' dir='ltr'>D.⁹lc.</span> <span class='ocrx_word' id='word_1_259' title='bbox 627 2428 740 2474; x_wconf 86' lang='lat' dir='ltr'>Nov.</span> <span class='ocrx_word' id='word_1_260' title='bbox 757 2428 1000 2486; x_wconf 74' lang='lat' dir='ltr'>Reqinassi</span> <span class='ocrx_word' id='word_1_261' title='bbox 1015 2430 1049 2455; x_wconf 88' lang='lat'>¹⁰</span> <span class='ocrx_word' id='word_1_262' title='bbox 1068 2427 1145 2472; x_wconf 87' lang='lat' dir='ltr'>CC.</span> <span class='ocrx_word' id='word_1_263' title='bbox 1165 2441 1307 2472; x_wconf 88' lang='lat' dir='ltr'>conss.</span> <span class='ocrx_word' id='word_1_264' title='bbox 1355 2431 1412 2480; x_wconf 90' lang='lat' dir='ltr'>[a.</span> <span class='ocrx_word' id='word_1_265' title='bbox 1430 2431 1528 2480; x_wconf 87' lang='lat'>294]</span> 
     </span>
    </p>

    <p class='ocr_par' dir='ltr' id='par_1_11' title="bbox 188 2482 1533 3038">
     <span class='ocr_line' id='line_1_38' title="bbox 245 2482 1528 2544; baseline -0.003 -13"><span class='ocrx_word' id='word_1_266' title='bbox 245 2484 274 2532; x_wconf 82' lang='lat'>9</span> <span class='ocrx_word' id='word_1_267' title='bbox 312 2485 461 2544; x_wconf 81' lang='lat' dir='ltr'>¹¹Imp.</span> <span class='ocrx_word' id='word_1_268' title='bbox 496 2484 815 2529; x_wconf 83' lang='lat' dir='ltr'>Constantinus</span> <span class='ocrx_word' id='word_1_269' title='bbox 834 2486 885 2528; x_wconf 90' lang='lat' dir='ltr'>A.</span> <span class='ocrx_word' id='word_1_270' title='bbox 918 2484 980 2528; x_wconf 89' lang='lat' dir='ltr'>ad</span> <span class='ocrx_word' id='word_1_271' title='bbox 1005 2482 1235 2528; x_wconf 87' lang='lat' dir='ltr'>Iulianum</span> <span class='ocrx_word' id='word_1_272' title='bbox 1256 2482 1528 2542; x_wconf 81' lang='lat' dir='ltr'>praesidem.</span> 
     </span>
     <span class='ocr_line' id='line_1_39' title="bbox 188 2539 1533 2596; baseline -0.001 -11"><span class='ocrx_word' id='word_1_273' title='bbox 188 2541 479 2586; x_wconf 89' lang='lat' dir='ltr'>Iurisiurandi</span> <span class='ocrx_word' id='word_1_274' title='bbox 516 2540 726 2596; x_wconf 84' lang='lat' dir='ltr'>religione</span> <span class='ocrx_word' id='word_1_275' title='bbox 762 2544 920 2595; x_wconf 88' lang='lat' dir='ltr'>testes,</span> <span class='ocrx_word' id='word_1_276' title='bbox 969 2540 1229 2595; x_wconf 86' lang='lat' dir='ltr'>priusquam</span> <span class='ocrx_word' id='word_1_277' title='bbox 1269 2539 1533 2596; x_wconf 86' lang='lat' dir='ltr'>perhibeant</span> 
     </span>
     <span class='ocr_line' id='line_1_40' title="bbox 189 2597 1533 2652; baseline -0.002 -11"><span class='ocrx_word' id='word_1_278' title='bbox 189 2598 507 2652; x_wconf 87' lang='lat' dir='ltr'>testimonium,</span> <span class='ocrx_word' id='word_1_279' title='bbox 550 2597 639 2640; x_wconf 91' lang='lat' dir='ltr'>iam</span> <span class='ocrx_word' id='word_1_280' title='bbox 677 2597 840 2640; x_wconf 90' lang='lat' dir='ltr'>dudum</span> <span class='ocrx_word' id='word_1_281' title='bbox 879 2597 1019 2639; x_wconf 89' lang='lat' dir='ltr'>artari</span> <span class='ocrx_word' id='word_1_282' title='bbox 1057 2597 1363 2652; x_wconf 85' lang='lat' dir='ltr'>praecepimus</span> <span class='ocrx_word' id='word_1_283' title='bbox 1401 2601 1445 2640; x_wconf 90' lang='lat' dir='ltr'>et</span> <span class='ocrx_word' id='word_1_284' title='bbox 1482 2602 1533 2639; x_wconf 90' lang='lat' dir='ltr'>ut</span> 
     </span>
     <span class='ocr_line' id='line_1_41' title="bbox 190 2652 1533 2708; baseline -0.001 -12"><span class='ocrx_word' id='word_1_285' title='bbox 190 2653 514 2698; x_wconf 85' lang='lat' dir='ltr'>honestioribus</span> <span class='ocrx_word' id='word_1_286' title='bbox 554 2653 702 2708; x_wconf 88' lang='lat' dir='ltr'>potius</span> <span class='ocrx_word' id='word_1_287' title='bbox 738 2652 847 2696; x_wconf 87' lang='lat' dir='ltr'>fides</span> <span class='ocrx_word' id='word_1_288' title='bbox 887 2653 1075 2697; x_wconf 87' lang='lat' dir='ltr'>testibus</span> <span class='ocrx_word' id='word_1_289' title='bbox 1114 2653 1351 2706; x_wconf 90' lang='lat' dir='ltr'>habeatur,</span> <span class='ocrx_word' id='word_1_290' title='bbox 1401 2652 1533 2695; x_wconf 89' lang='lat' dir='ltr'>simili</span> 
     </span>
     <span class='ocr_line' id='line_1_42' title="bbox 192 2708 1531 2760; baseline -0.001 -7"><span class='ocrx_word' id='word_1_291' title='bbox 192 2723 313 2753; x_wconf 90' lang='lat' dir='ltr'>more</span> <span class='ocrx_word' id='word_1_292' title='bbox 341 2709 579 2760; x_wconf 87' lang='lat' dir='ltr'>sanximus,</span> <span class='ocrx_word' id='word_1_293' title='bbox 618 2714 662 2751; x_wconf 90' lang='lat' dir='ltr'>et</span> <span class='ocrx_word' id='word_1_294' title='bbox 690 2711 741 2751; x_wconf 92' lang='lat' dir='ltr'>ut</span> <span class='ocrx_word' id='word_1_295' title='bbox 756 2709 790 2734; x_wconf 84' lang='lat'>¹²</span> <span class='ocrx_word' id='word_1_296' title='bbox 819 2709 950 2751; x_wconf 90' lang='lat' dir='ltr'>unius</span> <span class='ocrx_word' id='word_1_297' title='bbox 979 2708 1277 2752; x_wconf 88' lang='lat' dir='ltr'>testimonium</span> <span class='ocrx_word' id='word_1_298' title='bbox 1304 2721 1432 2751; x_wconf 85' lang='lat' dir='ltr'>nemo</span> <span class='ocrx_word' id='word_1_299' title='bbox 1462 2709 1531 2751; x_wconf 92' lang='lat' dir='ltr'>iu-</span> 
     </span>
     <span class='ocr_line' id='line_1_43' title="bbox 196 2763 1532 2819; baseline -0.001 -11"><span class='ocrx_word' id='word_1_300' title='bbox 196 2765 338 2808; x_wconf 89' lang='lat' dir='ltr'>dicum</span> <span class='ocrx_word' id='word_1_301' title='bbox 375 2765 421 2807; x_wconf 91' lang='lat' dir='ltr'>in</span> <span class='ocrx_word' id='word_1_302' title='bbox 461 2776 735 2818; x_wconf 88' lang='lat' dir='ltr'>quacumque</span> <span class='ocrx_word' id='word_1_303' title='bbox 773 2775 909 2807; x_wconf 86' lang='lat' dir='ltr'>causa</span> <span class='ocrx_word' id='word_1_304' title='bbox 946 2763 1078 2807; x_wconf 87' lang='lat' dir='ltr'>facile</span> <span class='ocrx_word' id='word_1_305' title='bbox 1116 2764 1313 2819; x_wconf 86' lang='lat' dir='ltr'>patiatur</span> <span class='ocrx_word' id='word_1_306' title='bbox 1344 2763 1532 2809; x_wconf 82' lang='lat' dir='ltr'>admitti.</span> 
     </span>
     <span class='ocr_line' id='line_1_44' title="bbox 197 2818 1531 2871; baseline -0.001 -9"><span class='ocrx_word' id='word_1_307' title='bbox 197 2825 239 2862; x_wconf 89' lang='lat' dir='ltr'>et</span> <span class='ocrx_word' id='word_1_308' title='bbox 266 2832 386 2863; x_wconf 90' lang='lat' dir='ltr'>nunc</span> <span class='ocrx_word' id='word_1_309' title='bbox 413 2818 643 2862; x_wconf 85' lang='lat' dir='ltr'>manifeste</span> <span class='ocrx_word' id='word_1_310' title='bbox 673 2818 915 2871; x_wconf 89' lang='lat' dir='ltr'>sancimus,</span> <span class='ocrx_word' id='word_1_311' title='bbox 954 2822 1005 2861; x_wconf 91' lang='lat' dir='ltr'>ut</span> <span class='ocrx_word' id='word_1_312' title='bbox 1035 2820 1167 2862; x_wconf 88' lang='lat' dir='ltr'>unius</span> <span class='ocrx_word' id='word_1_313' title='bbox 1198 2819 1375 2863; x_wconf 88' lang='lat' dir='ltr'>omnino</span> <span class='ocrx_word' id='word_1_314' title='bbox 1403 2820 1531 2863; x_wconf 85' lang='lat' dir='ltr'>testis</span> 
     </span>
     <span class='ocr_line' id='line_1_45' title="bbox 195 2873 1533 2930; baseline -0.001 -12"><span class='ocrx_word' id='word_1_315' title='bbox 195 2874 419 2930; x_wconf 85' lang='lat' dir='ltr'>responsio</span> <span class='ocrx_word' id='word_1_316' title='bbox 464 2887 554 2917; x_wconf 89' lang='lat' dir='ltr'>non</span> <span class='ocrx_word' id='word_1_317' title='bbox 595 2873 823 2928; x_wconf 88' lang='lat' dir='ltr'>audiatur,</span> <span class='ocrx_word' id='word_1_318' title='bbox 879 2874 1051 2918; x_wconf 89' lang='lat' dir='ltr'>etiamsi</span> <span class='ocrx_word' id='word_1_319' title='bbox 1097 2875 1354 2929; x_wconf 89' lang='lat' dir='ltr'>praeclarae</span> <span class='ocrx_word' id='word_1_320' title='bbox 1383 2875 1533 2919; x_wconf 85' lang='lat' dir='ltr'>curiae</span> 
     </span>
     <span class='ocr_line' id='line_1_46' title="bbox 196 2928 1531 2988; baseline -0.001 -14"><span class='ocrx_word' id='word_1_321' title='bbox 196 2932 362 2974; x_wconf 89' lang='lat' dir='ltr'>honore</span> <span class='ocrx_word' id='word_1_322' title='bbox 389 2929 675 2985; x_wconf 85' lang='lat' dir='ltr'>praefulgeat.</span> <span class='ocrx_word' id='word_1_323' title='bbox 734 2929 788 2973; x_wconf 90' lang='lat' dir='ltr'>D.</span> <span class='ocrx_word' id='word_1_324' title='bbox 829 2941 923 2973; x_wconf 73' lang='grc' dir='ltr'>νη]</span> <span class='ocrx_word' id='word_1_325' title='bbox 948 2928 991 2972; x_wconf 81' lang='lat' dir='ltr'>lc.</span> <span class='ocrx_word' id='word_1_326' title='bbox 1024 2928 1146 2988; x_wconf 90' lang='lat' dir='ltr'>Sept.</span> <span class='ocrx_word' id='word_1_327' title='bbox 1178 2930 1334 2974; x_wconf 88' lang='lat' dir='ltr'>Naissi</span> <span class='ocrx_word' id='word_1_328' title='bbox 1365 2928 1531 2988; x_wconf 87' lang='lat' dir='ltr'>Optato</span> 
     </span>
     <span class='ocr_line' id='line_1_47' title="bbox 197 2985 1531 3038; baseline 0 -8"><span class='ocrx_word' id='word_1_329' title='bbox 197 2992 241 3030; x_wconf 88' lang='lat' dir='ltr'>et</span> <span class='ocrx_word' id='word_1_330' title='bbox 267 2985 461 3030; x_wconf 85' lang='lat' dir='ltr'>Paulino</span> <span class='ocrx_word' id='word_1_331' title='bbox 493 2998 634 3029; x_wconf 90' lang='lat' dir='ltr'>conss.</span> <span class='ocrx_word' id='word_1_332' title='bbox 1345 2990 1401 3038; x_wconf 90' lang='lat' dir='ltr'>[a.</span> <span class='ocrx_word' id='word_1_333' title='bbox 1434 2990 1531 3038; x_wconf 85' lang='lat'>334]</span> 
     </span>
    </p>

    <p class='ocr_par' dir='ltr' id='par_1_12' title="bbox 193 3039 1533 3263">
     <span class='ocr_line' id='line_1_48' title="bbox 252 3039 1533 3099; baseline -0.002 -12"><span class='ocrx_word' id='word_1_334' title='bbox 252 3041 315 3088; x_wconf 89' lang='grc'>10</span> <span class='ocrx_word' id='word_1_335' title='bbox 360 3039 464 3084; x_wconf 84' lang='lat' dir='ltr'>¹³Im</span> <span class='ocrx_word' id='word_1_336' title='bbox 487 3055 572 3099; x_wconf 89' lang='lat' dir='ltr'>pp.</span> <span class='ocrx_word' id='word_1_337' title='bbox 614 3040 779 3085; x_wconf 88' lang='lat' dir='ltr'>Valens</span> <span class='ocrx_word' id='word_1_338' title='bbox 819 3039 1066 3084; x_wconf 83' lang='lat' dir='ltr'>Gratianus</span> <span class='ocrx_word' id='word_1_339' title='bbox 1104 3046 1148 3085; x_wconf 88' lang='lat' dir='ltr'>et</span> <span class='ocrx_word' id='word_1_340' title='bbox 1190 3040 1533 3086; x_wconf 85' lang='lat' dir='ltr'>Valentinianus</span> 
     </span>
     <span class='ocr_line' id='line_1_49' title="bbox 194 3054 1531 3154; baseline 0.001 -14"><span class='ocrx_word' id='word_1_341' title='bbox 194 3097 325 3141; x_wconf 90' lang='lat' dir='ltr'>AAA.</span> <span class='ocrx_word' id='word_1_342' title='bbox 357 3096 419 3140; x_wconf 88' lang='lat' dir='ltr'>ad</span> <span class='ocrx_word' id='word_1_343' title='bbox 447 3054 696 3140; x_wconf 54' lang='lat' dir='ltr'>gracchum</span> <span class='ocrx_word' id='word_1_344' title='bbox 757 3111 798 3140; x_wconf 92' lang='lat' dir='ltr'>u.</span> <span class='ocrx_word' id='word_1_345' title='bbox 860 3095 1073 3140; x_wconf 89' lang='lat' dir='ltr'>Omnibus</span> <span class='ocrx_word' id='word_1_346' title='bbox 1101 3097 1148 3140; x_wconf 90' lang='lat' dir='ltr'>in</span> <span class='ocrx_word' id='word_1_347' title='bbox 1177 3110 1226 3141; x_wconf 89' lang='lat' dir='ltr'>re</span> <span class='ocrx_word' id='word_1_348' title='bbox 1254 3096 1437 3154; x_wconf 89' lang='lat' dir='ltr'>propria</span> <span class='ocrx_word' id='word_1_349' title='bbox 1465 3097 1531 3141; x_wconf 91' lang='lat' dir='ltr'>di-</span> 
     </span>
     <span class='ocr_line' id='line_1_50' title="bbox 195 3151 1532 3198; baseline 0.001 -3"><span class='ocrx_word' id='word_1_350' title='bbox 195 3152 321 3196; x_wconf 90' lang='lat' dir='ltr'>cendi</span> <span class='ocrx_word' id='word_1_351' title='bbox 347 3152 595 3196; x_wconf 89' lang='lat' dir='ltr'>testimonia</span> <span class='ocrx_word' id='word_1_352' title='bbox 619 3151 722 3196; x_wconf 89' lang='lat' dir='ltr'>facu</span> <span class='ocrx_word' id='word_1_353' title='bbox 740 3157 876 3196; x_wconf 89' lang='lat' dir='ltr'>tatem</span> <span class='ocrx_word' id='word_1_354' title='bbox 898 3152 997 3196; x_wconf 83' lang='lat' dir='ltr'>iura</span> <span class='ocrx_word' id='word_1_355' title='bbox 1021 3155 1348 3198; x_wconf 88' lang='lat' dir='ltr'>submoverunt.</span> <span class='ocrx_word' id='word_1_356' title='bbox 1392 3152 1532 3198; x_wconf 84' lang='lat' dir='ltr'>Lecta</span> 
     </span>
     <span class='ocr_line' id='line_1_51' title="bbox 193 3204 1529 3263; baseline 0.003 -13"><span class='ocrx_word' id='word_1_357' title='bbox 193 3204 237 3251; x_wconf 81' lang='lat' dir='ltr'>k.</span> <span class='ocrx_word' id='word_1_358' title='bbox 259 3208 356 3254; x_wconf 82' lang='lat' dir='ltr'>Dec.</span> <span class='ocrx_word' id='word_1_359' title='bbox 384 3208 568 3255; x_wconf 78' lang='lat' dir='ltr'>Valente</span> <span class='ocrx_word' id='word_1_360' title='bbox 590 3220 621 3254; x_wconf 80' lang='lat' dir='ltr'><strong><em>V</em></strong></span> <span class='ocrx_word' id='word_1_361' title='bbox 638 3214 684 3253; x_wconf 85' lang='lat' dir='ltr'>et</span> <span class='ocrx_word' id='word_1_362' title='bbox 707 3207 1023 3254; x_wconf 86' lang='lat' dir='ltr'>Valentiniano</span> <span class='ocrx_word' id='word_1_363' title='bbox 1044 3210 1137 3253; x_wconf 88' lang='lat' dir='ltr'>AA.</span> <span class='ocrx_word' id='word_1_364' title='bbox 1167 3223 1310 3253; x_wconf 90' lang='lat' dir='ltr'>conss.</span> <span class='ocrx_word' id='word_1_365' title='bbox 1357 3214 1414 3263; x_wconf 88' lang='lat' dir='ltr'>[a.</span> <span class='ocrx_word' id='word_1_366' title='bbox 1432 3213 1529 3262; x_wconf 84' lang='lat'>376]</span> 
     </span>
    </p>
   </div>
   <div class='ocr_carea' id='block_1_4' title="bbox 199 3350 1534 3851">
    <p class='ocr_par' dir='ltr' id='par_1_13' title="bbox 199 3350 1534 3851">
     <span class='ocr_line' id='line_1_52' title="bbox 199 3350 1531 3406; baseline 0.002 -14"><span class='ocrx_word' id='word_1_367' title='bbox 199 3352 248 3403; x_wconf 90' lang='grc'>(1)</span> <span class='ocrx_word' id='word_1_368' title='bbox 280 3352 323 3392; x_wconf 90' lang='grc' dir='ltr'><strong><em>Β</em></strong></span> <span class='ocrx_word' id='word_1_369' title='bbox 352 3353 419 3402; x_wconf 79' lang='grc'>21,</span> <span class='ocrx_word' id='word_1_370' title='bbox 435 3362 464 3403; x_wconf 91' lang='grc'>1,</span> <span class='ocrx_word' id='word_1_371' title='bbox 483 3361 525 3393; x_wconf 88' lang='grc'>25</span> <span class='ocrx_word' id='word_1_372' title='bbox 550 3367 658 3404; x_wconf 79' lang='lat' dir='ltr'>seqq.</span> <span class='ocrx_word' id='word_1_373' title='bbox 675 3374 728 3380; x_wconf 93' lang='lat'><strong>—</strong></span> <span class='ocrx_word' id='word_1_374' title='bbox 743 3350 806 3405; x_wconf 85' lang='lat' dir='ltr'>Cf.</span> <span class='ocrx_word' id='word_1_375' title='bbox 822 3350 921 3406; x_wconf 74' lang='lat' dir='ltr'>Diq.</span> <span class='ocrx_word' id='word_1_376' title='bbox 940 3352 1007 3402; x_wconf 87' lang='lat'>22,</span> <span class='ocrx_word' id='word_1_377' title='bbox 1025 3361 1045 3393; x_wconf 85' lang='lat'><strong>5</strong></span> <span class='ocrx_word' id='word_1_378' title='bbox 1131 3350 1186 3404; x_wconf 87' lang='grc'>(2)</span> <span class='ocrx_word' id='word_1_379' title='bbox 1215 3371 1272 3387; x_wconf 77' lang='lat'>=</span> <span class='ocrx_word' id='word_1_380' title='bbox 1294 3352 1339 3393; x_wconf 92' lang='lat' dir='ltr'><em>B</em></span> <span class='ocrx_word' id='word_1_381' title='bbox 1356 3353 1469 3405; x_wconf 86' lang='lat'>21,1,</span> <span class='ocrx_word' id='word_1_382' title='bbox 1487 3361 1531 3395; x_wconf 85' lang='lat'>25</span> 
     </span>
     <span class='ocr_line' id='line_1_53' title="bbox 199 3406 1531 3458; baseline 0.001 -10"><span class='ocrx_word' id='word_1_383' title='bbox 199 3409 251 3458; x_wconf 85' lang='lat'>(3)</span> <span class='ocrx_word' id='word_1_384' title='bbox 281 3414 380 3457; x_wconf 85' lang='lat' dir='ltr'>sept.</span> <span class='ocrx_word' id='word_1_385' title='bbox 412 3408 526 3458; x_wconf 66' lang='lat' dir='ltr'>Hal„</span> <span class='ocrx_word' id='word_1_386' title='bbox 566 3407 655 3446; x_wconf 90' lang='lat' dir='ltr'>iun.</span> <span class='ocrx_word' id='word_1_387' title='bbox 697 3408 737 3446; x_wconf 90' lang='lat' dir='ltr'><strong><em>P</em></strong></span> <span class='ocrx_word' id='word_1_388' title='bbox 897 3407 951 3458; x_wconf 86' lang='grc'>(4)</span> <span class='ocrx_word' id='word_1_389' title='bbox 991 3406 1117 3447; x_wconf 89' lang='lat' dir='ltr'>unius</span> <span class='ocrx_word' id='word_1_390' title='bbox 1154 3407 1335 3447; x_wconf 83' lang='lat' dir='ltr'>hominis</span> <span class='ocrx_word' id='word_1_391' title='bbox 1371 3410 1445 3449; x_wconf 82' lang='lat' dir='ltr'>ins.</span> <span class='ocrx_word' id='word_1_392' title='bbox 1487 3408 1531 3449; x_wconf 91' lang='lat' dir='ltr'><em>B</em></span> 
     </span>
     <span class='ocr_line' id='line_1_54' title="bbox 201 3462 1532 3518; baseline 0.001 -15"><span class='ocrx_word' id='word_1_393' title='bbox 201 3472 236 3503; x_wconf 88' lang='lat' dir='ltr'>et</span> <span class='ocrx_word' id='word_1_394' title='bbox 263 3463 350 3502; x_wconf 81' lang='grc' dir='ltr'>ΒΣ</span> <span class='ocrx_word' id='word_1_395' title='bbox 375 3465 429 3512; x_wconf 80' lang='grc' dir='ltr'>(κ.</span> <span class='ocrx_word' id='word_1_396' title='bbox 446 3465 510 3512; x_wconf 84' lang='grc' dir='ltr'>π.)</span> <span class='ocrx_word' id='word_1_397' title='bbox 623 3462 677 3514; x_wconf 88' lang='grc'>(5)</span> <span class='ocrx_word' id='word_1_398' title='bbox 707 3464 765 3503; x_wconf 87' lang='lat' dir='ltr'>sic</span> <span class='ocrx_word' id='word_1_399' title='bbox 795 3463 886 3503; x_wconf 82' lang='lat' dir='ltr'>dett.</span> <span class='ocrx_word' id='word_1_400' title='bbox 918 3478 1002 3503; x_wconf 88' lang='lat' dir='ltr'>cum</span> <span class='ocrx_word' id='word_1_401' title='bbox 1037 3464 1227 3516; x_wconf 82' lang='lat' dir='ltr'>Graecis,</span> <span class='ocrx_word' id='word_1_402' title='bbox 1269 3476 1432 3504; x_wconf 81' lang='lat' dir='ltr'>oausam</span> <span class='ocrx_word' id='word_1_403' title='bbox 1460 3476 1532 3518; x_wconf 83' lang='lat' dir='ltr'>ap-</span> 
     </span>
     <span class='ocr_line' id='line_1_55' title="bbox 199 3518 1531 3574; baseline 0.003 -16"><span class='ocrx_word' id='word_1_404' title='bbox 199 3518 409 3570; x_wconf 88' lang='lat' dir='ltr'>probatam</span> <span class='ocrx_word' id='word_1_405' title='bbox 446 3518 561 3558; x_wconf 80' lang='lat' dir='ltr'>PCR</span> <span class='ocrx_word' id='word_1_406' title='bbox 728 3519 781 3571; x_wconf 88' lang='grc'>(6)</span> <span class='ocrx_word' id='word_1_407' title='bbox 819 3533 852 3559; x_wconf 87' lang='grc'>6.</span> <span class='ocrx_word' id='word_1_408' title='bbox 884 3527 904 3559; x_wconf 86' lang='grc'>6</span> <span class='ocrx_word' id='word_1_409' title='bbox 937 3519 1129 3560; x_wconf 83' lang='lat' dir='ltr'>collocari</span> <span class='ocrx_word' id='word_1_410' title='bbox 1155 3521 1291 3561; x_wconf 81' lang='lat' dir='ltr'>debuit</span> <span class='ocrx_word' id='word_1_411' title='bbox 1322 3529 1417 3574; x_wconf 81' lang='lat' dir='ltr'>post</span> <span class='ocrx_word' id='word_1_412' title='bbox 1445 3536 1477 3562; x_wconf 89' lang='lat' dir='ltr'>c.</span> <span class='ocrx_word' id='word_1_413' title='bbox 1510 3529 1531 3562; x_wconf 90' lang='lat'>8</span> 
     </span>
     <span class='ocr_line' id='line_1_56' title="bbox 201 3573 1533 3628; baseline 0.002 -13"><span class='ocrx_word' id='word_1_414' title='bbox 201 3575 255 3625; x_wconf 83' lang='lat'>(7)</span> <span class='ocrx_word' id='word_1_415' title='bbox 286 3594 339 3609; x_wconf 88' lang='lat'>==</span> <span class='ocrx_word' id='word_1_416' title='bbox 360 3573 528 3614; x_wconf 83' lang='lat' dir='ltr'>Collatio</span> <span class='ocrx_word' id='word_1_417' title='bbox 554 3575 593 3624; x_wconf 84' lang='lat'>6,</span> <span class='ocrx_word' id='word_1_418' title='bbox 617 3582 655 3615; x_wconf 82' lang='lat'>14</span> <span class='ocrx_word' id='word_1_419' title='bbox 769 3574 824 3625; x_wconf 88' lang='grc'>(8)</span> <span class='ocrx_word' id='word_1_420' title='bbox 855 3573 1012 3614; x_wconf 88' lang='lat' dir='ltr'>aurelio</span> <span class='ocrx_word' id='word_1_421' title='bbox 1043 3574 1208 3626; x_wconf 87' lang='lat' dir='ltr'>diogeni</span> <span class='ocrx_word' id='word_1_422' title='bbox 1238 3577 1328 3625; x_wconf 83' lang='lat' dir='ltr'>(om.</span> <span class='ocrx_word' id='word_1_423' title='bbox 1358 3579 1400 3616; x_wconf 90' lang='lat' dir='ltr'>et</span> <span class='ocrx_word' id='word_1_424' title='bbox 1428 3576 1533 3628; x_wconf 86' lang='lat' dir='ltr'>ing.)</span> 
     </span>
     <span class='ocr_line' id='line_1_57' title="bbox 204 3628 1533 3683; baseline 0.002 -14"><span class='ocrx_word' id='word_1_425' title='bbox 204 3628 300 3669; x_wconf 83' lang='lat' dir='ltr'>Coll.</span> <span class='ocrx_word' id='word_1_426' title='bbox 425 3629 482 3679; x_wconf 82' lang='lat'>(9)</span> <span class='ocrx_word' id='word_1_427' title='bbox 512 3641 595 3668; x_wconf 78' lang='lat' dir='ltr'>vm</span> <span class='ocrx_word' id='word_1_428' title='bbox 624 3631 698 3670; x_wconf 83' lang='lat' dir='ltr'>ins.</span> <span class='ocrx_word' id='word_1_429' title='bbox 730 3629 947 3670; x_wconf 85' lang='lat' dir='ltr'>Mommsen</span> <span class='ocrx_word' id='word_1_430' title='bbox 1070 3634 1144 3682; x_wconf 89' lang='lat'>(10)</span> <span class='ocrx_word' id='word_1_431' title='bbox 1175 3632 1360 3683; x_wconf 86' lang='lat' dir='ltr'>reginase</span> <span class='ocrx_word' id='word_1_432' title='bbox 1392 3634 1439 3683; x_wconf 92' lang='lat' dir='ltr'>P,</span> <span class='ocrx_word' id='word_1_433' title='bbox 1469 3632 1533 3672; x_wconf 89' lang='lat' dir='ltr'>ni-</span> 
     </span>
     <span class='ocr_line' id='line_1_58' title="bbox 201 3684 1533 3739; baseline 0.003 -15"><span class='ocrx_word' id='word_1_434' title='bbox 201 3684 405 3725; x_wconf 86' lang='lat' dir='ltr'>comediae</span> <span class='ocrx_word' id='word_1_435' title='bbox 434 3684 534 3725; x_wconf 87' lang='lat' dir='ltr'>Hal.</span> <span class='ocrx_word' id='word_1_436' title='bbox 621 3684 691 3736; x_wconf 86' lang='lat'><em>(11)</em></span> <span class='ocrx_word' id='word_1_437' title='bbox 725 3705 775 3719; x_wconf 94' lang='lat'><strong><em>=</em></strong></span> <span class='ocrx_word' id='word_1_438' title='bbox 810 3685 881 3725; x_wconf 79' lang='lat' dir='ltr'>le.</span> <span class='ocrx_word' id='word_1_439' title='bbox 916 3688 979 3735; x_wconf 88' lang='lat'>11,</span> <span class='ocrx_word' id='word_1_440' title='bbox 1009 3694 1067 3738; x_wconf 85' lang='lat'>39,</span> <span class='ocrx_word' id='word_1_441' title='bbox 1098 3696 1118 3728; x_wconf 88' lang='grc'><strong>3</strong></span> <span class='ocrx_word' id='word_1_442' title='bbox 1204 3688 1278 3739; x_wconf 96' lang='grc'>(12)</span> <span class='ocrx_word' id='word_1_443' title='bbox 1309 3691 1350 3728; x_wconf 80' lang='lat' dir='ltr'>et</span> <span class='ocrx_word' id='word_1_444' title='bbox 1378 3690 1427 3727; x_wconf 90' lang='lat' dir='ltr'>ut</span> <span class='ocrx_word' id='word_1_445' title='bbox 1444 3689 1533 3739; x_wconf 84' lang='lat' dir='ltr'>AC,</span> 
     </span>
     <span class='ocr_line' id='line_1_59' title="bbox 202 3740 1534 3798; baseline 0.005 -19"><span class='ocrx_word' id='word_1_446' title='bbox 202 3745 248 3779; x_wconf 87' lang='lat' dir='ltr'>ut</span> <span class='ocrx_word' id='word_1_447' title='bbox 277 3741 368 3789; x_wconf 89' lang='lat' dir='ltr'>PR,</span> <span class='ocrx_word' id='word_1_448' title='bbox 400 3742 441 3780; x_wconf 78' lang='lat' dir='ltr'>et</span> <span class='ocrx_word' id='word_1_449' title='bbox 471 3740 566 3781; x_wconf 83' lang='lat' dir='ltr'>libri</span> <span class='ocrx_word' id='word_1_450' title='bbox 597 3740 667 3780; x_wconf 76' lang='lat' dir='ltr'>le.</span> <span class='ocrx_word' id='word_1_451' title='bbox 781 3741 855 3792; x_wconf 88' lang='grc'>(13)</span> <span class='ocrx_word' id='word_1_452' title='bbox 879 3760 935 3776; x_wconf 83' lang='lat'>=</span> <span class='ocrx_word' id='word_1_453' title='bbox 964 3741 1036 3781; x_wconf 78' lang='lat' dir='ltr'>le.</span> <span class='ocrx_word' id='word_1_454' title='bbox 1067 3744 1105 3794; x_wconf 88' lang='lat'>2,</span> <span class='ocrx_word' id='word_1_455' title='bbox 1134 3751 1169 3794; x_wconf 83' lang='lat'>2,</span> <span class='ocrx_word' id='word_1_456' title='bbox 1193 3753 1232 3785; x_wconf 88' lang='lat'>1:</span> <span class='ocrx_word' id='word_1_457' title='bbox 1262 3745 1383 3798; x_wconf 77' lang='lat' dir='ltr'>iunqe</span> <span class='ocrx_word' id='word_1_458' title='bbox 1405 3746 1445 3794; x_wconf 88' lang='lat'>3,</span> <span class='ocrx_word' id='word_1_459' title='bbox 1467 3754 1534 3796; x_wconf 83' lang='lat'>5,1</span> 
     </span>
     <span class='ocr_line' id='line_1_60' title="bbox 201 3796 1533 3851; baseline 0.003 -14"><span class='ocrx_word' id='word_1_460' title='bbox 201 3799 272 3847; x_wconf 86' lang='grc'>(14)</span> <span class='ocrx_word' id='word_1_461' title='bbox 301 3816 355 3831; x_wconf 86' lang='lat'><em>=</em></span> <span class='ocrx_word' id='word_1_462' title='bbox 388 3796 459 3836; x_wconf 84' lang='grc' dir='ltr'>ΤΙι.</span> <span class='ocrx_word' id='word_1_463' title='bbox 483 3797 545 3845; x_wconf 88' lang='grc'>11,</span> <span class='ocrx_word' id='word_1_464' title='bbox 562 3803 696 3846; x_wconf 82' lang='lat'>39,13:</span> <span class='ocrx_word' id='word_1_465' title='bbox 728 3797 847 3850; x_wconf 74' lang='lat' dir='ltr'>iunqe</span> <span class='ocrx_word' id='word_1_466' title='bbox 879 3801 896 3837; x_wconf 93' lang='lat'>1</span> <span class='ocrx_word' id='word_1_467' title='bbox 941 3804 974 3848; x_wconf 88' lang='grc'>4,</span> <span class='ocrx_word' id='word_1_468' title='bbox 1001 3805 1035 3838; x_wconf 79' lang='lat' dir='ltr'>a.</span> <span class='ocrx_word' id='word_1_469' title='bbox 1070 3801 1106 3850; x_wconf 87' lang='lat'>1,</span> <span class='ocrx_word' id='word_1_470' title='bbox 1133 3808 1190 3849; x_wconf 87' lang='grc'>55,</span> <span class='ocrx_word' id='word_1_471' title='bbox 1217 3808 1317 3842; x_wconf 83' lang='lat'>7...9.</span> <span class='ocrx_word' id='word_1_472' title='bbox 1350 3801 1389 3851; x_wconf 87' lang='lat'>9,</span> <span class='ocrx_word' id='word_1_473' title='bbox 1414 3810 1471 3851; x_wconf 89' lang='grc'>44,</span> <span class='ocrx_word' id='word_1_474' title='bbox 1498 3809 1533 3841; x_wconf 98' lang='grc'>2.</span> 
     </span>
    </p>
   </div>
   <div class='ocr_carea' id='block_1_5' title="bbox 202 3852 1535 4020">
    <p class='ocr_par' dir='ltr' id='par_1_14' title="bbox 202 3852 1535 4020">
     <span class='ocr_line' id='line_1_61' title="bbox 208 3852 1533 3908; baseline 0.003 -16"><span class='ocrx_word' id='word_1_475' title='bbox 208 3853 281 3892; x_wconf 80' lang='lat' dir='ltr'>le.</span> <span class='ocrx_word' id='word_1_476' title='bbox 310 3853 349 3902; x_wconf 92' lang='lat'>9,</span> <span class='ocrx_word' id='word_1_477' title='bbox 381 3860 415 3903; x_wconf 85' lang='lat'>2,</span> <span class='ocrx_word' id='word_1_478' title='bbox 445 3859 480 3893; x_wconf 84' lang='grc'>6.</span> <span class='ocrx_word' id='word_1_479' title='bbox 510 3852 550 3902; x_wconf 86' lang='grc'>9,</span> <span class='ocrx_word' id='word_1_480' title='bbox 579 3859 633 3903; x_wconf 83' lang='grc'>31,</span> <span class='ocrx_word' id='word_1_481' title='bbox 664 3860 693 3893; x_wconf 88' lang='grc'>1.</span> <span class='ocrx_word' id='word_1_482' title='bbox 724 3852 763 3902; x_wconf 88' lang='grc'>9,</span> <span class='ocrx_word' id='word_1_483' title='bbox 794 3860 852 3902; x_wconf 87' lang='lat'>37,</span> <span class='ocrx_word' id='word_1_484' title='bbox 881 3861 902 3892; x_wconf 79' lang='lat'>4</span> <span class='ocrx_word' id='word_1_485' title='bbox 1037 3854 1111 3906; x_wconf 87' lang='lat'>(15)</span> <span class='ocrx_word' id='word_1_486' title='bbox 1143 3856 1242 3896; x_wconf 81' lang='lat' dir='ltr'>idem</span> <span class='ocrx_word' id='word_1_487' title='bbox 1271 3856 1360 3895; x_wconf 83' lang='grc' dir='ltr'>ΒΣ</span> <span class='ocrx_word' id='word_1_488' title='bbox 1382 3856 1533 3908; x_wconf 84' lang='grc' dir='ltr'>(κ.π.),</span> 
     </span>
     <span class='ocr_line' id='line_1_62' title="bbox 202 3905 1535 3966; baseline 0.006 -21"><span class='ocrx_word' id='word_1_489' title='bbox 202 3907 374 3958; x_wconf 88' lang='lat' dir='ltr'>ingenui</span> <span class='ocrx_word' id='word_1_490' title='bbox 411 3905 480 3947; x_wconf 69' lang='lat' dir='ltr'>Th.</span> <span class='ocrx_word' id='word_1_491' title='bbox 642 3907 718 3958; x_wconf 83' lang='lat'>(16)</span> <span class='ocrx_word' id='word_1_492' title='bbox 753 3912 772 3954; x_wconf 84' lang='lat'>§</span> <span class='ocrx_word' id='word_1_493' title='bbox 809 3917 821 3947; x_wconf 91' lang='grc'>1</span> <span class='ocrx_word' id='word_1_494' title='bbox 853 3908 1096 3950; x_wconf 82' lang='lat' dir='ltr'>addiderunt</span> <span class='ocrx_word' id='word_1_495' title='bbox 1123 3910 1344 3952; x_wconf 84' lang='lat' dir='ltr'>Iustiniani</span> <span class='ocrx_word' id='word_1_496' title='bbox 1364 3921 1535 3966; x_wconf 85' lang='lat' dir='ltr'>propter</span> 
     </span>
     <span class='ocr_line' id='line_1_63' title="bbox 204 3962 1532 4020; baseline 0.004 -18"><span class='ocrx_word' id='word_1_497' title='bbox 204 3978 232 4002; x_wconf 86' lang='lat' dir='ltr'>c.</span> <span class='ocrx_word' id='word_1_498' title='bbox 251 3971 290 4004; x_wconf 83' lang='grc'>16</span> <span class='ocrx_word' id='word_1_499' title='bbox 321 3963 358 4003; x_wconf 82' lang='grc'>11.</span> <span class='ocrx_word' id='word_1_500' title='bbox 391 3971 415 4003; x_wconf 81' lang='lat' dir='ltr'>t.</span> <span class='ocrx_word' id='word_1_501' title='bbox 529 3962 602 4013; x_wconf 87' lang='lat'>(17)</span> <span class='ocrx_word' id='word_1_502' title='bbox 632 3982 687 3998; x_wconf 87' lang='lat'>=</span> <span class='ocrx_word' id='word_1_503' title='bbox 721 3963 792 4003; x_wconf 78' lang='lat' dir='ltr'>le.</span> <span class='ocrx_word' id='word_1_504' title='bbox 827 3964 866 4014; x_wconf 90' lang='lat'>9,</span> <span class='ocrx_word' id='word_1_505' title='bbox 891 3971 928 4014; x_wconf 79' lang='grc'>6,</span> <span class='ocrx_word' id='word_1_506' title='bbox 954 3973 994 4005; x_wconf 83' lang='lat'>4:</span> <span class='ocrx_word' id='word_1_507' title='bbox 1024 3966 1141 4019; x_wconf 74' lang='lat' dir='ltr'>iunye</span> <span class='ocrx_word' id='word_1_508' title='bbox 1170 3969 1209 4014; x_wconf 86' lang='grc'>6,</span> <span class='ocrx_word' id='word_1_509' title='bbox 1233 3976 1267 4018; x_wconf 92' lang='lat'>7,</span> <span class='ocrx_word' id='word_1_510' title='bbox 1294 3975 1328 4009; x_wconf 84' lang='grc'>6.</span> <span class='ocrx_word' id='word_1_511' title='bbox 1358 3968 1399 4020; x_wconf 92' lang='lat'>9,</span> <span class='ocrx_word' id='word_1_512' title='bbox 1421 3977 1452 4018; x_wconf 87' lang='lat'>1,</span> <span class='ocrx_word' id='word_1_513' title='bbox 1478 3976 1532 4009; x_wconf 85' lang='lat'>21.</span> 
     </span>
    </p>
   </div>
   <div class='ocr_carea' id='block_1_6' title="bbox 204 4018 1533 4185">
    <p class='ocr_par' dir='ltr' id='par_1_15' title="bbox 204 4018 1533 4185">
     <span class='ocr_line' id='line_1_64' title="bbox 204 4018 1533 4074; baseline 0.005 -17"><span class='ocrx_word' id='word_1_514' title='bbox 204 4020 243 4068; x_wconf 86' lang='lat'>9,</span> <span class='ocrx_word' id='word_1_515' title='bbox 273 4027 309 4068; x_wconf 86' lang='grc'>2,</span> <span class='ocrx_word' id='word_1_516' title='bbox 339 4027 392 4058; x_wconf 90' lang='lat'>17.</span> <span class='ocrx_word' id='word_1_517' title='bbox 423 4020 462 4070; x_wconf 91' lang='lat'>9,</span> <span class='ocrx_word' id='word_1_518' title='bbox 491 4026 549 4069; x_wconf 77' lang='grc'>46,</span> <span class='ocrx_word' id='word_1_519' title='bbox 579 4026 634 4060; x_wconf 84' lang='grc'>10.</span> <span class='ocrx_word' id='word_1_520' title='bbox 672 4018 748 4061; x_wconf 77' lang='lat' dir='ltr'>Th.</span> <span class='ocrx_word' id='word_1_521' title='bbox 785 4021 821 4070; x_wconf 89' lang='lat'>1,</span> <span class='ocrx_word' id='word_1_522' title='bbox 851 4027 887 4069; x_wconf 81' lang='grc'>6,</span> <span class='ocrx_word' id='word_1_523' title='bbox 915 4027 965 4061; x_wconf 89' lang='grc'>11.</span> <span class='ocrx_word' id='word_1_524' title='bbox 995 4021 1034 4071; x_wconf 89' lang='grc'>2,</span> <span class='ocrx_word' id='word_1_525' title='bbox 1063 4030 1094 4073; x_wconf 89' lang='grc'>1,</span> <span class='ocrx_word' id='word_1_526' title='bbox 1124 4031 1163 4063; x_wconf 87' lang='lat'>12</span> <span class='ocrx_word' id='word_1_527' title='bbox 1289 4025 1362 4074; x_wconf 85' lang='lat'>(18)</span> <span class='ocrx_word' id='word_1_528' title='bbox 1393 4022 1445 4063; x_wconf 84' lang='lat' dir='ltr'>ad</span> <span class='ocrx_word' id='word_1_529' title='bbox 1473 4036 1533 4063; x_wconf 81' lang='lat' dir='ltr'>se-</span> 
     </span>
     <span class='ocr_line' id='line_1_65' title="bbox 205 4075 1531 4129; baseline 0.007 -18"><span class='ocrx_word' id='word_1_530' title='bbox 205 4076 343 4113; x_wconf 85' lang='lat' dir='ltr'>natum</span> <span class='ocrx_word' id='word_1_531' title='bbox 383 4075 500 4115; x_wconf 80' lang='lat' dir='ltr'>addit</span> <span class='ocrx_word' id='word_1_532' title='bbox 534 4075 574 4125; x_wconf 87' lang='lat'>6,</span> <span class='ocrx_word' id='word_1_533' title='bbox 605 4082 640 4126; x_wconf 84' lang='lat'>7,</span> <span class='ocrx_word' id='word_1_534' title='bbox 669 4083 711 4116; x_wconf 84' lang='lat'>3:</span> <span class='ocrx_word' id='word_1_535' title='bbox 753 4075 913 4128; x_wconf 83' lang='lat' dir='ltr'>plenam</span> <span class='ocrx_word' id='word_1_536' title='bbox 942 4076 1232 4129; x_wconf 85' lang='lat' dir='ltr'>inscriptionem</span> <span class='ocrx_word' id='word_1_537' title='bbox 1269 4080 1427 4120; x_wconf 77' lang='lat' dir='ltr'>exhibet</span> <span class='ocrx_word' id='word_1_538' title='bbox 1461 4080 1531 4120; x_wconf 75' lang='lat' dir='ltr'>Th.</span> 
     </span>
     <span class='ocr_line' id='line_1_66' title="bbox 206 4130 1532 4185; baseline 0.005 -17"><span class='ocrx_word' id='word_1_539' title='bbox 206 4131 244 4179; x_wconf 77' lang='lat'>4,</span> <span class='ocrx_word' id='word_1_540' title='bbox 277 4138 329 4180; x_wconf 86' lang='grc'>10,</span> <span class='ocrx_word' id='word_1_541' title='bbox 360 4137 399 4171; x_wconf 84' lang='grc'>21</span> <span class='ocrx_word' id='word_1_542' title='bbox 428 4130 498 4181; x_wconf 83' lang='lat'>(=</span> <span class='ocrx_word' id='word_1_543' title='bbox 527 4132 567 4182; x_wconf 91' lang='grc'>6,</span> <span class='ocrx_word' id='word_1_544' title='bbox 600 4139 633 4183; x_wconf 82' lang='lat'>7,</span> <span class='ocrx_word' id='word_1_545' title='bbox 663 4130 702 4182; x_wconf 85' lang='grc'>3)</span> <span class='ocrx_word' id='word_1_546' title='bbox 732 4132 848 4183; x_wconf 77' lang='lat' dir='ltr'>hanc3</span> <span class='ocrx_word' id='word_1_547' title='bbox 892 4131 1129 4172; x_wconf 81' lang='lat' dir='ltr'>consulibus</span> <span class='ocrx_word' id='word_1_548' title='bbox 1164 4133 1422 4185; x_wconf 80' lang='lat' dir='ltr'>praetoribus</span> <span class='ocrx_word' id='word_1_549' title='bbox 1457 4135 1532 4175; x_wconf 85' lang='lat' dir='ltr'>tri-</span> 
     </span>
    </p>
   </div>
   <div class='ocr_carea' id='block_1_7' title="bbox 206 4297 1534 4743">
    <p class='ocr_par' dir='ltr' id='par_1_16' title="bbox 206 4297 1534 4743">
     <span class='ocr_line' id='line_1_67' title="bbox 262 4297 1533 4358; baseline 0 -14"><span class='ocrx_word' id='word_1_550' title='bbox 262 4298 285 4344; x_wconf 89' lang='lat'>1</span> <span class='ocrx_word' id='word_1_551' title='bbox 325 4297 490 4342; x_wconf 86' lang='lat' dir='ltr'>Contra</span> <span class='ocrx_word' id='word_1_552' title='bbox 517 4299 733 4356; x_wconf 86' lang='lat' dir='ltr'>scriptum</span> <span class='ocrx_word' id='word_1_553' title='bbox 764 4297 1059 4343; x_wconf 82' lang='lat' dir='ltr'>testimonium</span> <span class='ocrx_word' id='word_1_554' title='bbox 1089 4311 1180 4341; x_wconf 86' lang='lat' dir='ltr'>non</span> <span class='ocrx_word' id='word_1_555' title='bbox 1200 4299 1420 4358; x_wconf 85' lang='lat' dir='ltr'>scriptum</span> <span class='ocrx_word' id='word_1_556' title='bbox 1441 4313 1533 4344; x_wconf 86' lang='lat' dir='ltr'>non</span> 
     </span>
     <span class='ocr_line' id='line_1_68' title="bbox 239 4358 452 4397; baseline 0 0"><span class='ocrx_word' id='word_1_557' title='bbox 239 4368 289 4397; x_wconf 87' lang='lat' dir='ltr'>ro</span> <span class='ocrx_word' id='word_1_558' title='bbox 318 4358 452 4397; x_wconf 86' lang='lat' dir='ltr'>ertur.</span> 
     </span>
     <span class='ocr_line' id='line_1_69' title="bbox 206 4355 1531 4475; baseline 0.002 -22"><span class='ocrx_word' id='word_1_559' title='bbox 206 4368 235 4411; x_wconf 71' lang='lat' dir='ltr'><em>p</em></span> <span class='ocrx_word' id='word_1_560' title='bbox 264 4355 326 4455; x_wconf 54' lang='lat'>13⁶3</span> <span class='ocrx_word' id='word_1_561' title='bbox 357 4407 442 4461; x_wconf 80' lang='lat' dir='ltr'>Qui</span> <span class='ocrx_word' id='word_1_562' title='bbox 467 4409 638 4465; x_wconf 86' lang='lat' dir='ltr'>falsum</span> <span class='ocrx_word' id='word_1_563' title='bbox 662 4409 957 4453; x_wconf 86' lang='lat' dir='ltr'>testimonium</span> <span class='ocrx_word' id='word_1_564' title='bbox 984 4407 1106 4461; x_wconf 84' lang='lat' dir='ltr'>dicit,</span> <span class='ocrx_word' id='word_1_565' title='bbox 1122 4409 1323 4465; x_wconf 89' lang='lat' dir='ltr'>primum</span> <span class='ocrx_word' id='word_1_566' title='bbox 1338 4411 1531 4475; x_wconf 82' lang='lat' dir='ltr'>peierat,</span> 
     </span>
     <span class='ocr_line' id='line_1_70' title="bbox 212 4463 1532 4525; baseline 0.005 -22"><span class='ocrx_word' id='word_1_567' title='bbox 212 4463 363 4507; x_wconf 83' lang='lat' dir='ltr'>deinde</span> <span class='ocrx_word' id='word_1_568' title='bbox 406 4469 451 4507; x_wconf 88' lang='lat' dir='ltr'>et</span> <span class='ocrx_word' id='word_1_569' title='bbox 516 4478 569 4508; x_wconf 90' lang='lat' dir='ltr'>ro</span> <span class='ocrx_word' id='word_1_570' title='bbox 611 4464 807 4520; x_wconf 84' lang='lat' dir='ltr'>falsario</span> <span class='ocrx_word' id='word_1_571' title='bbox 852 4463 1112 4509; x_wconf 81' lang='lat' dir='ltr'>convenitur</span> <span class='ocrx_word' id='word_1_572' title='bbox 1151 4471 1215 4517; x_wconf 83' lang='lat' dir='ltr'>et,</span> <span class='ocrx_word' id='word_1_573' title='bbox 1258 4466 1300 4509; x_wconf 90' lang='lat' dir='ltr'>si</span> <span class='ocrx_word' id='word_1_574' title='bbox 1340 4480 1388 4509; x_wconf 77' lang='lat' dir='ltr'>in</span> <span class='ocrx_word' id='word_1_575' title='bbox 1431 4468 1532 4525; x_wconf 89' lang='lat' dir='ltr'>ipso</span> 
     </span>
     <span class='ocr_line' id='line_1_71' title="bbox 215 4518 1531 4578; baseline 0.007 -21"><span class='ocrx_word' id='word_1_576' title='bbox 215 4518 445 4561; x_wconf 83' lang='lat' dir='ltr'>testimonii</span> <span class='ocrx_word' id='word_1_577' title='bbox 498 4519 643 4563; x_wconf 82' lang='lat' dir='ltr'>icendi</span> <span class='ocrx_word' id='word_1_578' title='bbox 665 4524 859 4578; x_wconf 86' lang='lat' dir='ltr'>tempore</span> <span class='ocrx_word' id='word_1_579' title='bbox 880 4518 1101 4563; x_wconf 83' lang='lat' dir='ltr'>mendacii</span> <span class='ocrx_word' id='word_1_580' title='bbox 1122 4522 1348 4565; x_wconf 87' lang='lat' dir='ltr'>convictus</span> <span class='ocrx_word' id='word_1_581' title='bbox 1375 4523 1531 4578; x_wconf 81' lang='lat' dir='ltr'>fuerit,</span> 
     </span>
     <span class='ocr_line' id='line_1_72' title="bbox 221 4574 1531 4635; baseline 0.008 -24"><span class='ocrx_word' id='word_1_582' title='bbox 221 4574 235 4611; x_wconf 84' lang='lat'><em>1</em></span> <span class='ocrx_word' id='word_1_583' title='bbox 305 4574 529 4635; x_wconf 75' lang='lat' dir='ltr'>tormentis</span> <span class='ocrx_word' id='word_1_584' title='bbox 570 4574 795 4619; x_wconf 86' lang='lat' dir='ltr'>subicitur.</span> <span class='ocrx_word' id='word_1_585' title='bbox 867 4574 919 4619; x_wconf 91' lang='lat' dir='ltr'>Si</span> <span class='ocrx_word' id='word_1_586' title='bbox 959 4587 1064 4618; x_wconf 85' lang='lat' dir='ltr'>vero</span> <span class='ocrx_word' id='word_1_587' title='bbox 1107 4574 1147 4617; x_wconf 89' lang='lat' dir='ltr'>is</span> <span class='ocrx_word' id='word_1_588' title='bbox 1189 4577 1266 4632; x_wconf 83' lang='lat' dir='ltr'>qui</span> <span class='ocrx_word' id='word_1_589' title='bbox 1310 4590 1370 4621; x_wconf 79' lang='lat' dir='ltr'>ex</span> <span class='ocrx_word' id='word_1_590' title='bbox 1405 4578 1531 4634; x_wconf 84' lang='lat' dir='ltr'>falso</span> 
     </span>
     <span class='ocr_line' id='line_1_73' title="bbox 217 4629 1532 4686; baseline 0.008 -20"><span class='ocrx_word' id='word_1_591' title='bbox 217 4630 458 4686; x_wconf 74' lang='lat' dir='ltr'>testimonio</span> <span class='ocrx_word' id='word_1_592' title='bbox 498 4629 812 4672; x_wconf 90' lang='lat' dir='ltr'>condemnatus</span> <span class='ocrx_word' id='word_1_593' title='bbox 849 4635 916 4674; x_wconf 86' lang='lat' dir='ltr'>est</span> <span class='ocrx_word' id='word_1_594' title='bbox 950 4629 1137 4673; x_wconf 82' lang='lat' dir='ltr'>civiliter</span> <span class='ocrx_word' id='word_1_595' title='bbox 1173 4631 1386 4675; x_wconf 85' lang='lat' dir='ltr'>adversus</span> <span class='ocrx_word' id='word_1_596' title='bbox 1435 4647 1532 4676; x_wconf 90' lang='lat' dir='ltr'>eum</span> 
     </span>
     <span class='ocr_line' id='line_1_74' title="bbox 220 4680 1534 4743; baseline 0.008 -23"><span class='ocrx_word' id='word_1_597' title='bbox 220 4692 293 4734; x_wconf 79' lang='lat' dir='ltr'>qut</span> <span class='ocrx_word' id='word_1_598' title='bbox 321 4680 487 4734; x_wconf 85' lang='lat' dir='ltr'>falsum</span> <span class='ocrx_word' id='word_1_599' title='bbox 518 4684 807 4726; x_wconf 82' lang='lat' dir='ltr'>testimonium</span> <span class='ocrx_word' id='word_1_600' title='bbox 837 4685 955 4728; x_wconf 74' lang='lat' dir='ltr'>dixit</span> <span class='ocrx_word' id='word_1_601' title='bbox 984 4699 1117 4741; x_wconf 62' lang='lat' dir='ltr'>affere</span> <span class='ocrx_word' id='word_1_602' title='bbox 1155 4686 1273 4739; x_wconf 81' lang='lat' dir='ltr'>vult,</span> <span class='ocrx_word' id='word_1_603' title='bbox 1316 4687 1534 4743; x_wconf 83' lang='lat' dir='ltr'>quidquid</span> 
     </span>
    </p>
   </div>
   <div class='ocr_carea' id='block_1_8' title="bbox 1540 206 1633 264">
    <p class='ocr_par' dir='ltr' id='par_1_17' title="bbox 1540 206 1633 264">
     <span class='ocr_line' id='line_1_75' title="bbox 1540 206 1633 264; baseline 0.011 -1"><span class='ocrx_word' id='word_1_604' title='bbox 1540 206 1633 264; x_wconf 82' lang='lat'>158</span> 
     </span>
    </p>
   </div>
   <div class='ocr_carea' id='block_1_9' title="bbox 2578 225 2944 267">
    <p class='ocr_par' dir='ltr' id='par_1_18' title="bbox 2578 225 2944 267">
     <span class='ocr_line' id='line_1_76' title="bbox 2578 225 2944 267; baseline 0.011 -4"><span class='ocrx_word' id='word_1_605' title='bbox 2578 226 2652 263; x_wconf 85' lang='lat' dir='ltr'>DE</span> <span class='ocrx_word' id='word_1_606' title='bbox 2687 225 2944 267; x_wconf 76' lang='lat' dir='ltr'>TESTLBUS</span> 
     </span>
    </p>
   </div>
   <div class='ocr_carea' id='block_1_10' title="bbox 1613 355 2955 737">
    <p class='ocr_par' dir='ltr' id='par_1_19' title="bbox 1613 355 2955 737">
     <span class='ocr_line' id='line_1_77' title="bbox 1671 355 2948 416; baseline 0.003 -11"><span class='ocrx_word' id='word_1_607' title='bbox 1671 357 1730 405; x_wconf 86' lang='lat'>11</span> <span class='ocrx_word' id='word_1_608' title='bbox 1781 355 1916 416; x_wconf 81' lang='lat' dir='ltr'>¹⁴Imp</span> <span class='ocrx_word' id='word_1_609' title='bbox 1953 392 1963 402; x_wconf 91' lang='lat'>.</span> <span class='ocrx_word' id='word_1_610' title='bbox 2004 357 2237 406; x_wconf 82' lang='lat' dir='ltr'>Honorius</span> <span class='ocrx_word' id='word_1_611' title='bbox 2265 362 2316 406; x_wconf 83' lang='lat' dir='ltr'>&#39;et</span> <span class='ocrx_word' id='word_1_612' title='bbox 2357 358 2630 406; x_wconf 57' lang='lat' dir='ltr'>Theodosius</span> <span class='ocrx_word' id='word_1_613' title='bbox 2651 362 2756 408; x_wconf 75' lang='lat' dir='ltr'>&#39;AA.</span> <span class='ocrx_word' id='word_1_614' title='bbox 2800 362 2948 409; x_wconf 79' lang='lat' dir='ltr'>Caeci-</span> 
     </span>
     <span class='ocr_line' id='line_1_78' title="bbox 1615 414 2950 484; baseline 0.004 -26"><span class='ocrx_word' id='word_1_615' title='bbox 1615 414 1738 458; x_wconf 86' lang='lat' dir='ltr'>liano</span> <span class='ocrx_word' id='word_1_616' title='bbox 1759 427 1861 479; x_wconf 39' lang='lat' dir='ltr'>pp„</span> <span class='ocrx_word' id='word_1_617' title='bbox 1941 415 2117 460; x_wconf 88' lang='lat' dir='ltr'>uoniam</span> <span class='ocrx_word' id='word_1_618' title='bbox 2145 417 2273 462; x_wconf 90' lang='lat' dir='ltr'>liberi</span> <span class='ocrx_word' id='word_1_619' title='bbox 2288 420 2322 445; x_wconf 81' lang='lat'>¹⁵</span> <span class='ocrx_word' id='word_1_620' title='bbox 2361 422 2494 462; x_wconf 85' lang='lat' dir='ltr'>testes</span> <span class='ocrx_word' id='word_1_621' title='bbox 2523 415 2579 460; x_wconf 86' lang='lat' dir='ltr'>ad</span> <span class='ocrx_word' id='word_1_622' title='bbox 2608 430 2766 463; x_wconf 83' lang='lat' dir='ltr'>causas</span> <span class='ocrx_word' id='word_1_623' title='bbox 2789 424 2950 484; x_wconf 79' lang='lat' dir='ltr'>postu-</span> 
     </span>
     <span class='ocr_line' id='line_1_79' title="bbox 1613 468 2952 528; baseline 0.004 -14"><span class='ocrx_word' id='word_1_624' title='bbox 1613 471 1763 514; x_wconf 88' lang='lat' dir='ltr'>lantur</span> <span class='ocrx_word' id='word_1_625' title='bbox 1802 468 1970 514; x_wconf 82' lang='lat' dir='ltr'>alienas</span> <span class='ocrx_word' id='word_1_626' title='bbox 2035 471 2074 516; x_wconf 88' lang='lat' dir='ltr'>si</span> <span class='ocrx_word' id='word_1_627' title='bbox 2117 473 2228 517; x_wconf 85' lang='lat' dir='ltr'>socii</span> <span class='ocrx_word' id='word_1_628' title='bbox 2263 478 2308 517; x_wconf 88' lang='lat' dir='ltr'>et</span> <span class='ocrx_word' id='word_1_629' title='bbox 2342 471 2581 528; x_wconf 85' lang='lat' dir='ltr'>participes</span> <span class='ocrx_word' id='word_1_630' title='bbox 2630 473 2825 518; x_wconf 75' lang='lat' dir='ltr'>criminis</span> <span class='ocrx_word' id='word_1_631' title='bbox 2861 488 2952 519; x_wconf 85' lang='lat' dir='ltr'>non</span> 
     </span>
     <span class='ocr_line' id='line_1_80' title="bbox 1615 503 2951 591; baseline 0.004 -23"><span class='ocrx_word' id='word_1_632' title='bbox 1615 526 1833 591; x_wconf 67' lang='lat' dir='ltr'>dicantur,</span> <span class='ocrx_word' id='word_1_633' title='bbox 1862 525 1941 569; x_wconf 87' lang='lat' dir='ltr'>sed</span> <span class='ocrx_word' id='word_1_634' title='bbox 1968 503 2078 571; x_wconf 59' lang='lat' dir='ltr'>fides</span> <span class='ocrx_word' id='word_1_635' title='bbox 2107 529 2165 572; x_wconf 89' lang='lat' dir='ltr'>ab</span> <span class='ocrx_word' id='word_1_636' title='bbox 2193 529 2262 572; x_wconf 88' lang='lat' dir='ltr'>his</span> <span class='ocrx_word' id='word_1_637' title='bbox 2290 527 2474 573; x_wconf 90' lang='lat' dir='ltr'>notitiae</span> <span class='ocrx_word' id='word_1_638' title='bbox 2501 529 2765 584; x_wconf 89' lang='lat' dir='ltr'>postuletur,</span> <span class='ocrx_word' id='word_1_639' title='bbox 2801 529 2848 572; x_wconf 89' lang='lat' dir='ltr'>in</span> <span class='ocrx_word' id='word_1_640' title='bbox 2875 543 2951 574; x_wconf 83' lang='lat' dir='ltr'>ex-</span> 
     </span>
     <span class='ocr_line' id='line_1_81' title="bbox 1614 582 2937 640; baseline 0.002 -15"><span class='ocrx_word' id='word_1_641' title='bbox 1614 582 1827 625; x_wconf 77' lang='lat' dir='ltr'>hibitione</span> <span class='ocrx_word' id='word_1_642' title='bbox 1851 582 2202 628; x_wconf 86' lang='lat' dir='ltr'>necessariarum</span> <span class='ocrx_word' id='word_1_643' title='bbox 2227 597 2528 640; x_wconf 88' lang='lat' dir='ltr'>personarum,</span> <span class='ocrx_word' id='word_1_644' title='bbox 2558 583 2645 628; x_wconf 90' lang='lat' dir='ltr'>hoc</span> <span class='ocrx_word' id='word_1_645' title='bbox 2668 587 2739 629; x_wconf 86' lang='lat' dir='ltr'>est</span> <span class='ocrx_word' id='word_1_646' title='bbox 2759 585 2937 630; x_wconf 86' lang='lat' dir='ltr'>testium</span> 
     </span>
     <span class='ocr_line' id='line_1_82' title="bbox 1614 618 2955 736; baseline 0.001 -54"><span class='ocrx_word' id='word_1_647' title='bbox 1614 637 1718 736; x_wconf 57' lang='lat' dir='ltr'>taliis</span> <span class='ocrx_word' id='word_1_648' title='bbox 1738 636 1884 702; x_wconf 35' lang='lat' dir='ltr'>‘debet</span> <span class='ocrx_word' id='word_1_649' title='bbox 1912 648 2009 681; x_wconf 85' lang='lat' dir='ltr'>esse</span> <span class='ocrx_word' id='word_1_650' title='bbox 2038 639 2182 683; x_wconf 83' lang='lat' dir='ltr'>cautio</span> <span class='ocrx_word' id='word_1_651' title='bbox 2211 640 2461 693; x_wconf 89' lang='lat' dir='ltr'>iudicantis,</span> <span class='ocrx_word' id='word_1_652' title='bbox 2496 644 2546 682; x_wconf 90' lang='lat' dir='ltr'>ut</span> <span class='ocrx_word' id='word_1_653' title='bbox 2573 639 2643 684; x_wconf 88' lang='lat' dir='ltr'>his</span> <span class='ocrx_word' id='word_1_654' title='bbox 2671 641 2867 685; x_wconf 83' lang='lat' dir='ltr'>venturis</span> <span class='ocrx_word' id='word_1_655' title='bbox 2897 618 2955 684; x_wconf 77' lang='lat' dir='ltr'>ad</span> 
     </span>
     <span class='ocr_line' id='line_1_83' title="bbox 1614 705 1827 737; baseline -0.014 0"><span class='ocrx_word' id='word_1_656' title='bbox 1614 708 1661 737; x_wconf 92' lang='lat' dir='ltr'>1u</span> <span class='ocrx_word' id='word_1_657' title='bbox 1692 705 1827 736; x_wconf 78' lang='lat' dir='ltr'>icium</span> 
     </span>
    </p>
   </div>
   <div class='ocr_carea' id='block_1_11' title="bbox 1615 695 2954 804">
    <p class='ocr_par' dir='ltr' id='par_1_20' title="bbox 1615 695 2954 804">
     <span class='ocr_line' id='line_1_84' title="bbox 1640 695 2954 792; baseline 0.005 -58"><span class='ocrx_word' id='word_1_658' title='bbox 1640 750 1649 758; x_wconf 29' lang='grc' dir='ltr'><strong><em>ο</em></strong></span> <span class='ocrx_word' id='word_1_659' title='bbox 1684 752 1704 792; x_wconf 65' lang='lat' dir='ltr'>t</span> <span class='ocrx_word' id='word_1_660' title='bbox 1813 750 1834 791; x_wconf 65' lang='lat' dir='ltr'><strong>t</strong></span> <span class='ocrx_word' id='word_1_661' title='bbox 1887 704 1936 736; x_wconf 90' lang='lat' dir='ltr'>er</span> <span class='ocrx_word' id='word_1_662' title='bbox 1964 700 2269 739; x_wconf 87' lang='lat' dir='ltr'>accusatorem</span> <span class='ocrx_word' id='word_1_663' title='bbox 2299 700 2377 739; x_wconf 90' lang='lat' dir='ltr'>aut</span> <span class='ocrx_word' id='word_1_664' title='bbox 2405 697 2461 740; x_wconf 86' lang='lat' dir='ltr'>ab</span> <span class='ocrx_word' id='word_1_665' title='bbox 2491 695 2572 750; x_wconf 90' lang='lat' dir='ltr'>his,</span> <span class='ocrx_word' id='word_1_666' title='bbox 2609 708 2691 751; x_wconf 90' lang='lat' dir='ltr'>per</span> <span class='ocrx_word' id='word_1_667' title='bbox 2719 709 2829 751; x_wconf 89' lang='lat' dir='ltr'>quos</span> <span class='ocrx_word' id='word_1_668' title='bbox 2857 696 2954 741; x_wconf 84' lang='lat' dir='ltr'>fue·</span> 
     </span>
     <span class='ocr_line' id='line_1_85' title="bbox 1615 761 1812 804; baseline 0 -12"><span class='ocrx_word' id='word_1_669' title='bbox 1615 763 1682 793; x_wconf 88' lang='lat' dir='ltr'>rm</span> <span class='ocrx_word' id='word_1_670' title='bbox 1731 761 1812 804; x_wconf 91' lang='lat' dir='ltr'>pos</span> 
     </span>
    </p>
   </div>
   <div class='ocr_carea' id='block_1_12' title="bbox 1613 748 2962 2425">
    <p class='ocr_par' dir='ltr' id='par_1_21' title="bbox 1613 748 2962 2425">
     <span class='ocr_line' id='line_1_86' title="bbox 1909 748 2952 808; baseline 0.006 -18"><span class='ocrx_word' id='word_1_671' title='bbox 1909 748 1965 802; x_wconf 91' lang='lat' dir='ltr'>ti,</span> <span class='ocrx_word' id='word_1_672' title='bbox 2004 753 2205 806; x_wconf 89' lang='lat' dir='ltr'>sumptus</span> <span class='ocrx_word' id='word_1_673' title='bbox 2240 756 2537 808; x_wconf 88' lang='lat' dir='ltr'>competentes</span> <span class='ocrx_word' id='word_1_674' title='bbox 2568 751 2664 795; x_wconf 89' lang='lat' dir='ltr'>dari</span> <span class='ocrx_word' id='word_1_675' title='bbox 2691 751 2952 808; x_wconf 83' lang='lat' dir='ltr'>praecipiat.</span> 
     </span>
     <span class='ocr_line' id='line_1_87' title="bbox 1618 803 2956 863; baseline 0.002 -14"><span class='ocrx_word' id='word_1_676' title='bbox 1618 811 1637 849; x_wconf 92' lang='lat'>1</span> <span class='ocrx_word' id='word_1_677' title='bbox 1698 805 1817 847; x_wconf 91' lang='lat' dir='ltr'>Idem</span> <span class='ocrx_word' id='word_1_678' title='bbox 1855 803 1964 848; x_wconf 88' lang='lat' dir='ltr'>iuris</span> <span class='ocrx_word' id='word_1_679' title='bbox 2004 808 2073 848; x_wconf 88' lang='grc'>661</span> <span class='ocrx_word' id='word_1_680' title='bbox 2109 809 2154 850; x_wconf 87' lang='grc'>61</span> <span class='ocrx_word' id='word_1_681' title='bbox 2193 807 2230 850; x_wconf 90' lang='lat' dir='ltr'>si</span> <span class='ocrx_word' id='word_1_682' title='bbox 2267 806 2314 849; x_wconf 90' lang='lat' dir='ltr'>in</span> <span class='ocrx_word' id='word_1_683' title='bbox 2351 807 2608 863; x_wconf 90' lang='lat' dir='ltr'>pecuniaria</span> <span class='ocrx_word' id='word_1_684' title='bbox 2646 820 2783 852; x_wconf 87' lang='grc'>661166</span> <span class='ocrx_word' id='word_1_685' title='bbox 2819 811 2956 852; x_wconf 83' lang='grc'>166166</span> 
     </span>
     <span class='ocr_line' id='line_1_88' title="bbox 1615 861 2953 918; baseline 0.001 -13"><span class='ocrx_word' id='word_1_686' title='bbox 1615 863 1669 905; x_wconf 92' lang='lat' dir='ltr'>ab</span> <span class='ocrx_word' id='word_1_687' title='bbox 1715 861 1931 903; x_wconf 88' lang='lat' dir='ltr'>alterutra</span> <span class='ocrx_word' id='word_1_688' title='bbox 1973 865 2099 916; x_wconf 85' lang='lat' dir='ltr'>parte</span> <span class='ocrx_word' id='word_1_689' title='bbox 2140 861 2414 918; x_wconf 86' lang='lat' dir='ltr'>producendi</span> <span class='ocrx_word' id='word_1_690' title='bbox 2456 868 2561 907; x_wconf 87' lang='lat' dir='ltr'>sunt</span> <span class='ocrx_word' id='word_1_691' title='bbox 2575 865 2622 906; x_wconf 81' lang='lat'>²⁶.</span> <span class='ocrx_word' id='word_1_692' title='bbox 2698 862 2753 907; x_wconf 85' lang='lat' dir='ltr'>D.</span> <span class='ocrx_word' id='word_1_693' title='bbox 2785 874 2868 907; x_wconf 75' lang='grc' dir='ltr'>ΧΗ</span> <span class='ocrx_word' id='word_1_694' title='bbox 2909 862 2953 907; x_wconf 81' lang='lat' dir='ltr'>Ic.</span> 
     </span>
     <span class='ocr_line' id='line_1_89' title="bbox 1615 914 2954 963; baseline 0.001 -2"><span class='ocrx_word' id='word_1_695' title='bbox 1615 916 1742 961; x_wconf 84' lang='lat' dir='ltr'>Febr.</span> <span class='ocrx_word' id='word_1_696' title='bbox 1773 914 2019 960; x_wconf 85' lang='lat' dir='ltr'>Ravennae</span> <span class='ocrx_word' id='word_1_697' title='bbox 2049 915 2258 961; x_wconf 86' lang='lat' dir='ltr'>Honorio</span> <span class='ocrx_word' id='word_1_698' title='bbox 2297 929 2392 961; x_wconf 78' lang='lat' dir='ltr'><em>VIII</em></span> <span class='ocrx_word' id='word_1_699' title='bbox 2419 924 2463 963; x_wconf 90' lang='lat' dir='ltr'>et</span> <span class='ocrx_word' id='word_1_700' title='bbox 2485 918 2734 963; x_wconf 73' lang='lat' dir='ltr'>Theodosio</span> <span class='ocrx_word' id='word_1_701' title='bbox 2766 930 2836 962; x_wconf 82' lang='lat' dir='ltr'>III</span> <span class='ocrx_word' id='word_1_702' title='bbox 2861 919 2954 963; x_wconf 90' lang='lat' dir='ltr'>AA.</span> 
     </span>
     <span class='ocr_line' id='line_1_90' title="bbox 1615 977 2955 1027; baseline 0.001 -10"><span class='ocrx_word' id='word_1_703' title='bbox 1615 986 1756 1017; x_wconf 86' lang='lat' dir='ltr'>conss.</span> <span class='ocrx_word' id='word_1_704' title='bbox 2765 979 2821 1027; x_wconf 92' lang='lat' dir='ltr'>[a.</span> <span class='ocrx_word' id='word_1_705' title='bbox 2857 977 2955 1027; x_wconf 86' lang='grc'>409]</span> 
     </span>
     <span class='ocr_line' id='line_1_91' title="bbox 1671 1026 2956 1086; baseline 0 -12"><span class='ocrx_word' id='word_1_706' title='bbox 1671 1026 1735 1074; x_wconf 90' lang='grc'>12</span> <span class='ocrx_word' id='word_1_707' title='bbox 1780 1026 1943 1072; x_wconf 82' lang='lat' dir='ltr'>¹⁷Idem</span> <span class='ocrx_word' id='word_1_708' title='bbox 1972 1028 2109 1072; x_wconf 83' lang='lat' dir='ltr'>AA.¹⁸</span> <span class='ocrx_word' id='word_1_709' title='bbox 2173 1028 2456 1073; x_wconf 89' lang='lat' dir='ltr'>Libertorum</span> <span class='ocrx_word' id='word_1_710' title='bbox 2496 1030 2705 1074; x_wconf 90' lang='lat' dir='ltr'>adversus</span> <span class='ocrx_word' id='word_1_711' title='bbox 2742 1031 2956 1086; x_wconf 84' lang='lat' dir='ltr'>patronos</span> 
     </span>
     <span class='ocr_line' id='line_1_92' title="bbox 1613 1083 2956 1142; baseline 0.001 -14"><span class='ocrx_word' id='word_1_712' title='bbox 1613 1084 1788 1128; x_wconf 89' lang='lat' dir='ltr'>illicitas</span> <span class='ocrx_word' id='word_1_713' title='bbox 1811 1087 1945 1139; x_wconf 87' lang='lat' dir='ltr'>atque</span> <span class='ocrx_word' id='word_1_714' title='bbox 1969 1083 2191 1140; x_wconf 81' lang='lat' dir='ltr'>improbas</span> <span class='ocrx_word' id='word_1_715' title='bbox 2209 1097 2337 1129; x_wconf 87' lang='lat' dir='ltr'>voces</span> <span class='ocrx_word' id='word_1_716' title='bbox 2363 1098 2533 1141; x_wconf 89' lang='lat' dir='ltr'>poenae</span> <span class='ocrx_word' id='word_1_717' title='bbox 2559 1086 2806 1131; x_wconf 88' lang='lat' dir='ltr'>obiectione</span> <span class='ocrx_word' id='word_1_718' title='bbox 2827 1098 2956 1142; x_wconf 84' lang='lat' dir='ltr'>prae-</span> 
     </span>
     <span class='ocr_line' id='line_1_93' title="bbox 1615 1139 2954 1198; baseline 0.001 -15"><span class='ocrx_word' id='word_1_719' title='bbox 1615 1140 1827 1184; x_wconf 91' lang='lat' dir='ltr'>cludimus</span> <span class='ocrx_word' id='word_1_720' title='bbox 1858 1143 1991 1195; x_wconf 88' lang='lat' dir='ltr'>atque</span> <span class='ocrx_word' id='word_1_721' title='bbox 2019 1139 2096 1192; x_wconf 90' lang='lat' dir='ltr'>ita,</span> <span class='ocrx_word' id='word_1_722' title='bbox 2127 1142 2179 1183; x_wconf 86' lang='lat' dir='ltr'>ut</span> <span class='ocrx_word' id='word_1_723' title='bbox 2206 1153 2296 1184; x_wconf 92' lang='lat' dir='ltr'>non</span> <span class='ocrx_word' id='word_1_724' title='bbox 2319 1141 2449 1185; x_wconf 91' lang='lat' dir='ltr'>modo</span> <span class='ocrx_word' id='word_1_725' title='bbox 2475 1146 2633 1197; x_wconf 87' lang='lat' dir='ltr'>sponte</span> <span class='ocrx_word' id='word_1_726' title='bbox 2661 1141 2840 1198; x_wconf 83' lang='lat' dir='ltr'>prodire</span> <span class='ocrx_word' id='word_1_727' title='bbox 2867 1154 2954 1191; x_wconf 81' lang='lat' dir='ltr'>non</span> 
     </span>
     <span class='ocr_line' id='line_1_94' title="bbox 1613 1195 2959 1252; baseline 0 -12"><span class='ocrx_word' id='word_1_728' title='bbox 1613 1196 1829 1249; x_wconf 89' lang='lat' dir='ltr'>audeant,</span> <span class='ocrx_word' id='word_1_729' title='bbox 1866 1196 1946 1240; x_wconf 90' lang='lat' dir='ltr'>sed</span> <span class='ocrx_word' id='word_1_730' title='bbox 1983 1208 2068 1240; x_wconf 90' lang='lat' dir='ltr'>nec</span> <span class='ocrx_word' id='word_1_731' title='bbox 2102 1195 2250 1239; x_wconf 85' lang='lat' dir='ltr'>vocati</span> <span class='ocrx_word' id='word_1_732' title='bbox 2287 1196 2462 1252; x_wconf 90' lang='lat' dir='ltr'>quidem</span> <span class='ocrx_word' id='word_1_733' title='bbox 2497 1198 2541 1240; x_wconf 88' lang='lat' dir='ltr'>in</span> <span class='ocrx_word' id='word_1_734' title='bbox 2569 1197 2782 1241; x_wconf 88' lang='lat' dir='ltr'>iudicium</span> <span class='ocrx_word' id='word_1_735' title='bbox 2811 1197 2959 1241; x_wconf 87' lang='lat' dir='ltr'>venire</span> 
     </span>
     <span class='ocr_line' id='line_1_95' title="bbox 1619 1248 2954 1313; baseline 0.003 -20"><span class='ocrx_word' id='word_1_736' title='bbox 1619 1253 1842 1312; x_wconf 81' lang='lat' dir='ltr'>cogantur.</span> <span class='ocrx_word' id='word_1_737' title='bbox 1902 1248 1957 1293; x_wconf 89' lang='lat' dir='ltr'>D.</span> <span class='ocrx_word' id='word_1_738' title='bbox 1990 1261 2083 1295; x_wconf 72' lang='grc' dir='ltr'><em>ιιι]</em></span> <span class='ocrx_word' id='word_1_739' title='bbox 2113 1253 2172 1297; x_wconf 89' lang='lat' dir='ltr'>id.</span> <span class='ocrx_word' id='word_1_740' title='bbox 2199 1256 2313 1313; x_wconf 77' lang='lat' dir='ltr'>Auq.</span> <span class='ocrx_word' id='word_1_741' title='bbox 2339 1254 2583 1300; x_wconf 86' lang='lat' dir='ltr'>Ravennae</span> <span class='ocrx_word' id='word_1_742' title='bbox 2610 1254 2870 1299; x_wconf 88' lang='lat' dir='ltr'>Mariniano</span> <span class='ocrx_word' id='word_1_743' title='bbox 2906 1254 2954 1297; x_wconf 75' lang='lat' dir='ltr'>et</span> 
     </span>
     <span class='ocr_line' id='line_1_96' title="bbox 1617 1304 2952 1363; baseline 0.005 -17"><span class='ocrx_word' id='word_1_744' title='bbox 1617 1304 1941 1362; x_wconf 76' lang='lat' dir='ltr'>Asclepiodoto</span> <span class='ocrx_word' id='word_1_745' title='bbox 1975 1319 2117 1350; x_wconf 86' lang='lat' dir='ltr'>conss.</span> <span class='ocrx_word' id='word_1_746' title='bbox 2764 1313 2823 1363; x_wconf 87' lang='lat' dir='ltr'>[a.</span> <span class='ocrx_word' id='word_1_747' title='bbox 2851 1310 2952 1362; x_wconf 81' lang='grc'>423]</span> 
     </span>
     <span class='ocr_line' id='line_1_97' title="bbox 1671 1359 2958 1423; baseline 0.002 -18"><span class='ocrx_word' id='word_1_748' title='bbox 1671 1360 1734 1410; x_wconf 90' lang='grc'>13</span> <span class='ocrx_word' id='word_1_749' title='bbox 1771 1360 1860 1405; x_wconf 77' lang='lat'>¹⁹‘0</span> <span class='ocrx_word' id='word_1_750' title='bbox 1881 1361 1939 1405; x_wconf 89' lang='grc' dir='ltr'><strong><em>τὰ</em></strong></span> <span class='ocrx_word' id='word_1_751' title='bbox 1955 1359 2096 1418; x_wconf 78' lang='grc' dir='ltr'><strong><em>ψευδῆ</em></strong></span> <span class='ocrx_word' id='word_1_752' title='bbox 2110 1360 2394 1422; x_wconf 80' lang='grc' dir='ltr'><strong><em>μαρτυρήσας</em></strong></span> <span class='ocrx_word' id='word_1_753' title='bbox 2409 1362 2631 1423; x_wconf 81' lang='grc' dir='ltr'><strong><em>πρότερον</em></strong></span> <span class='ocrx_word' id='word_1_754' title='bbox 2646 1365 2730 1420; x_wconf 75' lang='grc' dir='ltr'>μὲν</span> <span class='ocrx_word' id='word_1_755' title='bbox 2751 1367 2958 1423; x_wconf 76' lang='grc' dir='ltr'>ἐπιορκεῖ,</span> 
     </span>
     <span class='ocr_line' id='line_1_98' title="bbox 1726 1415 2959 1478; baseline 0 -16"><span class='ocrx_word' id='word_1_756' title='bbox 1726 1416 1935 1476; x_wconf 77' lang='grc' dir='ltr'><strong><em>δεύτερον</em></strong></span> <span class='ocrx_word' id='word_1_757' title='bbox 1973 1415 2024 1460; x_wconf 74' lang='grc' dir='ltr'>δὲ</span> <span class='ocrx_word' id='word_1_758' title='bbox 2060 1421 2135 1461; x_wconf 78' lang='grc' dir='ltr'><strong><em>καὶ</em></strong></span> <span class='ocrx_word' id='word_1_759' title='bbox 2178 1417 2237 1460; x_wconf 76' lang='grc' dir='ltr'>ὥς</span> <span class='ocrx_word' id='word_1_760' title='bbox 2274 1416 2614 1478; x_wconf 77' lang='grc' dir='ltr'><strong><em>πλαστογράφος</em></strong></span> <span class='ocrx_word' id='word_1_761' title='bbox 2650 1417 2855 1478; x_wconf 79' lang='grc' dir='ltr'><strong><em>ἐνάγεται</em></strong></span> <span class='ocrx_word' id='word_1_762' title='bbox 2883 1421 2959 1462; x_wconf 77' lang='grc' dir='ltr'><strong><em>καὶ</em></strong></span> 
     </span>
     <span class='ocr_line' id='line_1_99' title="bbox 1725 1469 2961 1533; baseline 0.001 -17"><span class='ocrx_word' id='word_1_763' title='bbox 1725 1478 1776 1518; x_wconf 82' lang='grc' dir='ltr'>ἐν</span> <span class='ocrx_word' id='word_1_764' title='bbox 1806 1469 1928 1529; x_wconf 69' lang='grc' dir='ltr'><strong><em>αὐτῷ</em></strong></span> <span class='ocrx_word' id='word_1_765' title='bbox 1959 1472 2010 1517; x_wconf 75' lang='grc' dir='ltr'>δὲ</span> <span class='ocrx_word' id='word_1_766' title='bbox 2036 1474 2104 1528; x_wconf 79' lang='grc' dir='ltr'><strong><em>τῷ</em></strong></span> <span class='ocrx_word' id='word_1_767' title='bbox 2134 1474 2276 1532; x_wconf 78' lang='grc' dir='ltr'><strong><em>καιρῷ</em></strong></span> <span class='ocrx_word' id='word_1_768' title='bbox 2305 1475 2384 1528; x_wconf 78' lang='grc' dir='ltr'><strong><em>τῆς</em></strong></span> <span class='ocrx_word' id='word_1_769' title='bbox 2416 1480 2662 1533; x_wconf 72' lang='grc' dir='ltr'><strong><em>μαρτυρίας</em></strong></span> <span class='ocrx_word' id='word_1_770' title='bbox 2689 1470 2961 1531; x_wconf 71' lang='grc' dir='ltr'><strong><em>ὑπονοηθεὶς</em></strong></span> 
     </span>
     <span class='ocr_line' id='line_1_100' title="bbox 1646 1524 2959 1601; baseline 0.001 -27"><span class='ocrx_word' id='word_1_771' title='bbox 1646 1537 1662 1573; x_wconf 93' lang='grc'>1</span> <span class='ocrx_word' id='word_1_772' title='bbox 1725 1528 1984 1601; x_wconf 59' lang='grc' dir='ltr'><strong><em>Ψεύὸεσθαι</em></strong></span> <span class='ocrx_word' id='word_1_773' title='bbox 2011 1526 2228 1586; x_wconf 78' lang='grc' dir='ltr'><strong><em>βασάνοις</em></strong></span> <span class='ocrx_word' id='word_1_774' title='bbox 2254 1524 2500 1574; x_wconf 71' lang='grc' dir='ltr'><strong><em>ὑπόκειται.</em></strong></span> <span class='ocrx_word' id='word_1_775' title='bbox 2546 1533 2606 1574; x_wconf 81' lang='grc' dir='ltr'>Εἰ</span> <span class='ocrx_word' id='word_1_776' title='bbox 2634 1529 2685 1574; x_wconf 74' lang='grc' dir='ltr'>δὲ</span> <span class='ocrx_word' id='word_1_777' title='bbox 2744 1529 2959 1586; x_wconf 86' lang='grc' dir='ltr'><strong><em>ουληθείη</em></strong></span> 
     </span>
     <span class='ocr_line' id='line_1_101' title="bbox 1725 1583 2959 1644; baseline -0.001 -13"><span class='ocrx_word' id='word_1_778' title='bbox 1725 1605 1748 1631; x_wconf 96' lang='grc' dir='ltr'><strong><em>ο</em></strong></span> <span class='ocrx_word' id='word_1_779' title='bbox 1779 1589 1827 1630; x_wconf 81' lang='grc' dir='ltr'>ἐκ</span> <span class='ocrx_word' id='word_1_780' title='bbox 1854 1587 1931 1641; x_wconf 76' lang='grc' dir='ltr'><strong><em>τῆς</em></strong></span> <span class='ocrx_word' id='word_1_781' title='bbox 1959 1583 2149 1644; x_wconf 74' lang='grc' dir='ltr'><strong><em>ψευδοῦς</em></strong></span> <span class='ocrx_word' id='word_1_782' title='bbox 2175 1590 2420 1644; x_wconf 74' lang='grc' dir='ltr'><strong><em>μαρτυρίας</em></strong></span> <span class='ocrx_word' id='word_1_783' title='bbox 2448 1585 2698 1631; x_wconf 80' lang='grc' dir='ltr'><strong><em>καταδικασ</em></strong></span> <span class='ocrx_word' id='word_1_784' title='bbox 2737 1590 2798 1631; x_wconf 84' lang='grc' dir='ltr'>εὶς</span> <span class='ocrx_word' id='word_1_785' title='bbox 2835 1585 2959 1632; x_wconf 83' lang='grc' dir='ltr'><strong><em>πολι·</em></strong></span> 
     </span>
     <span class='ocr_line' id='line_1_102' title="bbox 1724 1639 2960 1704; baseline 0 -17"><span class='ocrx_word' id='word_1_786' title='bbox 1724 1644 1858 1687; x_wconf 74' lang='grc' dir='ltr'><strong><em>τικαῖς</em></strong></span> <span class='ocrx_word' id='word_1_787' title='bbox 1908 1644 2088 1696; x_wconf 81' lang='grc' dir='ltr'><strong><em>κινῆσαι</em></strong></span> <span class='ocrx_word' id='word_1_788' title='bbox 2137 1639 2253 1684; x_wconf 81' lang='grc' dir='ltr'><strong><em>κατὰ</em></strong></span> <span class='ocrx_word' id='word_1_789' title='bbox 2301 1643 2382 1684; x_wconf 76' lang='grc' dir='ltr'><strong><em>τοῦ</em></strong></span> <span class='ocrx_word' id='word_1_790' title='bbox 2441 1640 2960 1704; x_wconf 76' lang='grc' dir='ltr'><strong><em>ψευδομαρτυρήσαντος,</em></strong></span> 
     </span>
     <span class='ocr_line' id='line_1_103' title="bbox 1726 1694 2960 1767; baseline 0.002 -27"><span class='ocrx_word' id='word_1_791' title='bbox 1726 1697 1916 1757; x_wconf 79' lang='grc' dir='ltr'><strong><em>λήψεται</em></strong></span> <span class='ocrx_word' id='word_1_792' title='bbox 1955 1694 2068 1755; x_wconf 76' lang='grc' dir='ltr'>παρ&gt;</span> <span class='ocrx_word' id='word_1_793' title='bbox 2110 1694 2249 1741; x_wconf 75' lang='grc' dir='ltr'><strong><em>αὐτοῦ</em></strong></span> <span class='ocrx_word' id='word_1_794' title='bbox 2286 1699 2439 1741; x_wconf 85' lang='grc' dir='ltr'><strong><em>πᾶσαν</em></strong></span> <span class='ocrx_word' id='word_1_795' title='bbox 2476 1695 2532 1753; x_wconf 79' lang='grc' dir='ltr'>ἣν</span> <span class='ocrx_word' id='word_1_796' title='bbox 2575 1695 2746 1767; x_wconf 76' lang='grc' dir='ltr'><strong><em>ὑπέστη</em></strong></span> <span class='ocrx_word' id='word_1_797' title='bbox 2793 1702 2960 1757; x_wconf 83' lang='grc' dir='ltr'><strong><em>ζημίαν</em></strong></span> 
     </span>
     <span class='ocr_line' id='line_1_104' title="bbox 1725 1750 2962 1815; baseline -0.001 -15"><span class='ocrx_word' id='word_1_798' title='bbox 1725 1753 1837 1814; x_wconf 81' lang='grc' dir='ltr'><strong><em>πρὸς</em></strong></span> <span class='ocrx_word' id='word_1_799' title='bbox 1879 1755 1947 1809; x_wconf 77' lang='grc' dir='ltr'><strong><em>τῷ</em></strong></span> <span class='ocrx_word' id='word_1_800' title='bbox 1991 1758 2066 1797; x_wconf 86' lang='grc' dir='ltr'><strong><em>καὶ</em></strong></span> <span class='ocrx_word' id='word_1_801' title='bbox 2109 1752 2196 1808; x_wconf 88' lang='grc' dir='ltr'>τὴν</span> <span class='ocrx_word' id='word_1_802' title='bbox 2237 1750 2327 1798; x_wconf 82' lang='grc' dir='ltr'>ἀπὸ</span> <span class='ocrx_word' id='word_1_803' title='bbox 2370 1756 2468 1797; x_wconf 77' lang='grc' dir='ltr'>τῶν</span> <span class='ocrx_word' id='word_1_804' title='bbox 2506 1752 2663 1812; x_wconf 84' lang='grc' dir='ltr'><strong><em>νόμων</em></strong></span> <span class='ocrx_word' id='word_1_805' title='bbox 2707 1759 2962 1815; x_wconf 70' lang='grc' dir='ltr'><strong><em>ωρισμόνην</em></strong></span> 
     </span>
     <span class='ocr_line' id='line_1_105' title="bbox 1644 1808 2961 1869; baseline -0.001 -13"><span class='ocrx_word' id='word_1_806' title='bbox 1644 1816 1669 1856; x_wconf 91' lang='grc'>2</span> <span class='ocrx_word' id='word_1_807' title='bbox 1725 1814 1952 1869; x_wconf 72' lang='grc' dir='ltr'><strong><em>τιμωρίαν</em></strong></span> <span class='ocrx_word' id='word_1_808' title='bbox 1992 1808 2291 1868; x_wconf 74' lang='grc' dir='ltr'><strong><em>ὑφίστασθαι.</em></strong></span> <span class='ocrx_word' id='word_1_809' title='bbox 2362 1811 2421 1852; x_wconf 87' lang='grc' dir='ltr'>Εἰ</span> <span class='ocrx_word' id='word_1_810' title='bbox 2464 1809 2514 1854; x_wconf 74' lang='grc' dir='ltr'>δὲ</span> <span class='ocrx_word' id='word_1_811' title='bbox 2552 1814 2628 1854; x_wconf 83' lang='grc' dir='ltr'><strong><em>καὶ</em></strong></span> <span class='ocrx_word' id='word_1_812' title='bbox 2664 1815 2715 1855; x_wconf 69' lang='grc' dir='ltr'>ἐν</span> <span class='ocrx_word' id='word_1_813' title='bbox 2754 1808 2868 1855; x_wconf 63' lang='grc' dir='ltr'><strong><em>αὖτ’</em></strong></span> <span class='ocrx_word' id='word_1_814' title='bbox 2903 1813 2961 1867; x_wconf 83' lang='grc' dir='ltr'><strong><em>τῆ</em></strong></span> 
     </span>
     <span class='ocr_line' id='line_1_106' title="bbox 1727 1857 2961 1928; baseline 0 -17"><span class='ocrx_word' id='word_1_815' title='bbox 1727 1863 2017 1923; x_wconf 77' lang='grc' dir='ltr'><strong><em>πρωτοτύπῳ</em></strong></span> <span class='ocrx_word' id='word_1_816' title='bbox 2061 1863 2162 1924; x_wconf 83' lang='grc' dir='ltr'><strong><em>δίκῃ</em></strong></span> <span class='ocrx_word' id='word_1_817' title='bbox 2205 1863 2478 1923; x_wconf 75' lang='grc' dir='ltr'><strong><em>ψευσάμενος</em></strong></span> <span class='ocrx_word' id='word_1_818' title='bbox 2521 1866 2778 1927; x_wconf 74' lang='grc' dir='ltr'>ἐλεγχθείη,</span> <span class='ocrx_word' id='word_1_819' title='bbox 2853 1857 2961 1928; x_wconf 63' lang='grc' dir='ltr'><strong><em>ργον</em></strong></span> 
     </span>
     <span class='ocr_line' id='line_1_107' title="bbox 1727 1917 2960 1995; baseline 0.002 -30"><span class='ocrx_word' id='word_1_820' title='bbox 1727 1925 1845 1995; x_wconf 50' lang='grc' dir='ltr'><strong><em>ὲῖῐῑτω</em></strong></span> <span class='ocrx_word' id='word_1_821' title='bbox 1885 1923 1965 1965; x_wconf 78' lang='grc' dir='ltr'><strong><em>τοῦ</em></strong></span> <span class='ocrx_word' id='word_1_822' title='bbox 2007 1918 2265 1990; x_wconf 71' lang='grc' dir='ltr'><strong><em>ὃικάζοντρς</em></strong></span> <span class='ocrx_word' id='word_1_823' title='bbox 2292 1917 2330 1992; x_wconf 63' lang='grc' dir='ltr'><em>ᾗ</em></span> <span class='ocrx_word' id='word_1_824' title='bbox 2365 1923 2426 1965; x_wconf 78' lang='grc' dir='ltr'>εἰς</span> <span class='ocrx_word' id='word_1_825' title='bbox 2464 1923 2618 1992; x_wconf 71' lang='grc' dir='ltr'><strong><em>πᾷσαν</em></strong></span> <span class='ocrx_word' id='word_1_826' title='bbox 2645 1922 2696 1967; x_wconf 62' lang='lat' dir='ltr'>v*</span> <span class='ocrx_word' id='word_1_827' title='bbox 2758 1926 2960 1983; x_wconf 73' lang='grc' dir='ltr'><strong><em>ἐπιφερο-</em></strong></span> 
     </span>
     <span class='ocr_line' id='line_1_108' title="bbox 1725 1977 2961 2094; baseline 0.001 -16"><span class='ocrx_word' id='word_1_828' title='bbox 1725 1980 2096 2088; x_wconf 45' lang='lat' dir='ltr'>maiman</span> <span class='ocrx_word' id='word_1_829' title='bbox 2113 1977 2241 2090; x_wconf 58' lang='lat'>²:5⁶2.</span> <span class='ocrx_word' id='word_1_830' title='bbox 2263 1980 2961 2094; x_wconf 54' lang='grc' dir='ltr'>ἷὲαἶῦἴῖἵὲἵσὲῑμᾶἕῗὲςᾜῗί</span> 
     </span>
     <span class='ocr_line' id='line_1_109' title="bbox 1726 2086 2960 2149; baseline 0.002 -15"><span class='ocrx_word' id='word_1_831' title='bbox 1726 2087 1910 2146; x_wconf 79' lang='grc' dir='ltr'><strong><em>βάλλειν</em></strong></span> <span class='ocrx_word' id='word_1_832' title='bbox 1949 2086 2110 2133; x_wconf 77' lang='grc' dir='ltr'><strong><em>αὐτόν·</em></strong></span> <span class='ocrx_word' id='word_1_833' title='bbox 2155 2089 2505 2148; x_wconf 75' lang='grc' dir='ltr'><strong><em>φυλαττομένων</em></strong></span> <span class='ocrx_word' id='word_1_834' title='bbox 2533 2087 2725 2134; x_wconf 79' lang='grc' dir='ltr'><strong><em>πάντων</em></strong></span> <span class='ocrx_word' id='word_1_835' title='bbox 2751 2093 2850 2136; x_wconf 79' lang='grc' dir='ltr'>τῶν</span> <span class='ocrx_word' id='word_1_836' title='bbox 2877 2090 2960 2149; x_wconf 75' lang='grc' dir='ltr'>ἤδη</span> 
     </span>
     <span class='ocr_line' id='line_1_110' title="bbox 1727 2144 2960 2215; baseline 0.001 -25"><span class='ocrx_word' id='word_1_837' title='bbox 1727 2146 2160 2215; x_wconf 62' lang='grc' dir='ltr'><strong><em>νενομοθετημένων</em></strong></span> <span class='ocrx_word' id='word_1_838' title='bbox 2209 2149 2313 2205; x_wconf 83' lang='grc' dir='ltr'><strong><em>περὶ</em></strong></span> <span class='ocrx_word' id='word_1_839' title='bbox 2364 2147 2462 2189; x_wconf 77' lang='grc' dir='ltr'>τῶν</span> <span class='ocrx_word' id='word_1_840' title='bbox 2503 2146 2560 2190; x_wconf 81' lang='grc' dir='ltr'><strong><em>τὰ</em></strong></span> <span class='ocrx_word' id='word_1_841' title='bbox 2613 2144 2756 2204; x_wconf 80' lang='grc' dir='ltr'><strong><em>ψευδῆ</em></strong></span> <span class='ocrx_word' id='word_1_842' title='bbox 2793 2164 2960 2208; x_wconf 84' lang='grc' dir='ltr'><strong><em>μαρτυ·</em></strong></span> 
     </span>
     <span class='ocr_line' id='line_1_111' title="bbox 1754 2218 1947 2246; baseline 0 0"><span class='ocrx_word' id='word_1_843' title='bbox 1754 2218 1947 2246; x_wconf 64' lang='lat' dir='ltr'>0112!va-</span> 
     </span>
     <span class='ocr_line' id='line_1_112' title="bbox 1674 2219 2485 2316; baseline -0.006 -11"><span class='ocrx_word' id='word_1_844' title='bbox 1674 2219 1752 2305; x_wconf 57' lang='lat' dir='ltr'>lif</span> <span class='ocrx_word' id='word_1_845' title='bbox 1779 2257 1895 2316; x_wconf 91' lang='lat' dir='ltr'>Imp.</span> <span class='ocrx_word' id='word_1_846' title='bbox 1935 2257 2057 2301; x_wconf 90' lang='lat' dir='ltr'>Zeno</span> <span class='ocrx_word' id='word_1_847' title='bbox 2087 2258 2138 2301; x_wconf 89' lang='lat' dir='ltr'>A.</span> <span class='ocrx_word' id='word_1_848' title='bbox 2170 2256 2369 2301; x_wconf 87' lang='lat' dir='ltr'>Arcadio</span> <span class='ocrx_word' id='word_1_849' title='bbox 2432 2272 2485 2315; x_wconf 87' lang='lat' dir='ltr'>p.</span> 
     </span>
     <span class='ocr_line' id='line_1_113' title="bbox 1617 2272 2444 2369; baseline -0.004 -10"><span class='ocrx_word' id='word_1_850' title='bbox 1617 2329 1718 2359; x_wconf 90' lang='lat' dir='ltr'>cum</span> <span class='ocrx_word' id='word_1_851' title='bbox 1756 2314 1892 2359; x_wconf 89' lang='lat' dir='ltr'>semel</span> <span class='ocrx_word' id='word_1_852' title='bbox 1931 2313 1989 2356; x_wconf 89' lang='lat' dir='ltr'>ad</span> <span class='ocrx_word' id='word_1_853' title='bbox 2026 2313 2216 2357; x_wconf 89' lang='lat' dir='ltr'>iudicem</span> <span class='ocrx_word' id='word_1_854' title='bbox 2255 2272 2444 2369; x_wconf 67' lang='grc' dir='ltr'>111161111ὶῖ</span> 
     </span>
     <span class='ocr_line' id='line_1_114' title="bbox 1616 2368 2962 2425; baseline 0.001 -11"><span class='ocrx_word' id='word_1_855' title='bbox 1616 2369 1793 2415; x_wconf 86' lang='lat' dir='ltr'>dicendi</span> <span class='ocrx_word' id='word_1_856' title='bbox 1829 2369 1975 2425; x_wconf 88' lang='lat' dir='ltr'>gratia</span> <span class='ocrx_word' id='word_1_857' title='bbox 2012 2368 2252 2413; x_wconf 87' lang='lat' dir='ltr'>testimonii</span> <span class='ocrx_word' id='word_1_858' title='bbox 2290 2368 2425 2413; x_wconf 88' lang='lat' dir='ltr'>fuerit</span> <span class='ocrx_word' id='word_1_859' title='bbox 2459 2369 2704 2425; x_wconf 85' lang='lat' dir='ltr'>ingressus,</span> <span class='ocrx_word' id='word_1_860' title='bbox 2745 2374 2962 2415; x_wconf 84' lang='lat' dir='ltr'>armatam</span> 
     </span>
    </p>
   </div>
   <div class='ocr_carea' id='block_1_13' title="bbox 2447 2257 2962 2370">
    <p class='ocr_par' dir='ltr' id='par_1_22' title="bbox 2447 2257 2962 2370">
     <span class='ocr_line' id='line_1_115' title="bbox 2553 2257 2961 2315; baseline 0.007 -14"><span class='ocrx_word' id='word_1_861' title='bbox 2553 2257 2736 2302; x_wconf 89' lang='lat' dir='ltr'>Nullum</span> <span class='ocrx_word' id='word_1_862' title='bbox 2768 2258 2961 2315; x_wconf 83' lang='lat' dir='ltr'>penitus,</span> 
     </span>
     <span class='ocr_line' id='line_1_116' title="bbox 2447 2312 2962 2370; baseline 0.008 -14"><span class='ocrx_word' id='word_1_863' title='bbox 2447 2317 2510 2368; x_wconf 88' lang='lat' dir='ltr'>et,</span> <span class='ocrx_word' id='word_1_864' title='bbox 2548 2312 2656 2358; x_wconf 87' lang='lat' dir='ltr'>licet</span> <span class='ocrx_word' id='word_1_865' title='bbox 2692 2326 2783 2358; x_wconf 90' lang='lat' dir='ltr'>non</span> <span class='ocrx_word' id='word_1_866' title='bbox 2818 2326 2962 2370; x_wconf 88' lang='lat' dir='ltr'>suum,</span> 
     </span>
    </p>
   </div>
   <div class='ocr_carea' id='block_1_14' title="bbox 1614 2424 3076 2483">
    <p class='ocr_par' dir='ltr' id='par_1_23' title="bbox 1614 2424 3076 2483">
     <span class='ocr_line' id='line_1_117' title="bbox 1614 2424 3076 2483; baseline 0 -12"><span class='ocrx_word' id='word_1_867' title='bbox 1614 2427 1732 2471; x_wconf 92' lang='lat' dir='ltr'>forte</span> <span class='ocrx_word' id='word_1_868' title='bbox 1760 2425 1960 2469; x_wconf 87' lang='lat' dir='ltr'>militiam</span> <span class='ocrx_word' id='word_1_869' title='bbox 1988 2425 2056 2468; x_wconf 87' lang='lat' dir='ltr'>vel</span> <span class='ocrx_word' id='word_1_870' title='bbox 2085 2424 2327 2481; x_wconf 89' lang='lat' dir='ltr'>quamlibet</span> <span class='ocrx_word' id='word_1_871' title='bbox 2354 2425 2487 2469; x_wconf 90' lang='lat' dir='ltr'>aliam</span> <span class='ocrx_word' id='word_1_872' title='bbox 2521 2425 2609 2470; x_wconf 84' lang='lat' dir='ltr'>fori</span> <span class='ocrx_word' id='word_1_873' title='bbox 2645 2426 2961 2483; x_wconf 86' lang='lat' dir='ltr'>praescriptio·</span> <span class='ocrx_word' id='word_1_874' title='bbox 3042 2448 3076 2463; x_wconf 74' lang='lat'>.-</span> 
     </span>
    </p>
   </div>
   <div class='ocr_carea' id='block_1_15' title="bbox 1616 2481 2964 2987">
    <p class='ocr_par' dir='ltr' id='par_1_24' title="bbox 1616 2481 2964 2987">
     <span class='ocr_line' id='line_1_118' title="bbox 1617 2481 2962 2538; baseline 0.001 -11"><span class='ocrx_word' id='word_1_875' title='bbox 1617 2496 1716 2527; x_wconf 89' lang='lat' dir='ltr'>nem</span> <span class='ocrx_word' id='word_1_876' title='bbox 1751 2482 1809 2526; x_wconf 88' lang='lat' dir='ltr'>ad</span> <span class='ocrx_word' id='word_1_877' title='bbox 1848 2481 2123 2526; x_wconf 86' lang='lat' dir='ltr'>evadendum</span> <span class='ocrx_word' id='word_1_878' title='bbox 2160 2481 2321 2525; x_wconf 90' lang='lat' dir='ltr'>iudicis</span> <span class='ocrx_word' id='word_1_879' title='bbox 2352 2486 2542 2535; x_wconf 89' lang='lat' dir='ltr'>motum,</span> <span class='ocrx_word' id='word_1_880' title='bbox 2583 2495 2713 2538; x_wconf 87' lang='lat' dir='ltr'>quem</span> <span class='ocrx_word' id='word_1_881' title='bbox 2740 2482 2809 2527; x_wconf 86' lang='lat' dir='ltr'>vel</span> <span class='ocrx_word' id='word_1_882' title='bbox 2836 2482 2962 2529; x_wconf 80' lang='lat' dir='ltr'>testi-</span> 
     </span>
     <span class='ocr_line' id='line_1_119' title="bbox 1616 2536 2962 2596; baseline 0.001 -13"><span class='ocrx_word' id='word_1_883' title='bbox 1616 2538 1751 2582; x_wconf 91' lang='lat' dir='ltr'>monii</span> <span class='ocrx_word' id='word_1_884' title='bbox 1787 2539 2021 2583; x_wconf 88' lang='lat' dir='ltr'>verborum</span> <span class='ocrx_word' id='word_1_885' title='bbox 2058 2536 2118 2580; x_wconf 92' lang='lat' dir='ltr'>im</span> <span class='ocrx_word' id='word_1_886' title='bbox 2151 2538 2317 2581; x_wconf 90' lang='lat' dir='ltr'>robitas</span> <span class='ocrx_word' id='word_1_887' title='bbox 2346 2537 2415 2582; x_wconf 88' lang='lat' dir='ltr'>vel</span> <span class='ocrx_word' id='word_1_888' title='bbox 2454 2538 2521 2581; x_wconf 86' lang='lat' dir='ltr'>rei</span> <span class='ocrx_word' id='word_1_889' title='bbox 2560 2538 2751 2594; x_wconf 83' lang='lat' dir='ltr'>qualitas</span> <span class='ocrx_word' id='word_1_890' title='bbox 2788 2537 2962 2596; x_wconf 75' lang='lat' dir='ltr'>flagita-</span> 
     </span>
     <span class='ocr_line' id='line_1_120' title="bbox 1616 2593 2963 2654; baseline 0.001 -15"><span class='ocrx_word' id='word_1_891' title='bbox 1616 2595 1740 2647; x_wconf 87' lang='lat' dir='ltr'>verit,</span> <span class='ocrx_word' id='word_1_892' title='bbox 1770 2606 1905 2654; x_wconf 68' lang='lat' dir='ltr'>posse</span> <span class='ocrx_word' id='word_1_893' title='bbox 1933 2597 2118 2649; x_wconf 87' lang='lat' dir='ltr'>praeten</span> <span class='ocrx_word' id='word_1_894' title='bbox 2149 2605 2224 2637; x_wconf 90' lang='lat' dir='ltr'>ere</span> <span class='ocrx_word' id='word_1_895' title='bbox 2246 2593 2557 2649; x_wconf 86' lang='lat' dir='ltr'>praecipimus,</span> <span class='ocrx_word' id='word_1_896' title='bbox 2588 2594 2667 2639; x_wconf 87' lang='lat' dir='ltr'>sed</span> <span class='ocrx_word' id='word_1_897' title='bbox 2691 2607 2856 2650; x_wconf 85' lang='lat' dir='ltr'>omnes,</span> <span class='ocrx_word' id='word_1_898' title='bbox 2887 2595 2963 2652; x_wconf 89' lang='lat' dir='ltr'>qui</span> 
     </span>
     <span class='ocr_line' id='line_1_121' title="bbox 1616 2650 2961 2705; baseline 0.001 -11"><span class='ocrx_word' id='word_1_899' title='bbox 1616 2651 1663 2695; x_wconf 89' lang='lat' dir='ltr'>in</span> <span class='ocrx_word' id='word_1_900' title='bbox 1694 2651 1812 2694; x_wconf 87' lang='lat' dir='ltr'>civili</span> <span class='ocrx_word' id='word_1_901' title='bbox 1840 2650 2011 2695; x_wconf 83' lang='lat' dir='ltr'>scilicet</span> <span class='ocrx_word' id='word_1_902' title='bbox 2039 2662 2176 2693; x_wconf 86' lang='lat' dir='ltr'>causa</span> <span class='ocrx_word' id='word_1_903' title='bbox 2205 2663 2335 2693; x_wconf 87' lang='lat' dir='ltr'>suum</span> <span class='ocrx_word' id='word_1_904' title='bbox 2362 2650 2609 2704; x_wconf 89' lang='lat' dir='ltr'>praebeant</span> <span class='ocrx_word' id='word_1_905' title='bbox 2646 2651 2961 2705; x_wconf 85' lang='lat' dir='ltr'>testimonium,</span> 
     </span>
     <span class='ocr_line' id='line_1_122' title="bbox 1618 2705 2962 2764; baseline 0.002 -14"><span class='ocrx_word' id='word_1_906' title='bbox 1618 2711 1824 2762; x_wconf 86' lang='lat' dir='ltr'>separato</span> <span class='ocrx_word' id='word_1_907' title='bbox 1855 2710 1901 2750; x_wconf 89' lang='lat' dir='ltr'>et</span> <span class='ocrx_word' id='word_1_908' title='bbox 1929 2711 2153 2760; x_wconf 85' lang='lat' dir='ltr'>tamquam</span> <span class='ocrx_word' id='word_1_909' title='bbox 2180 2709 2286 2748; x_wconf 84' lang='lat' dir='ltr'>ante</span> <span class='ocrx_word' id='word_1_910' title='bbox 2314 2705 2523 2749; x_wconf 88' lang='lat' dir='ltr'>iudicium</span> <span class='ocrx_word' id='word_1_911' title='bbox 2554 2706 2731 2751; x_wconf 83' lang='lat' dir='ltr'>interim</span> <span class='ocrx_word' id='word_1_912' title='bbox 2760 2707 2962 2764; x_wconf 87' lang='lat' dir='ltr'>deposito</span> 
     </span>
     <span class='ocr_line' id='line_1_123' title="bbox 1618 2760 2962 2819; baseline 0.001 -13"><span class='ocrx_word' id='word_1_913' title='bbox 1618 2762 1890 2817; x_wconf 84' lang='lat' dir='ltr'>exceptionis</span> <span class='ocrx_word' id='word_1_914' title='bbox 1918 2761 2005 2805; x_wconf 89' lang='lat' dir='ltr'>fori</span> <span class='ocrx_word' id='word_1_915' title='bbox 2033 2761 2260 2816; x_wconf 83' lang='lat' dir='ltr'>privilegio</span> <span class='ocrx_word' id='word_1_916' title='bbox 2297 2760 2548 2805; x_wconf 89' lang='lat' dir='ltr'>huiusmodi</span> <span class='ocrx_word' id='word_1_917' title='bbox 2575 2762 2795 2819; x_wconf 87' lang='lat' dir='ltr'>praesidio</span> <span class='ocrx_word' id='word_1_918' title='bbox 2825 2763 2962 2808; x_wconf 58' lang='lat' dir='ltr'>denua</span> 
     </span>
     <span class='ocr_line' id='line_1_124' title="bbox 1618 2816 2962 2876; baseline 0.002 -15"><span class='ocrx_word' id='word_1_919' title='bbox 1618 2819 1761 2873; x_wconf 88' lang='lat' dir='ltr'>datos,</span> <span class='ocrx_word' id='word_1_920' title='bbox 1791 2819 1855 2860; x_wconf 90' lang='lat' dir='ltr'>ita</span> <span class='ocrx_word' id='word_1_921' title='bbox 1882 2817 2120 2861; x_wconf 87' lang='lat' dir='ltr'>iudicantis</span> <span class='ocrx_word' id='word_1_922' title='bbox 2149 2816 2319 2860; x_wconf 89' lang='lat' dir='ltr'>intrare</span> <span class='ocrx_word' id='word_1_923' title='bbox 2348 2822 2587 2870; x_wconf 88' lang='lat' dir='ltr'>secretum,</span> <span class='ocrx_word' id='word_1_924' title='bbox 2626 2823 2691 2872; x_wconf 86' lang='lat' dir='ltr'>ut,</span> <span class='ocrx_word' id='word_1_925' title='bbox 2720 2819 2962 2876; x_wconf 85' lang='lat' dir='ltr'>quodcum·</span> 
     </span>
     <span class='ocr_line' id='line_1_125' title="bbox 1619 2872 2964 2929; baseline 0.002 -12"><span class='ocrx_word' id='word_1_926' title='bbox 1619 2886 1702 2929; x_wconf 90' lang='lat' dir='ltr'>que</span> <span class='ocrx_word' id='word_1_927' title='bbox 1746 2886 1875 2917; x_wconf 86' lang='lat' dir='ltr'>aures</span> <span class='ocrx_word' id='word_1_928' title='bbox 1921 2873 2015 2916; x_wconf 87' lang='lat' dir='ltr'>eius</span> <span class='ocrx_word' id='word_1_929' title='bbox 2057 2872 2290 2916; x_wconf 86' lang='lat' dir='ltr'>offenderit</span> <span class='ocrx_word' id='word_1_930' title='bbox 2303 2874 2354 2926; x_wconf 82' lang='lat'>²⁰,</span> <span class='ocrx_word' id='word_1_931' title='bbox 2409 2885 2498 2916; x_wconf 93' lang='lat' dir='ltr'>non</span> <span class='ocrx_word' id='word_1_932' title='bbox 2541 2873 2744 2918; x_wconf 91' lang='lat' dir='ltr'>dubitent</span> <span class='ocrx_word' id='word_1_933' title='bbox 2787 2875 2964 2920; x_wconf 88' lang='lat' dir='ltr'>sibimet</span> 
     </span>
     <span class='ocr_line' id='line_1_126' title="bbox 1616 2927 2961 2987; baseline 0.003 -15"><span class='ocrx_word' id='word_1_934' title='bbox 1616 2929 1964 2974; x_wconf 85' lang='lat' dir='ltr'>formidandum:</span> <span class='ocrx_word' id='word_1_935' title='bbox 2020 2928 2125 2971; x_wconf 88' lang='lat' dir='ltr'>data</span> <span class='ocrx_word' id='word_1_936' title='bbox 2181 2928 2351 2971; x_wconf 89' lang='lat' dir='ltr'>cunctis</span> <span class='ocrx_word' id='word_1_937' title='bbox 2394 2927 2615 2973; x_wconf 89' lang='lat' dir='ltr'>iudicibus</span> <span class='ocrx_word' id='word_1_938' title='bbox 2660 2931 2829 2987; x_wconf 87' lang='lat' dir='ltr'>absque</span> <span class='ocrx_word' id='word_1_939' title='bbox 2870 2931 2961 2976; x_wconf 92' lang='lat' dir='ltr'>ullo</span> 
     </span>
    </p>
   </div>
   <div class='ocr_carea' id='block_1_16' title="bbox 1617 2983 3037 3041">
    <p class='ocr_par' dir='ltr' id='par_1_25' title="bbox 1617 2983 3037 3041">
     <span class='ocr_line' id='line_1_127' title="bbox 1617 2983 3037 3041; baseline 0.002 -13"><span class='ocrx_word' id='word_1_940' title='bbox 1617 2984 1977 3041; x_wconf 89' lang='lat' dir='ltr'>praescriptionis</span> <span class='ocrx_word' id='word_1_941' title='bbox 2023 2984 2255 3028; x_wconf 87' lang='lat' dir='ltr'>obstaculo</span> <span class='ocrx_word' id='word_1_942' title='bbox 2300 2983 2434 3035; x_wconf 87' lang='lat' dir='ltr'>(sicut</span> <span class='ocrx_word' id='word_1_943' title='bbox 2483 2997 2616 3040; x_wconf 89' lang='lat' dir='ltr'>saepe</span> <span class='ocrx_word' id='word_1_944' title='bbox 2669 2985 2835 3030; x_wconf 88' lang='lat' dir='ltr'>dictum</span> <span class='ocrx_word' id='word_1_945' title='bbox 2878 2990 2961 3040; x_wconf 84' lang='lat' dir='ltr'>est)</span> <span class='ocrx_word' id='word_1_946' title='bbox 3035 3000 3037 3002; x_wconf 88' lang='lat'>·</span> 
     </span>
    </p>
   </div>
   <div class='ocr_carea' id='block_1_17' title="bbox 1615 3039 2962 3267">
    <p class='ocr_par' dir='ltr' id='par_1_26' title="bbox 1615 3039 2962 3267">
     <span class='ocr_line' id='line_1_128' title="bbox 1617 3039 2962 3106; baseline 0.001 -21"><span class='ocrx_word' id='word_1_947' title='bbox 1617 3045 1769 3094; x_wconf 88' lang='lat' dir='ltr'>testes,</span> <span class='ocrx_word' id='word_1_948' title='bbox 1812 3054 1997 3095; x_wconf 92' lang='lat' dir='ltr'>quorum</span> <span class='ocrx_word' id='word_1_949' title='bbox 2024 3052 2155 3084; x_wconf 85' lang='lat' dir='ltr'>voces</span> <span class='ocrx_word' id='word_1_950' title='bbox 2183 3039 2384 3106; x_wconf 74' lang='lat' dir='ltr'>falsitate</span> <span class='ocrx_word' id='word_1_951' title='bbox 2407 3040 2476 3105; x_wconf 76' lang='lat' dir='ltr'>vel</span> <span class='ocrx_word' id='word_1_952' title='bbox 2505 3039 2662 3085; x_wconf 84' lang='lat' dir='ltr'>fraude</span> <span class='ocrx_word' id='word_1_953' title='bbox 2689 3054 2782 3086; x_wconf 89' lang='lat' dir='ltr'>non</span> <span class='ocrx_word' id='word_1_954' title='bbox 2811 3054 2962 3087; x_wconf 86' lang='lat' dir='ltr'>carere</span> 
     </span>
     <span class='ocr_line' id='line_1_129' title="bbox 1616 3095 2962 3199; baseline 0.002 -3"><span class='ocrx_word' id='word_1_955' title='bbox 1616 3096 1943 3163; x_wconf 54' lang='lat' dir='ltr'>W...</span> <span class='ocrx_word' id='word_1_956' title='bbox 1982 3109 2064 3161; x_wconf 51' lang='grc' dir='ltr'>ΡΝ</span> <span class='ocrx_word' id='word_1_957' title='bbox 2104 3095 2962 3199; x_wconf 49' lang='grc' dir='ltr'>626181ᾱ1626161.666;</span> 
     </span>
     <span class='ocr_line' id='line_1_130' title="bbox 1615 3153 2960 3267; baseline 0.001 -14"><span class='ocrx_word' id='word_1_958' title='bbox 1615 3153 1827 3267; x_wconf 50' lang='grc' dir='ltr'>ῗέἷιῗέῗο</span> <span class='ocrx_word' id='word_1_959' title='bbox 1848 3153 2040 3253; x_wconf 38' lang='lat' dir='ltr'>{agna</span> <span class='ocrx_word' id='word_1_960' title='bbox 2165 3186 2175 3196; x_wconf 80' lang='grc'><strong>”</strong></span> <span class='ocrx_word' id='word_1_961' title='bbox 2375 3186 2384 3195; x_wconf 79' lang='grc'><strong><em>’</em></strong></span> <span class='ocrx_word' id='word_1_962' title='bbox 2517 3187 2526 3196; x_wconf 82' lang='grc'><strong>’</strong></span> <span class='ocrx_word' id='word_1_963' title='bbox 2773 3213 2830 3264; x_wconf 86' lang='lat' dir='ltr'>[a.</span> <span class='ocrx_word' id='word_1_964' title='bbox 2862 3169 2960 3261; x_wconf 60' lang='lat'>{²86}</span> 
     </span>
    </p>
   </div>
   <div class='ocr_carea' id='block_1_18' title="bbox 1615 3349 2962 4185">
    <p class='ocr_par' dir='ltr' id='par_1_27' title="bbox 1615 3349 2962 4185">
     <span class='ocr_line' id='line_1_131' title="bbox 1615 3349 2955 3404; baseline -0.001 -13"><span class='ocrx_word' id='word_1_965' title='bbox 1615 3351 1740 3392; x_wconf 86' lang='lat' dir='ltr'>bunis</span> <span class='ocrx_word' id='word_1_966' title='bbox 1767 3349 1899 3404; x_wconf 79' lang='lat' dir='ltr'>plebis</span> <span class='ocrx_word' id='word_1_967' title='bbox 1926 3349 2091 3390; x_wconf 83' lang='lat' dir='ltr'>senatui</span> <span class='ocrx_word' id='word_1_968' title='bbox 2120 3362 2194 3390; x_wconf 83' lang='lat' dir='ltr'>suo</span> <span class='ocrx_word' id='word_1_969' title='bbox 2223 3349 2398 3390; x_wconf 82' lang='lat' dir='ltr'>salutem</span> <span class='ocrx_word' id='word_1_970' title='bbox 2428 3349 2574 3390; x_wconf 87' lang='lat' dir='ltr'>dicunt</span> <span class='ocrx_word' id='word_1_971' title='bbox 2658 3352 2737 3403; x_wconf 87' lang='grc'>(19)</span> <span class='ocrx_word' id='word_1_972' title='bbox 2760 3373 2816 3389; x_wconf 79' lang='lat'>==</span> <span class='ocrx_word' id='word_1_973' title='bbox 2833 3352 2955 3402; x_wconf 81' lang='lat' dir='ltr'>B21,</span> 
     </span>
     <span class='ocr_line' id='line_1_132' title="bbox 1618 3402 2962 3504; baseline -0.006 -55"><span class='ocrx_word' id='word_1_974' title='bbox 1618 3417 1648 3460; x_wconf 90' lang='grc'>1,</span> <span class='ocrx_word' id='word_1_975' title='bbox 1664 3416 1727 3449; x_wconf 81' lang='lat'>37:</span> <span class='ocrx_word' id='word_1_976' title='bbox 1757 3406 1946 3473; x_wconf 72' lang='lat' dir='ltr'>Anatolii</span> <span class='ocrx_word' id='word_1_977' title='bbox 1972 3406 2093 3447; x_wconf 74' lang='lat' dir='ltr'>indeae</span> <span class='ocrx_word' id='word_1_978' title='bbox 2121 3406 2238 3470; x_wconf 54' lang='grc' dir='ltr'>(ΒΣ)</span> <span class='ocrx_word' id='word_1_979' title='bbox 2268 3407 2332 3447; x_wconf 77' lang='lat' dir='ltr'>hic</span> <span class='ocrx_word' id='word_1_980' title='bbox 2362 3415 2438 3447; x_wconf 80' lang='lat' dir='ltr'>est:</span> <span class='ocrx_word' id='word_1_981' title='bbox 2478 3402 2847 3504; x_wconf 54' lang='lat' dir='ltr'>alacfoyoafflac</span> <span class='ocrx_word' id='word_1_982' title='bbox 2871 3411 2962 3478; x_wconf 57' lang='lat' dir='ltr'><strong>‚gef-</strong></span> 
     </span>
     <span class='ocr_line' id='line_1_133' title="bbox 1615 3457 2962 3575; baseline 0.001 -14"><span class='ocrx_word' id='word_1_983' title='bbox 1615 3476 1846 3561; x_wconf 51' lang='grc' dir='ltr'>ἷὲντέἑτῖἷ</span> <span class='ocrx_word' id='word_1_984' title='bbox 1875 3457 2865 3575; x_wconf 29' lang='lat' dir='ltr'>tzffgtg-‚ffl&#39;wsstfflaeditissimi}</span> <span class='ocrx_word' id='word_1_985' title='bbox 2900 3473 2962 3575; x_wconf 65' lang='lat'>1532</span> 
     </span>
     <span class='ocr_line' id='line_1_134' title="bbox 1618 3567 2960 3640; baseline 0.001 -25"><span class='ocrx_word' id='word_1_986' title='bbox 1618 3573 1905 3640; x_wconf 79' lang='grc' dir='ltr'><strong><em>ἐπεξέρχηται</em></strong></span> <span class='ocrx_word' id='word_1_987' title='bbox 1948 3568 2049 3614; x_wconf 79' lang='grc' dir='ltr'><strong><em>κατ’</em></strong></span> <span class='ocrx_word' id='word_1_988' title='bbox 2095 3567 2243 3624; x_wconf 73' lang='grc' dir='ltr'><strong><em>αὐτόν,</em></strong></span> <span class='ocrx_word' id='word_1_989' title='bbox 2287 3567 2312 3614; x_wconf 81' lang='grc' dir='ltr'>ὁ</span> <span class='ocrx_word' id='word_1_990' title='bbox 2353 3569 2580 3625; x_wconf 83' lang='grc' dir='ltr'><strong><em>δικαστὴς,</em></strong></span> <span class='ocrx_word' id='word_1_991' title='bbox 2621 3572 2660 3614; x_wconf 87' lang='grc' dir='ltr'>εἰ</span> <span class='ocrx_word' id='word_1_992' title='bbox 2688 3570 2859 3616; x_wconf 76' lang='grc' dir='ltr'><strong><em>συνίδοι</em></strong></span> <span class='ocrx_word' id='word_1_993' title='bbox 2885 3577 2960 3617; x_wconf 76' lang='grc' dir='ltr'><strong><em>καὶ</em></strong></span> 
     </span>
     <span class='ocr_line' id='line_1_135' title="bbox 1617 3622 2957 3689; baseline 0.003 -18"><span class='ocrx_word' id='word_1_994' title='bbox 1617 3628 1674 3671; x_wconf 81' lang='grc' dir='ltr'><strong><em>τὰ</em></strong></span> <span class='ocrx_word' id='word_1_995' title='bbox 1710 3642 1787 3682; x_wconf 87' lang='grc' dir='ltr'><strong><em>της</em></strong></span> <span class='ocrx_word' id='word_1_996' title='bbox 1826 3625 1947 3681; x_wconf 78' lang='grc' dir='ltr'><strong><em>δίκης</em></strong></span> <span class='ocrx_word' id='word_1_997' title='bbox 1982 3625 2287 3683; x_wconf 81' lang='grc' dir='ltr'><strong><em>δαπανήματα</em></strong></span> <span class='ocrx_word' id='word_1_998' title='bbox 2327 3623 2386 3669; x_wconf 73' lang='grc' dir='ltr'>ὥς</span> <span class='ocrx_word' id='word_1_999' title='bbox 2423 3628 2490 3681; x_wconf 76' lang='grc' dir='ltr'><strong><em>τῷ</em></strong></span> <span class='ocrx_word' id='word_1_1000' title='bbox 2534 3622 2800 3682; x_wconf 74' lang='grc' dir='ltr'><strong><em>ἀδικηθέντι</em></strong></span> <span class='ocrx_word' id='word_1_1001' title='bbox 2841 3628 2957 3689; x_wconf 80' lang='grc' dir='ltr'><strong><em>παρ’</em></strong></span> 
     </span>
     <span class='ocr_line' id='line_1_136' title="bbox 1618 3679 2959 3738; baseline 0.001 -11"><span class='ocrx_word' id='word_1_1002' title='bbox 1618 3681 1755 3728; x_wconf 76' lang='grc' dir='ltr'><strong><em>αὐτοῦ</em></strong></span> <span class='ocrx_word' id='word_1_1003' title='bbox 1785 3681 1996 3738; x_wconf 80' lang='grc' dir='ltr'><strong><em>δοθῆναι,</em></strong></span> <span class='ocrx_word' id='word_1_1004' title='bbox 2036 3686 2111 3726; x_wconf 81' lang='grc' dir='ltr'><strong><em>καὶ</em></strong></span> <span class='ocrx_word' id='word_1_1005' title='bbox 2139 3684 2272 3726; x_wconf 83' lang='grc' dir='ltr'><strong><em>τοῦτο</em></strong></span> <span class='ocrx_word' id='word_1_1006' title='bbox 2301 3679 2498 3737; x_wconf 82' lang='grc' dir='ltr'><strong><em>ποιήσει·</em></strong></span> <span class='ocrx_word' id='word_1_1007' title='bbox 2533 3679 2723 3727; x_wconf 85' lang='grc' dir='ltr'><strong><em>πάντων</em></strong></span> <span class='ocrx_word' id='word_1_1008' title='bbox 2750 3685 2849 3728; x_wconf 79' lang='grc' dir='ltr'>τῶν</span> <span class='ocrx_word' id='word_1_1009' title='bbox 2876 3681 2959 3731; x_wconf 82' lang='grc' dir='ltr'>πά-</span> 
     </span>
     <span class='ocr_line' id='line_1_137' title="bbox 1619 3735 2959 3796; baseline 0.001 -12"><span class='ocrx_word' id='word_1_1010' title='bbox 1619 3739 1691 3784; x_wconf 88' lang='grc' dir='ltr'><strong><em>λαι</em></strong></span> <span class='ocrx_word' id='word_1_1011' title='bbox 1733 3739 2163 3796; x_wconf 81' lang='grc' dir='ltr'><strong><em>νενομοθετημένων</em></strong></span> <span class='ocrx_word' id='word_1_1012' title='bbox 2201 3741 2304 3795; x_wconf 80' lang='grc' dir='ltr'><strong><em>περὶ</em></strong></span> <span class='ocrx_word' id='word_1_1013' title='bbox 2342 3735 2521 3781; x_wconf 78' lang='grc' dir='ltr'><strong><em>τούτων</em></strong></span> <span class='ocrx_word' id='word_1_1014' title='bbox 2558 3743 2761 3795; x_wconf 84' lang='grc' dir='ltr'><strong><em>βεβαίων</em></strong></span> <span class='ocrx_word' id='word_1_1015' title='bbox 2801 3737 2959 3788; x_wconf 77' lang='grc' dir='ltr'><strong><em>μενόν-</em></strong></span> 
     </span>
     <span class='ocr_line' id='line_1_138' title="bbox 1617 3795 2959 3850; baseline 0 -10"><span class='ocrx_word' id='word_1_1016' title='bbox 1617 3813 1715 3840; x_wconf 86' lang='grc' dir='ltr'>των</span> <span class='ocrx_word' id='word_1_1017' title='bbox 1752 3798 1816 3850; x_wconf 83' lang='lat' dir='ltr'>(id</span> <span class='ocrx_word' id='word_1_1018' title='bbox 1842 3806 1902 3839; x_wconf 79' lang='lat' dir='ltr'>est</span> <span class='ocrx_word' id='word_1_1019' title='bbox 1938 3797 2012 3849; x_wconf 89' lang='lat' dir='ltr'>qui</span> <span class='ocrx_word' id='word_1_1020' title='bbox 2047 3795 2197 3836; x_wconf 78' lang='lat' dir='ltr'>falsum</span> <span class='ocrx_word' id='word_1_1021' title='bbox 2230 3796 2513 3837; x_wconf 84' lang='lat' dir='ltr'>testimonium</span> <span class='ocrx_word' id='word_1_1022' title='bbox 2541 3797 2694 3850; x_wconf 86' lang='lat' dir='ltr'>ferunt,</span> <span class='ocrx_word' id='word_1_1023' title='bbox 2733 3797 2828 3839; x_wconf 81' lang='lat' dir='ltr'>falsi</span> <span class='ocrx_word' id='word_1_1024' title='bbox 2861 3811 2959 3840; x_wconf 86' lang='lat' dir='ltr'>oon-</span> 
     </span>
     <span class='ocr_line' id='line_1_139' title="bbox 1618 3851 2958 3907; baseline 0.001 -13"><span class='ocrx_word' id='word_1_1025' title='bbox 1618 3853 1877 3895; x_wconf 71' lang='lat' dir='ltr'>damnantur.</span> <span class='ocrx_word' id='word_1_1026' title='bbox 1951 3851 2129 3893; x_wconf 83' lang='lat' dir='ltr'>iurando</span> <span class='ocrx_word' id='word_1_1027' title='bbox 2167 3855 2305 3893; x_wconf 83' lang='lat' dir='ltr'>autem</span> <span class='ocrx_word' id='word_1_1028' title='bbox 2344 3852 2467 3899; x_wconf 82' lang='lat' dir='ltr'>etiam</span> <span class='ocrx_word' id='word_1_1029' title='bbox 2504 3852 2550 3892; x_wconf 89' lang='lat' dir='ltr'>in</span> <span class='ocrx_word' id='word_1_1030' title='bbox 2590 3865 2743 3894; x_wconf 90' lang='lat' dir='ltr'>numen</span> <span class='ocrx_word' id='word_1_1031' title='bbox 2774 3857 2958 3907; x_wconf 80' lang='lat' dir='ltr'>peccant.</span> 
     </span>
     <span class='ocr_line' id='line_1_140' title="bbox 1616 3906 2958 3961; baseline -0.001 -11"><span class='ocrx_word' id='word_1_1032' title='bbox 1616 3909 1717 3951; x_wconf 88' lang='lat' dir='ltr'>licet</span> <span class='ocrx_word' id='word_1_1033' title='bbox 1744 3912 1882 3949; x_wconf 88' lang='lat' dir='ltr'>tamen</span> <span class='ocrx_word' id='word_1_1034' title='bbox 1911 3908 1947 3949; x_wconf 79' lang='lat' dir='ltr'>is</span> <span class='ocrx_word' id='word_1_1035' title='bbox 1976 3908 2050 3961; x_wconf 88' lang='lat' dir='ltr'>qui</span> <span class='ocrx_word' id='word_1_1036' title='bbox 2078 3908 2277 3949; x_wconf 87' lang='lat' dir='ltr'>iniuriam</span> <span class='ocrx_word' id='word_1_1037' title='bbox 2301 3920 2443 3961; x_wconf 79' lang='lat' dir='ltr'>passus</span> <span class='ocrx_word' id='word_1_1038' title='bbox 2465 3910 2524 3949; x_wconf 86' lang='lat' dir='ltr'>est</span> <span class='ocrx_word' id='word_1_1039' title='bbox 2543 3906 2737 3949; x_wconf 76' lang='lat' dir='ltr'>adversus</span> <span class='ocrx_word' id='word_1_1040' title='bbox 2759 3922 2852 3951; x_wconf 83' lang='lat' dir='ltr'>eum</span> <span class='ocrx_word' id='word_1_1041' title='bbox 2873 3921 2958 3950; x_wconf 87' lang='lat' dir='ltr'>non</span> 
     </span>
     <span class='ocr_line' id='line_1_141' title="bbox 1617 3962 2958 4018; baseline 0.001 -13"><span class='ocrx_word' id='word_1_1042' title='bbox 1617 3967 1726 4017; x_wconf 86' lang='lat' dir='ltr'>agat,</span> <span class='ocrx_word' id='word_1_1043' title='bbox 1748 3963 1887 4017; x_wconf 85' lang='lat' dir='ltr'>iudex,</span> <span class='ocrx_word' id='word_1_1044' title='bbox 1909 3964 1944 4004; x_wconf 84' lang='lat' dir='ltr'>si</span> <span class='ocrx_word' id='word_1_1045' title='bbox 1970 3976 2147 4016; x_wconf 84' lang='lat' dir='ltr'>aequum</span> <span class='ocrx_word' id='word_1_1046' title='bbox 2170 3963 2209 4005; x_wconf 87' lang='lat' dir='ltr'>ei</span> <span class='ocrx_word' id='word_1_1047' title='bbox 2222 3963 2432 4005; x_wconf 83' lang='lat' dir='ltr'>videbitur</span> <span class='ocrx_word' id='word_1_1048' title='bbox 2452 3963 2575 4005; x_wconf 82' lang='lat' dir='ltr'>etiam</span> <span class='ocrx_word' id='word_1_1049' title='bbox 2591 3962 2680 4004; x_wconf 77' lang='lat' dir='ltr'>litis</span> <span class='ocrx_word' id='word_1_1050' title='bbox 2693 3966 2878 4018; x_wconf 78' lang='lat' dir='ltr'>sumptus</span> <span class='ocrx_word' id='word_1_1051' title='bbox 2890 3963 2958 4006; x_wconf 81' lang='lat' dir='ltr'>illi</span> 
     </span>
     <span class='ocr_line' id='line_1_142' title="bbox 1617 4019 2958 4073; baseline -0.001 -12"><span class='ocrx_word' id='word_1_1052' title='bbox 1617 4021 1668 4061; x_wconf 89' lang='lat' dir='ltr'>ab</span> <span class='ocrx_word' id='word_1_1053' title='bbox 1698 4033 1745 4061; x_wconf 90' lang='grc'>60</span> <span class='ocrx_word' id='word_1_1054' title='bbox 1773 4020 1993 4073; x_wconf 77' lang='lat' dir='ltr'>praestari,</span> <span class='ocrx_word' id='word_1_1055' title='bbox 2022 4019 2146 4061; x_wconf 84' lang='lat' dir='ltr'>etiam</span> <span class='ocrx_word' id='word_1_1056' title='bbox 2173 4019 2252 4060; x_wconf 90' lang='lat' dir='ltr'>hoc</span> <span class='ocrx_word' id='word_1_1057' title='bbox 2281 4019 2422 4061; x_wconf 86' lang='lat' dir='ltr'>faciet:</span> <span class='ocrx_word' id='word_1_1058' title='bbox 2463 4019 2653 4061; x_wconf 80' lang='lat' dir='ltr'>omnibus</span> <span class='ocrx_word' id='word_1_1059' title='bbox 2681 4032 2786 4073; x_wconf 80' lang='lat' dir='ltr'>quae</span> <span class='ocrx_word' id='word_1_1060' title='bbox 2814 4019 2864 4062; x_wconf 80' lang='lat' dir='ltr'>de</span> <span class='ocrx_word' id='word_1_1061' title='bbox 2891 4020 2958 4060; x_wconf 76' lang='lat' dir='ltr'>his</span> 
     </span>
     <span class='ocr_line' id='line_1_143' title="bbox 1617 4074 2956 4128; baseline -0.001 -10"><span class='ocrx_word' id='word_1_1062' title='bbox 1617 4076 1718 4118; x_wconf 86' lang='lat' dir='ltr'>olim</span> <span class='ocrx_word' id='word_1_1063' title='bbox 1744 4074 1830 4116; x_wconf 84' lang='lat' dir='ltr'>lata</span> <span class='ocrx_word' id='word_1_1064' title='bbox 1858 4078 1956 4116; x_wconf 87' lang='lat' dir='ltr'>sunt</span> <span class='ocrx_word' id='word_1_1065' title='bbox 1984 4076 2030 4116; x_wconf 87' lang='lat' dir='ltr'>in</span> <span class='ocrx_word' id='word_1_1066' title='bbox 2059 4075 2202 4128; x_wconf 85' lang='lat' dir='ltr'>vigore</span> <span class='ocrx_word' id='word_1_1067' title='bbox 2229 4075 2509 4127; x_wconf 79' lang='lat' dir='ltr'>manentibus)</span> <span class='ocrx_word' id='word_1_1068' title='bbox 2604 4074 2686 4128; x_wconf 86' lang='grc' dir='ltr'>(2ο)</span> <span class='ocrx_word' id='word_1_1069' title='bbox 2714 4077 2774 4117; x_wconf 78' lang='lat' dir='ltr'>sic</span> <span class='ocrx_word' id='word_1_1070' title='bbox 2802 4076 2956 4128; x_wconf 69' lang='lat' dir='ltr'>AP‘C,</span> 
     </span>
     <span class='ocr_line' id='line_1_144' title="bbox 1617 4129 2790 4185; baseline 0 -13"><span class='ocrx_word' id='word_1_1071' title='bbox 1617 4132 1865 4184; x_wconf 82' lang='lat' dir='ltr'>quicumque</span> <span class='ocrx_word' id='word_1_1072' title='bbox 1892 4133 2167 4185; x_wconf 79' lang='lat' dir='ltr'>(quocumque</span> <span class='ocrx_word' id='word_1_1073' title='bbox 2194 4132 2252 4184; x_wconf 81' lang='lat' dir='ltr'>R)</span> <span class='ocrx_word' id='word_1_1074' title='bbox 2281 4144 2317 4172; x_wconf 87' lang='grc'>6.</span> <span class='ocrx_word' id='word_1_1075' title='bbox 2350 4144 2385 4173; x_wconf 89' lang='grc'>6.</span> <span class='ocrx_word' id='word_1_1076' title='bbox 2415 4130 2662 4173; x_wconf 79' lang='lat' dir='ltr'>offenderint</span> <span class='ocrx_word' id='word_1_1077' title='bbox 2686 4129 2790 4172; x_wconf 77' lang='lat' dir='ltr'>P⁶R</span> 
     </span>
    </p>
   </div>
   <div class='ocr_carea' id='block_1_19' title="bbox 1614 4295 2956 4730">
    <p class='ocr_par' dir='ltr' id='par_1_28' title="bbox 1614 4295 2956 4730">
     <span class='ocr_line' id='line_1_145' title="bbox 1617 4295 2956 4397; baseline 0 -54"><span class='ocrx_word' id='word_1_1078' title='bbox 1617 4299 1771 4343; x_wconf 84' lang='lat' dir='ltr'>aamni</span> <span class='ocrx_word' id='word_1_1079' title='bbox 1791 4312 1962 4356; x_wconf 84' lang='lat' dir='ltr'>passus</span> <span class='ocrx_word' id='word_1_1080' title='bbox 1990 4305 2057 4343; x_wconf 86' lang='lat' dir='ltr'>est</span> <span class='ocrx_word' id='word_1_1081' title='bbox 2084 4298 2140 4343; x_wconf 85' lang='lat' dir='ltr'>ab</span> <span class='ocrx_word' id='word_1_1082' title='bbox 2171 4313 2223 4343; x_wconf 88' lang='lat' dir='ltr'>eo</span> <span class='ocrx_word' id='word_1_1083' title='bbox 2251 4298 2658 4397; x_wconf 60' lang='lat' dir='ltr'>recipietspoenam</span> <span class='ocrx_word' id='word_1_1084' title='bbox 2685 4295 2856 4355; x_wconf 71' lang='lat' dir='ltr'>quibus</span> <span class='ocrx_word' id='word_1_1085' title='bbox 2883 4295 2956 4343; x_wconf 79' lang='lat' dir='ltr'>dc·</span> 
     </span>
     <span class='ocr_line' id='line_1_146' title="bbox 1619 4351 2954 4413; baseline -0.001 -16"><span class='ocrx_word' id='word_1_1086' title='bbox 1619 4358 1643 4398; x_wconf 83' lang='lat'>2</span> <span class='ocrx_word' id='word_1_1087' title='bbox 1698 4355 1877 4410; x_wconf 82' lang='lat' dir='ltr'>finitam</span> <span class='ocrx_word' id='word_1_1088' title='bbox 1913 4353 2101 4413; x_wconf 79' lang='lat' dir='ltr'>insuper</span> <span class='ocrx_word' id='word_1_1089' title='bbox 2135 4355 2354 4400; x_wconf 74' lang='lat' dir='ltr'>subituro.</span> <span class='ocrx_word' id='word_1_1090' title='bbox 2458 4365 2473 4396; x_wconf 77' lang='grc'>1</span> <span class='ocrx_word' id='word_1_1091' title='bbox 2503 4365 2607 4397; x_wconf 88' lang='lat' dir='ltr'>vero</span> <span class='ocrx_word' id='word_1_1092' title='bbox 2636 4352 2684 4395; x_wconf 80' lang='lat' dir='ltr'>in</span> <span class='ocrx_word' id='word_1_1093' title='bbox 2705 4351 2863 4410; x_wconf 80' lang='lat' dir='ltr'>princi</span> <span class='ocrx_word' id='word_1_1094' title='bbox 2893 4351 2954 4397; x_wconf 69' lang='lat' dir='ltr'>ali</span> 
     </span>
     <span class='ocr_line' id='line_1_147' title="bbox 1617 4407 2953 4467; baseline -0.001 -14"><span class='ocrx_word' id='word_1_1095' title='bbox 1617 4409 1782 4454; x_wconf 86' lang='lat' dir='ltr'>iudicio</span> <span class='ocrx_word' id='word_1_1096' title='bbox 1821 4410 1922 4467; x_wconf 88' lang='lat' dir='ltr'>ipso</span> <span class='ocrx_word' id='word_1_1097' title='bbox 1962 4409 2183 4455; x_wconf 86' lang='lat' dir='ltr'>mendacii</span> <span class='ocrx_word' id='word_1_1098' title='bbox 2222 4409 2450 4455; x_wconf 82' lang='lat' dir='ltr'>convictus</span> <span class='ocrx_word' id='word_1_1099' title='bbox 2478 4413 2565 4461; x_wconf 83' lang='lat' dir='ltr'>est,</span> <span class='ocrx_word' id='word_1_1100' title='bbox 2604 4407 2768 4452; x_wconf 81' lang='lat' dir='ltr'>iudicis</span> <span class='ocrx_word' id='word_1_1101' title='bbox 2797 4420 2823 4452; x_wconf 93' lang='grc' dir='ltr'><strong><em>ο</em></strong></span> <span class='ocrx_word' id='word_1_1102' title='bbox 2884 4407 2953 4452; x_wconf 82' lang='lat' dir='ltr'>cio</span> 
     </span>
     <span class='ocr_line' id='line_1_148' title="bbox 1617 4463 2954 4521; baseline -0.003 -11"><span class='ocrx_word' id='word_1_1103' title='bbox 1617 4466 1824 4510; x_wconf 84' lang='lat' dir='ltr'>convenit</span> <span class='ocrx_word' id='word_1_1104' title='bbox 1865 4479 1963 4509; x_wconf 90' lang='lat' dir='ltr'>eum</span> <span class='ocrx_word' id='word_1_1105' title='bbox 2006 4466 2075 4511; x_wconf 85' lang='lat' dir='ltr'>vel</span> <span class='ocrx_word' id='word_1_1106' title='bbox 2113 4466 2163 4511; x_wconf 83' lang='lat' dir='ltr'>in</span> <span class='ocrx_word' id='word_1_1107' title='bbox 2208 4471 2347 4511; x_wconf 86' lang='lat' dir='ltr'>totam</span> <span class='ocrx_word' id='word_1_1108' title='bbox 2390 4463 2511 4508; x_wconf 84' lang='lat' dir='ltr'>litem</span> <span class='ocrx_word' id='word_1_1109' title='bbox 2550 4463 2592 4507; x_wconf 84' lang='lat' dir='ltr'>ei</span> <span class='ocrx_word' id='word_1_1110' title='bbox 2630 4467 2791 4508; x_wconf 86' lang='lat' dir='ltr'>contra</span> <span class='ocrx_word' id='word_1_1111' title='bbox 2826 4476 2954 4521; x_wconf 84' lang='lat' dir='ltr'>quem</span> 
     </span>
     <span class='ocr_line' id='line_1_149' title="bbox 1619 4519 2954 4566; baseline -0.003 -1"><span class='ocrx_word' id='word_1_1112' title='bbox 1619 4521 1916 4565; x_wconf 84' lang='lat' dir='ltr'>testimonium</span> <span class='ocrx_word' id='word_1_1113' title='bbox 1954 4520 2075 4566; x_wconf 80' lang='lat' dir='ltr'>dixit</span> <span class='ocrx_word' id='word_1_1114' title='bbox 2108 4521 2283 4566; x_wconf 85' lang='lat' dir='ltr'>illatam</span> <span class='ocrx_word' id='word_1_1115' title='bbox 2321 4520 2389 4566; x_wconf 83' lang='lat' dir='ltr'>vel</span> <span class='ocrx_word' id='word_1_1116' title='bbox 2415 4520 2465 4563; x_wconf 86' lang='lat' dir='ltr'>in</span> <span class='ocrx_word' id='word_1_1117' title='bbox 2497 4519 2712 4563; x_wconf 86' lang='lat' dir='ltr'>minorem</span> <span class='ocrx_word' id='word_1_1118' title='bbox 2740 4531 2954 4563; x_wconf 86' lang='lat' dir='ltr'>summam</span> 
     </span>
     <span class='ocr_line' id='line_1_150' title="bbox 1617 4573 2955 4634; baseline -0.001 -15"><span class='ocrx_word' id='word_1_1119' title='bbox 1617 4576 1915 4621; x_wconf 84' lang='lat' dir='ltr'>condemnare</span> <span class='ocrx_word' id='word_1_1120' title='bbox 1942 4578 2196 4634; x_wconf 81' lang='lat' dir='ltr'>poenisque</span> <span class='ocrx_word' id='word_1_1121' title='bbox 2232 4576 2454 4621; x_wconf 82' lang='lat' dir='ltr'>subicere:</span> <span class='ocrx_word' id='word_1_1122' title='bbox 2497 4573 2700 4619; x_wconf 85' lang='lat' dir='ltr'>omnibus</span> <span class='ocrx_word' id='word_1_1123' title='bbox 2741 4588 2859 4632; x_wconf 81' lang='lat' dir='ltr'>quae</span> <span class='ocrx_word' id='word_1_1124' title='bbox 2901 4573 2955 4617; x_wconf 85' lang='lat' dir='ltr'>de</span> 
     </span>
     <span class='ocr_line' id='line_1_151' title="bbox 1614 4629 2950 4730; baseline -0.001 -56"><span class='ocrx_word' id='word_1_1125' title='bbox 1614 4632 1752 4730; x_wconf 53' lang='grc' dir='ltr'>[ιῖῖείε</span> <span class='ocrx_word' id='word_1_1126' title='bbox 1798 4632 1980 4677; x_wconf 83' lang='lat' dir='ltr'>testibus</span> <span class='ocrx_word' id='word_1_1127' title='bbox 2022 4639 2192 4677; x_wconf 83' lang='lat' dir='ltr'>statuta</span> <span class='ocrx_word' id='word_1_1128' title='bbox 2234 4637 2338 4676; x_wconf 82' lang='lat' dir='ltr'>sunt</span> <span class='ocrx_word' id='word_1_1129' title='bbox 2373 4631 2421 4675; x_wconf 86' lang='lat' dir='ltr'>in</span> <span class='ocrx_word' id='word_1_1130' title='bbox 2458 4644 2540 4674; x_wconf 90' lang='lat' dir='ltr'>suo</span> <span class='ocrx_word' id='word_1_1131' title='bbox 2581 4629 2735 4687; x_wconf 73' lang='lat' dir='ltr'>viqorc</span> <span class='ocrx_word' id='word_1_1132' title='bbox 2773 4643 2950 4674; x_wconf 85' lang='lat' dir='ltr'>manen-</span> 
     </span>
     <span class='ocr_line' id='line_1_152' title="bbox 1620 4689 1744 4730; baseline 0 0"><span class='ocrx_word' id='word_1_1133' title='bbox 1620 4689 1652 4730; x_wconf 85' lang='lat' dir='ltr'>ti</span> <span class='ocrx_word' id='word_1_1134' title='bbox 1684 4701 1744 4730; x_wconf 88' lang='lat' dir='ltr'>us.</span> 
     </span>
    </p>
   </div>
   <div class='ocr_carea' id='block_1_20' title="bbox 3061 0 3152 2994">
    <p class='ocr_par' dir='ltr' id='par_1_29' title="bbox 3061 0 3152 2994">
     <span class='ocr_line' id='line_1_153' title="bbox 3061 0 3152 2994; baseline 0 0"><span class='ocrx_word' id='word_1_1135' title='bbox 3061 0 3152 2994; x_wconf 95' lang='lat' dir='ltr'> </span> 
     </span>
    </p>
   </div>
  </div>
 </body>
</html>
