3080 4770
192 189 263 227 DE
296 185 695 226 SOLUTIONIBUS

1263 323 1353 368 ΡΡ.
1394 337 1423 369 V
1455 325 1514 369 id.

983 433 992 441 ·
1330 386 1386 434 [a.
1418 385 1515 434 286]

241 433 307 482 10
338 433 464 479 Idem
489 435 581 479 AA.
613 439 658 480 et
683 434 719 479 C
751 468 759 477 .
784 432 1032 478 Ambrosio.
1092 434 1380 481 Successores
1407 439 1515 493 eius,

211 490 260 535 ui
297 490 439 535 maior
475 491 666 547 quinque
701 492 747 534 et
781 488 938 544 viginti
973 489 1100 534 annis
1138 492 1183 535 in
1214 494 1406 537 solutum
1435 507 1515 549 pro

182 505 331 591 debito
360 547 457 591 iure
486 546 704 602 mancipia
733 545 864 599 dedit,
894 545 1005 589 haec
1034 559 1240 592 revocare
1270 564 1357 594 non
1386 562 1518 605 posse

183 606 374 646 constat.
420 602 467 647 S.
507 615 536 646 V
558 603 618 646 id.
635 601 778 659 April.
801 601 1022 658 Byzantii
1036 604 1125 646 AA.
1153 618 1295 648 conss.
1343 610 1398 658 [a.
1418 609 1515 657 293]

239 657 300 704 11
341 657 482 703 ¹Idem
511 659 602 702 AA.
633 664 678 702 et
707 655 783 701 00.
818 655 1108 714 Capitolinae.
1170 660 1278 704 Cum
1310 661 1516 704 maritum

181 720 306 758 tuum
346 727 374 758 a
411 713 684 759 debitoribus
722 712 812 757 tuis
848 712 1029 757 minoris
1059 714 1210 769 viginti
1251 722 1295 760 et
1324 717 1516 773 quinque

182 771 310 815 annis
351 771 618 815 constitutae
655 768 775 812 velut
814 781 866 812 ex
904 782 1040 813 causa
1070 772 1148 814 tibi
1179 772 1315 816 debiti
1344 772 1515 828 aliquas

182 826 409 882 accepisse
438 826 705 892 quantitates
735 836 819 868 nec
852 829 1000 869 tamen
1029 830 1073 869 te
1104 840 1367 872 consensum
1397 841 1514 872 com-

181 882 385 927 modasse
424 881 662 937 significes,
701 880 870 924 nullum
905 882 986 925 tibi
1023 883 1168 938 potuit
1196 884 1516 939 praeiudicium

180 938 298 990 fieri,
348 937 434 982 nisi
484 937 648 981 factam
691 937 954 981 solutionem
1029 943 1100 982 ost
1141 939 1350 984 maiorem
1395 943 1514 983 aeta·

179 996 270 1037 tem
311 998 454 1038 ratam
495 993 665 1037 feceris.
734 991 779 1036 S.
821 995 871 1035 V2
908 993 951 1037 lc.
1043 996 1099 1038 ai.
1143 995 1384 1040 Heracliae
1421 995 1514 1039 AA.

181 1063 324 1093 consa
1327 1055 1383 1104 [a.
1416 1053 1512 1103 293]

239 1103 303 1151 12
333 1103 458 1148 Idem
486 1103 578 1147 ΛΑ.
618 1108 664 1148 et
703 1103 781 1149 00.
824 1104 916 1148 Eut
951 1106 1046 1150 clio.
1114 1106 1255 1150 Invito
1284 1107 1354 1151 vel
1391 1107 1514 1162 igno-

179 1165 306 1204 rante
343 1159 559 1205 creditore
595 1159 671 1215 qui
709 1161 844 1204 solvit
883 1176 909 1205 a
928 1163 977 1214 ii,
1019 1175 1108 1206 non
1138 1176 1187 1206 se
1215 1163 1376 1206 liberat
1405 1162 1514 1206 obli-

177 1218 368 1272 gatione.
426 1215 544 1270 quod
583 1218 620 1260 si
658 1216 745 1260 hoc
779 1218 848 1260 vel
883 1218 1121 1262 mandante
1149 1219 1218 1262 vel
1254 1222 1400 1262 ratum
1436 1219 1515 1262 ha·

178 1274 311 1316 bente
333 1285 385 1316 eo
409 1271 577 1324 fecerit,
608 1286 698 1316 non
722 1273 867 1317 minus
887 1274 1192 1318 liberationem
1219 1275 1515 1330 consequitur,

178 1341 311 1384 quam
347 1328 386 1372 si
422 1327 573 1372 eidem.
602 1328 808 1373 creditori
843 1330 1060 1374 solvisset.
1121 1328 1167 1374 S.
1201 1341 1270 1374 111
1305 1330 1365 1374 id.
1405 1330 1514 1375 Mai.

178 1386 268 1428 AA.
301 1397 442 1428 conss.
1324 1391 1380 1438 [a.
1414 1390 1512 1438 293]

234 1437 299 1487 13
331 1438 454 1484 Idem
484 1442 574 1484 AA.
608 1446 652 1485 et
684 1438 761 1485 00.
792 1439 1050 1485 Philotimo.
1112 1442 1157 1485 Si
1192 1442 1432 1497 obligatum
1462 1455 1517 1486 ex

178 1509 314 1540 causa
336 1495 529 1539 mandati
554 1510 643 1540 non
667 1509 748 1552 per
773 1496 1100 1552 stipulationem
1125 1497 1248 1541 facta
1266 1499 1515 1552 novatione,

175 1556 278 1608 post
313 1552 679 1607 acceptilatione³
717 1552 937 1605 liberasti,
978 1553 1055 1596 sed
1089 1557 1262 1596 tantum
1291 1559 1515 1610 receptam

175 1621 230 1651 ex
259 1607 412 1652 eadem
443 1620 579 1652 causa
608 1609 798 1652 debitam
827 1608 1117 1663 quantitatem
1140 1609 1254 1652 falso
1284 1610 1515 1665 scripsisti,

175 1664 384 1719 figmento
423 1664 619 1708 veritatis
660 1665 855 1718 extingui
887 1677 975 1707 non
1009 1664 1156 1719 potuit
1186 1665 1407 1720 obligatio.
1468 1664 1514 1708 S.

183 1731 252 1763 V11
278 1719 321 1763 lc.
354 1718 455 1763 Iun.
487 1720 580 1763 AA.
612 1732 756 1764 conss.
1323 1725 1380 1773 [a.
1413 1724 1512 1772 293]

232 1774 296 1821 14
338 1774 463 1819 Idem
501 1777 593 1818 AA.
635 1780 679 1818 et
724 1772 801 1818 00.
854 1773 1004 1818 Cutae.
1079 1775 1299 1820 Pecuniae
1343 1778 1517 1820 solutae

173 1830 389 1887 professio
412 1830 575 1874 collata
598 1829 892 1874 instrumento
918 1830 1127 1874 maiorem
1150 1836 1302 1886 gestae
1325 1832 1391 1875 rei
1412 1845 1515 1887 pro-

172 1887 394 1930 bationem
434 1886 651 1934 continet,
692 1897 825 1940 quam
862 1885 901 1929 si
931 1886 1274 1942 chirographum
1305 1892 1516 1943 acceptae

170 1946 351 1984 mutuae
380 1941 596 1996 pecuniae
623 1940 783 1984 fuisset
805 1941 1040 1985 redditum.
1096 1941 1142 1986 S.
1169 1955 1198 1986 V
1219 1943 1279 1986 id.
1306 1941 1394 1986 Iul.
1420 1942 1514 1986 AA.

171 2010 314 2040 conss.
1325 2002 1382 2051 [a.
1415 2001 1513 2050 293]

230 2050 292 2098 15
336 2050 462 2096 Idem
499 2053 591 2096 AA.
631 2057 678 2096 et
714 2051 791 2096 00.
835 2051 1086 2105 Quartioni.
1156 2053 1284 2109 Quod
1328 2053 1516 2098 debitori

169 2113 248 2153 tuo
287 2108 629 2164 chirographum
657 2108 877 2152 redditum
908 2111 1065 2153 contra
1092 2110 1365 2154 voluntatem
1393 2115 1515 2154 tuam

171 2165 415 2218 adseveres,
445 2164 556 2208 nihil
585 2164 638 2208 de
668 2165 765 2208 iure
792 2169 869 2208 tuo
902 2164 1176 2210 deminutum
1203 2171 1284 2210 est.
1333 2167 1514 2223 quibus-

173 2233 358 2276 cumque
395 2220 460 2263 ita
489 2233 546 2263 ue
584 2221 851 2275 argumentis
889 2221 985 2265 iure
1022 2222 1211 2278 proditis
1248 2222 1366 2267 hanc
1404 2223 1515 2267 obli-

172 2277 395 2332 gationem
431 2276 467 2318 ti
499 2276 514 2318 i
549 2277 760 2331 probanti
796 2289 896 2321 eum
933 2290 1013 2333 per
1050 2278 1305 2322 huiusmodi
1347 2279 1516 2323 factum

172 2331 477 2376 liberationem
500 2332 677 2375 minime
704 2337 988 2376 consecutum
1010 2333 1145 2378 iudex
1168 2335 1226 2378 ad
1250 2335 1516 2379 solutionem

214 335 272 368 uo
315 321 500 366 debetur
546 322 728 375 solutio,
771 321 904 366 fuerit
950 321 1185 366 celebrata.

234 378 291 422 ai.
321 377 529 423 Maximo
562 391 608 423 11
633 383 678 423 et
703 379 743 423 A
774 378 915 422 uilino
946 390 1089 422 conss.

171 2389 266 2433 iure
281 2387 417 2432 debiti
433 2387 680 2443 compellet.
727 2387 772 2432 S.
798 2387 879 2432 Vlc.
899 2388 1021 2453 Sept.
1039 2391 1131 2433 AA.
1150 2403 1293 2434 conss.
1342 2394 1398 2443 [a.
1418 2393 1530 2443 293]

232 2441 298 2490 16
336 2442 463 2488 Idem
497 2445 590 2488 AA.
630 2449 675 2488 et
715 2443 792 2488 00.
835 2444 1112 2489 Charidemo.
1171 2445 1313 2499 Eum,
1358 2458 1386 2489 a
1430 2459 1516 2501 quo

173 2505 372 2544 mutuam
416 2500 643 2556 sumpsisti
685 2501 939 2556 pecuniam,
983 2500 1029 2544 in
1069 2501 1264 2546 solutum
1295 2502 1518 2546 nolentem

174 2557 398 2612 suscipere
434 2569 594 2600 nomen
634 2556 846 2600 debitoris
890 2557 957 2600 tui
1002 2557 1207 2613 compelli
1250 2557 1359 2602 iuris
1401 2558 1517 2602 ratio

1329 2618 1385 2668 [a.
1419 2617 1515 2666 293]

329 2667 454 2712 Idem
483 2668 576 2712 AA.
615 2674 662 2712 et
692 2667 768 2714 CC.
804 2668 971 2714 Cassio.
1038 2669 1267 2714 Manifesti
1304 2669 1413 2714 iuris
1450 2675 1519 2714 est

173 2729 265 2770 tam
302 2724 392 2769 alio
428 2737 510 2780 pro
541 2723 740 2770 debitore
769 2725 966 2770 solvente
999 2738 1131 2781 quam
1160 2726 1294 2770 rebus
1323 2739 1404 2782 pro
1434 2740 1516 2770 nu—

172 2784 343 2825 merata
393 2781 585 2836 pecunia
636 2781 941 2825 consentiente
995 2781 1213 2826 creditore
1261 2781 1378 2826 datis
1421 2782 1518 2826 tolli

174 2840 474 2893 comparatam
518 2835 844 2891 obligationem.
918 2836 965 2881 S.
1010 2836 1053 2881 lc.
1094 2837 1200 2882 Dec.
1242 2836 1381 2882 Sirmi
1423 2839 1516 2883 AA.

173 2906 316 2937 conss.
1346 2908 1386 2938 a.
1418 2897 1516 2946 293]

230 2945 296 2996 18
327 2945 474 2992 ⁴Idem
502 2947 595 2992 AA.
635 2953 680 2992 et
719 2947 796 2993 CC.
827 2947 1026 2994 Domitio
1055 2898 1517 3008 Aphobio⁵.[1nqui-

172 3005 273 3050 sitio
317 3004 516 3048 veritatis
559 3003 659 3048 tolli
700 3017 792 3049 non
829 3005 998 3061 potuit,
1043 3006 1162 3062 quod
1207 3006 1517 3062 chirographa,

173 3073 287 3117 quae
315 3059 485 3104 fecerat
513 3063 778 3116 procurator
807 3065 933 3114 tuus,
974 3065 1156 3118 recepta
1188 3062 1358 3118 tibique
1386 3063 1517 3107 resti-

172 3121 271 3160 tuta
310 3117 368 3160 ab
403 3116 543 3172 ipsius
582 3116 746 3160 herede
784 3130 1008 3173 proponas
1048 3131 1147 3162 cum
1188 3118 1519 3174 subscriptione

174 3172 476 3228 procuratoris
506 3171 796 3226 significante,
833 3174 951 3227 quod
979 3174 1088 3216 nihil
1118 3174 1413 3219 creditoribus
1442 3175 1517 3218 de-

175 3229 356 3280 beatur,
406 3239 506 3270 cum
544 3227 654 3269 nihil
692 3228 927 3281 prohibeat
966 3234 1011 3271 et
1049 3228 1341 3273 creditoribus
1388 3230 1518 3274 satis-

174 3282 343 3326 factum
372 3284 419 3325 et
443 3294 535 3325 non
563 3286 736 3326 vestrae
765 3283 999 3338 pecuniae,
1041 3284 1119 3327 sed
1147 3284 1310 3340 ipsius,
1341 3285 1414 3328 cui
1441 3299 1517 3330 110-

204 3339 343 3382 otium
367 3336 607 3393 gerendum
627 3337 931 3391 mandaveras,
952 3340 1222 3395 processisse
1238 3340 1515 3385 solutionem.

175 3353 244 3439 &⁶
274 3394 333 3438 id.
365 3393 494 3438 Febr.
529 3392 606 3438 00.
639 3407 782 3437 conss.
1328 3400 1385 3449 [a.
1417 3400 1515 3450 294]

234 3448 299 3498 19
341 3449 467 3494 Idem
504 3449 597 3494 ΑΑ.
637 3454 683 3493 et
722 3449 800 3495 00.
838 3449 927 3495 Dio
962 3452 1046 3495 eni.
1106 3451 1173 3506 Si,
1214 3453 1393 3496 actore⁷
1426 3456 1518 3496 tam

176 3505 341 3550 mutuis
362 3505 563 3563 pecuniis
590 3504 746 3550 dandis
770 3518 902 3562 quam
953 3507 1081 3551 ebitis
1104 3507 1367 3564 recipiendis
1388 3520 1517 3564 prae-

176 3562 346 3618 posito,
384 3562 431 3606 in
469 3562 556 3606 hoc
594 3562 712 3617 quod
749 3575 1009 3619 susceperas
1048 3563 1142 3607 eius
1173 3562 1403 3608 dominae⁸
1437 3576 1519 3619 per

176 3619 324 3674 ipsum
361 3618 507 3662 fecisti
544 3618 673 3670 satis,
715 3618 1086 3663 instrumentum⁹
1127 3619 1258 3663 inane
1302 3619 1518 3663 solutione

178 3674 402 3718 celebrata
428 3673 541 3717 nihil
567 3673 648 3717 tibi
677 3687 838 3719 nocere
866 3678 1015 3731 potest
1031 3677 1079 3719 ¹⁰.
1125 3675 1254 3719 aliter
1284 3675 1399 3720 enim
1429 3675 1516 3720 sol-

176 3734 328 3774 ventes
367 3742 494 3774 servo
535 3730 590 3774 de
628 3729 803 3774 actione
842 3730 1006 3775 domini
1040 3731 1230 3776 liberare
1267 3745 1314 3775 se
1342 3731 1519 3775 minime

178 3790 382 3842 possunt.
443 3784 488 3829 S.
529 3797 559 3829 V
581 3785 639 3829 id.
676 3785 768 3830 Oct.
803 3785 880 3831 00.
913 3800 1056 3831 conss.
1328 3792 1384 3840 [a.
1416 3790 1514 3839 294]

235 3839 300 3889 20
341 3841 465 3886 Idem
493 3842 585 3886 AA.
626 3847 671 3885 et
710 3841 788 3886 00.
827 3841 1077 3887 Eucratidi.
1137 3842 1185 3887 Si
1218 3856 1376 3899 operas
1408 3843 1517 3887 certi

178 3898 293 3942 servi
335 3897 528 3954 pecunia
570 3900 747 3953 sumpta
791 3898 1052 3942 creditorem
1096 3899 1182 3943 sibi
1222 3900 1269 3943 111
1319 3899 1516 3943 debitum

179 3965 462 4010 compensare
492 3953 671 4009 placuit,
702 3953 771 3997 his
796 3954 1036 3999 secundum
1062 3955 1364 4001 conventionis
1386 3954 1517 3999 fidem

178 4009 405 4067 praestitis
445 4009 498 4052 de
535 4009 754 4065 mancipio
793 4010 1066 4056 restituendo
1104 4011 1227 4067 pacti
1259 4016 1388 4056 tenor
1425 4024 1514 4056 ser-

179 4066 274 4110 vari
326 4066 468 4110 debet.
551 4064 596 4109 S.
655 4067 725 4108 V¹¹
776 4065 819 4109 Ic.
875 4066 988 4112 Nov.
1044 4067 1382 4126 Hadrianopoli
1437 4065 1514 4111 00.

180 4136 323 4166 conss.
1346 4138 1386 4167 a.
1418 4126 1515 4175 294]

238 4177 296 4224 21
347 4177 471 4222 Idem
514 4177 606 4221 AA.
653 4182 698 4221 et
742 4175 820 4221 00.
865 4176 1007 4234 Rufo.
1080 4179 1273 4223 Interest
1318 4128 1515 4232 multum,

179 4236 384 4278 utrumne
413 4246 491 4290 spe
519 4233 697 4277 futurae
718 4233 1035 4278 numerationis
1060 4235 1308 4290 suscepisse
1331 4241 1374 4279 te
1400 4235 1517 4291 quod

173 2626 264 2714 110111
267 2612 518 2715 7permittit.
578 2610 624 2656 S.
655 2624 727 2655 XV
750 2611 793 2656 lc.
827 2613 940 2658 Nov.
971 2614 1064 2658 AA.
1096 2627 1240 2658 conss,

182 4374 233 4425 (1)
264 4375 382 4427 iunye
412 4377 452 4425 5,
485 4382 540 4424 16,
572 4383 607 4415 Π
1282 4376 1336 4424 (3)
1366 4376 1423 4415 sic
1454 4373 1517 4425 M,

181 4429 536 4482 acceptilationem
586 4430 700 4471 VCR
867 4429 921 4479 (4)
961 4430 1078 4481 iunye
1117 4431 1155 4480 2,
1188 4439 1244 4477 25,
1276 4439 1304 4471 1.
1345 4432 1383 4481 4,
1415 4439 1467 4479 51,
1496 4439 1514 4470 4

183 4486 238 4535 (5)
270 4485 447 4537 aphobio
476 4488 516 4537 4,
548 4495 599 4537 51,
630 4494 666 4536 4,
696 4500 766 4525 om.
801 4484 896 4525 libri
1042 4484 1098 4534 (c)
1137 4498 1190 4524 111
1221 4487 1293 4526 ins.
1326 4487 1365 4536 2,
1396 4494 1452 4535 25,
1487 4494 1514 4526 1.

182 4543 220 4590 4,
251 4550 304 4589 51,
336 4539 367 4582 4'
447 4542 503 4593 (7)
533 4545 669 4582 actore
702 4538 896 4590 P⁰C0R⁰,
927 4539 1056 4579 actori
1087 4538 1268 4582 P⁶CaR⁶
1360 4542 1413 4592 (8)
1445 4540 1516 4581 do·

182 4596 316 4636 minae
346 4597 494 4647 PvCR,
526 4598 681 4638 domini
713 4599 752 4636 et
782 4596 855 4646 1³⁰,
887 4595 1042 4635 domini
1074 4594 1135 4635 Pb
1228 4598 1283 4647 (9)
1312 4599 1372 4636 sic
1409 4594 1514 4647 0⁶13,

183 4652 466 4693 instrumentis
496 4653 594 4695 PC⁰
708 4652 784 4704 (10)
813 4654 927 4703 potes
961 4651 1019 4690 Ρ(ι

752 4373 807 4425 (2)
838 4384 916 4412 vm
947 4374 985 4422 5,
1018 4381 1071 4422 16,
1103 4383 1138 4414 11

1512 170 1618 229 355

2570 178 2694 230 VIII
2730 180 2935 230 42-44

1602 326 1893 371 instrumento
1926 326 2175 370 continetur
2205 329 2433 384 scripsisti,
2468 343 2525 373 an
2556 332 2740 385 accepta
2770 328 2936 372 minore

1602 383 1847 438 quantitate
1881 385 2053 426 tantum
2102 389 2313 438 quantum
2350 386 2480 429 lectio
2516 387 2678 440 probat
2713 385 2760 427 in
2799 385 2936 439 scrip-

1601 444 1703 482 tura
1718 440 1752 466 ¹²
1781 439 1970 484 conferri
1998 439 2182 494 placuit.
2243 454 2344 484 nam
2376 441 2596 496 superiori
2626 441 2799 496 quidem
2830 453 2938 484 casu

1601 494 1765 538 residui
1802 495 1955 551 petitio
1992 494 2129 538 debiti
2166 502 2312 539 manet
2346 497 2535 552 integra,
2571 496 2806 552 posteriori
2835 509 2938 539 vero

1603 562 1820 594 consensu
1858 551 2169 595 transactionis
2207 551 2340 595 finitis
2372 556 2491 597 stare
2522 552 2734 596 convenit.
2797 550 2843 594 S.
2877 562 2944 594 III

1602 620 1705 649 non.
1738 606 1842 650 Dec.
1877 605 1954 651 00.
1987 620 2130 651 conss.
2753 610 2808 657 [a.
2841 609 2938 657 294]

1659 658 1724 705 22
1771 661 1895 706 Idem
1933 663 2024 706 AA.
2071 668 2116 706 et
2160 662 2236 707 CC.
2282 662 2435 706 Grato.
2506 661 2739 704 Inductum
2776 660 2837 713 (id
2874 666 2942 704 est

1603 717 1896 760 cancellatum
1914 719 1963 770 13)
2002 731 2086 762 1100
2115 731 2171 762 110
2200 719 2258 762 sit
2296 716 2661 771 chirographum,
2700 720 2894 758 vestrum
2908 717 2942 741 ¹⁴

1600 770 1864 815 solutionem
1895 774 2028 816 semel
2058 774 2195 818 debiti
2224 773 2388 816 factam
2418 773 2478 824 ei,
2521 771 2595 826 qui
2631 770 2832 824 exigendi
2861 784 2941 825 po·

1599 829 1806 869 testatem
1834 827 2002 880 habuit,
2035 829 2320 883 probantium
2348 827 2455 870 nihil
2483 826 2681 869 interest.
2745 825 2790 869 S.
2830 837 2858 867 V
2882 825 2940 868 id.

1600 880 1707 925 Dec.
1743 881 1820 925 00.
1852 895 1997 924 conss.
2756 885 2811 932 [a.
2845 885 2941 932 294]

1658 933 1723 983 23
1755 935 1881 981 Idem
1909 938 2002 980 AA.
2039 941 2084 980 et
2114 935 2192 979 00.
2237 935 2276 978 V
2275 937 2380 979 atio.
2442 936 2488 979 Si
2516 936 2764 979 litterarum
2792 936 2941 978 Auxa-

1599 993 1728 1036 nonis
1759 991 2152 1048 contemplatione,
2193 1003 2302 1047 quas
2338 991 2395 1034 ad
2422 990 2676 1035 Aristonem
2706 992 2761 1034 de
2791 1004 2942 1034 nume-

1599 1049 1742 1092 randa
1768 1048 1850 1092 tibi
1878 1048 2069 1104 pecunia
2098 1046 2294 1099 dederat,
2324 1047 2546 1102 recepisse
2575 1047 2794 1102 scripsisti
2823 1047 2942 1090 debi-

1601 1109 1695 1148 tum
1725 1105 1781 1148 ab
1811 1106 2033 1156 Aristone,
2062 1103 2274 1147 mandato
2305 1116 2394 1146 non
2423 1103 2618 1158 impleto,
2660 1116 2760 1147 cum
2788 1103 2943 1158 petitio

1602 1160 1739 1205 debiti
1782 1164 1930 1209 manet
1971 1160 2165 1215 integra,
2220 1158 2328 1202 nihil
2379 1159 2618 1214 legitimam
2671 1160 2946 1203 exactionem

1600 1217 1813 1273 impedire
1854 1206 2017 1272 po'test.
2092 1214 2137 1259 S.
2184 1227 2254 1259 XV
2293 1214 2335 1259 lc.
2384 1214 2483 1258 Ian.
2531 1215 2821 1260 Nicomediae
2847 1215 2942 1314 2ξῖ

1737 1308 1744 1316 .
2772 1285 2812 1315 a.

1601 1286 1734 1375 ⁶03?
1766 1327 1892 1373 Idem
1931 1328 2022 1372 AA.
2066 1332 2111 1372 et
2150 1325 2227 1371 00.
2260 1326 2440 1384 Rufino.
2503 1327 2612 1372 Cum
2676 1341 2725 1372 ro
2755 1275 2946 1383 {iecuniai

1631 1398 1734 1429 uam
1789 1397 2026 1451 acceperas
2082 1383 2324 1428 secundum
2376 1383 2590 1439 placitum
2636 1341 2847 1428 Euandro
2901 1389 2946 1427 te

1621 1441 1789 1485 undum
1819 1440 1991 1485 dedisse
2015 1440 2277 1496 profitearis,
2308 1439 2401 1484 eius
2426 1440 2694 1484 industriam
2716 1440 2785 1484 vel
2814 1453 2943 1484 even-

1601 1500 1696 1540 tum
1740 1497 1964 1541 meliorem
2006 1496 2110 1550 tibi,
2155 1510 2244 1540 non
2283 1496 2370 1552 ipsi
2399 1496 2633 1551 prodesse,
2675 1496 2944 1540 contrarium

1601 1567 1692 1597 non
1721 1554 2044 1609 postulaturus,
2076 1553 2115 1597 si
2135 1552 2317 1596 minoris
2342 1552 2633 1607 distraxisset,
2663 1566 2754 1597 non
2779 1553 2896 1596 iusta
2912 1555 2946 1578 ¹⁵

1600 1609 1732 1664 petis.
1794 1608 1839 1653 S.
1866 1621 1939 1652 VJJ
1964 1609 2007 1653 lc.
2031 1608 2129 1652 Ian.
2158 1608 2446 1652 Nicomediae
2474 1608 2550 1653 00.
2584 1622 2726 1652 conss.
2771 1613 2826 1661 [a.
2846 1612 2943 1661 294]

1659 1664 1722 1711 25
1757 1663 1884 1709 Idem
1912 1666 2003 1708 AA.
2045 1670 2091 1709 et
2125 1663 2202 1709 CC.
2234 1664 2505 1708 Antelliano.
2566 1664 2838 1709 Solutionem
2868 1665 2944 1707 ad-

1602 1721 1824 1764 severanti
1852 1720 2125 1776 probationis
2155 1733 2267 1764 onus
2296 1720 2535 1764 incumbit:
2575 1734 2662 1777 quo
2698 1720 2819 1764 facto
2851 1720 2943 1764 chi-

1600 1777 1870 1831 rographum
1910 1776 2142 1820 condicere
2177 1780 2341 1831 potest.
2412 1775 2457 1820 S.
2490 1787 2556 1820 111
2594 1776 2637 1821 lc.
2670 1775 2769 1821 Ian.
2811 1776 2945 1820 Nico-

1600 1832 1773 1875 mediae
1805 1830 1882 1875 00.
1915 1844 2059 1875 consa
2756 1836 2816 1885 [a.
2847 1835 2945 1883 294]

1938 2030 2195 2077 xxxxm
2233 2030 2604 2091 (xxxx1111)¹⁰.

1919 2112 1996 2152 DE
2026 2111 2625 2155 ACCEPTILATIONIBUS.

1658 2194 1683 2242 1
1721 2193 1836 2253 Imp.
1866 2194 2123 2239 Antoninus
2151 2195 2203 2239 A.
2235 2196 2456 2254 Apronio.
2506 2195 2601 2239 Iam
2629 2194 2711 2239 tibi
2740 2198 2878 2239 rescri
2911 2195 2948 2240 si

1599 2264 1734 2308 posse
1775 2250 1897 2307 apud
1939 2250 2128 2295 iudicem
2172 2252 2345 2307 quaeri,
2391 2265 2450 2295 an
2489 2252 2774 2296 sollemnibus
2803 2265 2878 2295 ver
2909 2252 2947 2295 is

1599 2308 1764 2352 tutoris
1805 2307 2077 2350 auctoritate
2115 2307 2433 2351 interveniente
2470 2321 2598 2351 soror
2635 2310 2715 2350 tua
2752 2308 2945 2363 accepti-

1599 2364 1766 2408 latione
1805 2362 2049 2406 debitorem
2087 2376 2216 2406 suum
2244 2363 2508 2407 liberaverit.
2569 2375 2707 2419 quare
2736 2363 2772 2406 si
2801 2363 2847 2406 in
2876 2377 2944 2407 re-

1600 2418 1793 2476 petenda
1829 2418 2043 2474 pecunia,
2081 2430 2213 2517 guam
2250 2419 2459 2471 exsolvit,
2497 2418 2671 2465 diversa
2707 2432 2813 2474 pars
2842 2432 2944 2477 per-

1601 2475 1879 2526 severaverit,
1909 2473 2049 2518 uteris
2112 2474 2409 2519 efensionibus
2438 2474 2806 2530 competentibus.
2849 2474 2943 2518 ΡΡ.

1601 2543 1672 2575 111
1696 2530 1756 2575 id.
1788 2529 1917 2574 Febr.
1948 2529 2124 2574 duobus
2151 2531 2314 2588 Aspris
2342 2545 2484 2574 conss.
2757 2536 2812 2583 [a.
2846 2533 2943 2584 212]

1659 2585 1690 2632 2
1725 2585 1831 2630 ¹⁷Im
1857 2600 1908 2644 p.
1935 2585 2248 2630 Diocletianus
2275 2591 2321 2631 et
2341 2586 2655 2631 Maoeimianus
2671 2588 2763 2631 AA.
2795 2593 2840 2631 et
2866 2586 2943 2631 CC.

1605 2642 1751 2688 Claro.
1841 2641 1859 2685 i
1888 2641 2139 2686 donationis
2167 2642 2311 2697 gratia
2348 2643 2584 2687 novatione
2612 2643 2734 2687 facta
2761 2656 2842 2699 per
2870 2656 2944 2686 ac-

1603 2698 1932 2755 ceptilationem
1958 2698 2233 2753 praestiteris
2262 2698 2582 2750 liberationem,
2617 2700 2757 2743 omnis
2786 2699 2946 2754 agendi

1600 2755 1673 2799 via
1701 2758 1930 2811 perempta
1960 2758 2040 2798 est.
2101 2753 2146 2798 S.
2187 2766 2237 2797 VJ
2261 2753 2306 2799 lc.
2331 2753 2432 2798 Ian.
2455 2757 2548 2802 AA.
2573 2768 2717 2799 conss.
2766 2760 2821 2807 [a.
2847 2759 2943 2807 293]

1660 2808 1690 2858 3
1721 2809 1848 2855 Idem
1885 2811 1978 2853 AA.
2020 2814 2066 2854 et
2105 2808 2182 2854 00.
2214 2809 2480 2856 Demetriae.
2545 2810 2633 2855 Per
2664 2811 2944 2866 Aquilianam

1602 2866 1933 2924 stipulationem
1958 2867 2092 2922 pacto
2116 2866 2340 2911 subditam
2365 2867 2633 2922 obligatione
2653 2867 2946 2924 praecedente

1602 2923 1780 2968 sublata
1817 2927 1862 2967 et
1900 2922 2262 2978 acceptilatione,
2304 2936 2416 2978 quae
2452 2923 2587 2967 fuerit
2613 2923 2812 2976 inducta,
2842 2936 2943 2979 per-

1603 2982 1751 3036 empta
1780 2979 1841 3033 ei,
1882 2978 1956 3034 qui
1995 2991 2054 3022 ex
2089 2979 2214 3023 nulla
2245 2990 2381 3022 causa
2409 2979 2582 3022 restitui
2609 2981 2771 3034 potest,
2802 2980 2943 3023 omnis

1601 3035 1761 3092 agendi
1777 3035 1847 3080 via
1861 3034 2175 3091 praecluditur.
2209 3033 2298 3078 S.V
2315 3034 2358 3078 lc.
2376 3034 2482 3079 Dec.
2503 3033 2579 3079 00.
2599 3047 2742 3079 conss,
2775 3039 2830 3087 [a.
2846 3038 2942 3086 294]

1953 3231 2235 3279 xxxxun
2271 3231 2590 3293 (xxxxv).¹·

2005 3314 2083 3354 DE
2111 3313 2527 3354 EVICTIONIBUS.

1659 3395 1682 3442 1
1732 3394 1833 3454 Imp
1871 3430 1879 3439 .
1939 3395 2130 3440 Severus
2179 3400 2224 3440 et
2265 3395 2523 3440 Antoninus
2571 3395 2664 3439 AA.
2718 3394 2941 3442 Munatio.

1599 3453 1789 3507 Emptor
1828 3409 2085 3496 {ereditatis
2122 3464 2215 3495 rem
2254 3464 2281 3495 a
2315 3451 2647 3508 possessoribus
2679 3455 2858 3507 sumptu
2888 3465 2941 3495 ac

1599 3508 1799 3565 periculo
1843 3521 1922 3552 suo
1963 3507 2171 3564 persequi
2213 3507 2356 3552 debet.
2430 3507 2585 3552 evictio
2631 3520 2807 3564 quoque
2850 3521 2940 3551 non

1600 3566 1853 3620 praestatur
1881 3564 2024 3622 insin
2056 3564 2164 3616 ulis,
2195 3577 2297 3608 cum
2325 3564 2615 3608 hereditatem
2644 3565 2740 3607 iure
2769 3563 2941 3607 venisse

1601 3622 1788 3672 constet,
1819 3619 1904 3663 nisi
1930 3619 2018 3663 aliu
2071 3619 2328 3664 nominatim
2352 3620 2470 3664 inter
2494 3621 2807 3664 contrahentes
2832 3632 2938 3663 con-

1599 3676 1730 3720 venit.
1803 3673 1896 3719 PP.
1948 3687 1998 3718 VI
2035 3674 2078 3719 lc.
2123 3675 2261 3720 Mart.
2308 3674 2474 3721 Severo
2513 3675 2575 3719 II
2612 3681 2655 3720 et
2708 3674 2938 3719 Victorino

1600 3745 1743 3776 conss.
2750 3734 2807 3782 [a.
2840 3733 2936 3781 200]

1658 3785 1690 3832 2
1728 3785 1854 3853 Idem
1879 3786 1982 3852 .ΑΑ.
2018 3784 2229 3839 Quartae.
2286 3787 2506 3853 Quoniam
2538 3799 2645 3830 avus
2675 3790 2801 3850 tuus,
2839 3798 2938 3828 cum

1598 3842 2208 3944 {issssffsstsnssth‘ssssssierit'mffii
2232 3847 2457 3943 {3⁰22ss
2473 3844 2790 3953 effissffia‘zffii’.
2809 3845 2936 3940 Ρέἔὲῗ

1601 3955 1755 3999 sistere
1779 3954 1836 3997 ob
1863 3953 2120 3998 evictionem
2138 3955 2430 4011 praediorum,
2445 3967 2526 4009 pro
2548 3953 2748 4008 portione
2767 3952 2937 3996 scilicet

1599 4010 1881 4054 hereditaria.
1931 4009 2049 4054 nudo
2078 4015 2225 4055 autem
2255 4014 2387 4066 pacto
2417 4009 2732 4052 interveniente
2760 4007 2935 4051 minime

1600 4067 1857 4111 donatorem
1893 4066 1979 4109 hac
2018 4067 2193 4111 actione
2227 4066 2367 4110 teneri
2408 4069 2574 4108 certum
2613 4067 2693 4108 est.
2766 4062 2859 4107 ΡΡ.
2891 4074 2931 4106 11

1599 4122 1641 4167 lc.
1672 4121 1810 4166 Mart.
1843 4121 2072 4166 Antonino
2101 4124 2153 4166 A.
2186 4134 2231 4166 11
2257 4127 2301 4166 et
2332 4120 2442 4164 Geta
2472 4132 2517 4163 II
2543 4133 2686 4164 conss.
2755 4123 2811 4172 [a.
2836 4121 2933 4170 205]

1657 4174 1687 4224 3
1719 4176 1843 4221 Idem
1872 4177 1964 4220 AA.
1987 4178 2244 4222 Aureliano.
2305 4176 2387 4231 Qui
2415 4188 2508 4220 rem
2536 4175 2642 4219 emit
2671 4180 2713 4219 et
2728 4175 2762 4201 ¹⁹
2789 4173 2932 4230 possi-

1601 4233 1694 4288 det,
1733 4232 1941 4288 quamdiu
1970 4233 2111 4278 evicta
2139 4247 2229 4278 non
2258 4238 2345 4285 est,
2386 4233 2611 4276 auctorem
2643 4244 2771 4275 suum
2800 4243 2930 4286 prop·

1602 4375 1674 4424 (12)
1705 4373 1949 4425 scripturam
1981 4373 2198 4413 Mommsen
2293 4372 2366 4424 (13)
2394 4371 2437 4410 id
2467 4373 2526 4411 est
2556 4369 2824 4411 cancellatum
2854 4371 2930 4411 del.

1601 4444 1683 4469 cum
1716 4429 1809 4468 dett.
1950 4429 2024 4482 (14)
2055 4430 2113 4470 sic
2148 4429 2190 4477 Ο,
2227 4430 2399 4467 vestram
2437 4427 2479 4466 R
2619 4429 2693 4479 (15)
2723 4427 2831 4466 111818
2864 4426 2930 4475 0⁴²,

1599 4485 1704 4523 iuste
1736 4481 1800 4531 ΟΨ,
1829 4483 1983 4524 iniusta
2006 4484 2083 4534 13⁶,
2114 4483 2221 4523 iusta
2246 4483 2404 4523 ratione
2430 4480 2491 4523 R·
2576 4482 2650 4534 (16)
2683 4484 2724 4522 Β
2751 4484 2817 4534 26,
2835 4491 2869 4531 6,
2887 4491 2929 4523 21

1600 4555 1707 4593 seqq.
1739 4562 1793 4568 --
1828 4539 1888 4592 Cf
1918 4541 2018 4595 Diy.
2051 4542 2119 4591 46,
2149 4548 2168 4580 4
2311 4538 2384 4588 (17)
2413 4539 2596 4590 fortasse
2636 4538 2838 4591 iunqenda
2875 4549 2931 4578 est

1600 4598 1639 4643 3,
1665 4604 1722 4646 32,
1749 4604 1788 4636 18
1874 4595 1951 4646 (18)
1981 4597 2025 4636 Β
2054 4597 2117 4645 19,
2144 4604 2183 4636 19
2202 4616 2254 4624 -
2276 4594 2338 4646 Cf.
2362 4595 2460 4647 Εἰς.
2487 4595 2552 4643 21,
2578 4602 2597 4633 2
2685 4595 2760 4645 (19)
2790 4596 2830 4634 et
2852 4595 2929 4642 R‘,

1134 4652 1202 4703 (li)
1232 4664 1266 4691 11
1297 4652 1514 4692 Mommsen
1598 4654 1638 4691 et
1666 4654 1756 4702 post
1788 4648 1938 4702 PLR',
1971 4667 2041 4691 om.
2080 4651 2116 4692 C'

2517 4718 2596 4760 45*
