3152 4784
169 203 214 254 V
250 199 378 249 6—-9

169 352 186 388 ¹
247 342 361 396 cepti
384 339 623 381 videantur.
678 334 737 378 Ut
762 339 905 377 autem
929 332 1067 376 omnis
1097 325 1330 381 scrupulus
1359 323 1482 367 aufe-

164 404 306 447 ratur,
344 394 542 436 insistere
576 395 702 444 pater
739 394 841 431 tuus
881 388 1013 430 debet
1050 397 1131 428 nec
1171 393 1267 443 non·
1298 382 1342 422 et
1370 391 1483 421 uxor

162 462 261 502 tua,
301 456 350 491 ut
386 448 496 490 alius
534 444 632 486 loco
673 444 765 485 eius
805 442 954 486 detur:
993 439 1173 484 habebit
1200 448 1314 478 enim
1341 433 1482 476 facul-

162 513 294 550 tatem
332 499 594 556 repetendae
633 497 816 540 rationis
854 497 1127 551 negotiorum
1163 495 1387 545 gestorum
1425 488 1482 531 ab

161 575 214 605 eo
245 560 318 615 qui
345 556 478 600 fuerit
506 553 786 598 substitutus.
1231 602 1242 610 .
1472 599 1482 609 ⁸

216 616 246 660 4
283 614 393 670 Imp.
437 608 676 672 Philippus
717 608 769 650 A.
811 605 1004 662 quiae.
1074 603 1369 654 Liberunum,
1410 612 1485 654 qm

159 671 247 714 filio
270 681 348 711 suo
374 663 576 711 naturah,
604 675 730 716 quem
754 662 801 702 in
815 660 1024 703 servitute
1038 662 1306 712 susceperat,
1329 662 1485 712 postea

159 724 418 768 manumisso
461 717 682 773 pupillam,
713 728 839 759 suam
883 714 1155 768 eandemque
1198 712 1373 768 patroni
1416 712 1485 756 sui

158 781 290 823 filiam
325 779 368 819 in
405 772 679 817 matrimonio
720 770 974 821 collocavit,
1014 769 1071 811 ad
1101 769 1363 812 sententiam
1392 780 1483 810 am-

155 833 335 891 plissimi
363 830 541 880 ordinis,
572 828 647 883 qui
676 825 925 870 huiusmodi
949 825 1114 881 nuptiis
1137 822 1484 868 interdicendum

155 889 334 946 putavit,
364 886 581 941 pertinere
611 883 804 926 dubitari
830 895 921 926 non
951 886 1140 936 oportet.

210 944 239 989 5
286 941 397 998 Imp.
441 938 682 997 Philippus
721 940 773 982 A.
818 943 863 982 et
903 936 1145 995 Philippus
1191 935 1232 981 C.
1277 935 1482 1034 Afiuleio.

156 1001 408 1042 Curatorem
446 995 596 1038 adulto
638 1009 717 1039 suo
758 994 894 1037 filiam
923 1006 1048 1037 suam
1077 992 1237 1048 nuptui
1265 1005 1316 1035 co
1353 1002 1484 1035 ocare

154 1068 241 1098 non
266 1065 398 1117 posse
427 1051 539 1094 falso
569 1051 653 1094 tibi
680 1063 945 1107 persuasum
973 1054 1055 1093 est.
1100 1047 1194 1092 PP.
1211 1059 1281 1092 XV
1298 1046 1342 1091 lc.
1360 1045 1482 1104 Sept.

154 1109 301 1167 Philip
340 1121 365 1151 0
395 1108 446 1151 A.
478 1112 522 1150 et
552 1106 731 1151 Titiano
762 1119 905 1150 conss.
942 1161 944 1163 ‚
1295 1107 1352 1166 [a.
1384 1106 1482 1167 245]

210 1162 240 1211 6
280 1122 424 1229 Iipnpp.
467 1161 738 1206 Valerianus
775 1167 820 1206 et
848 1159 1079 1204 Gallienus
1106 1160 1198 1204 AA.
1230 1158 1397 1222 Lucio..
1437 1157 1485 1200 Si

154 1221 288 1278 patris
324 1225 391 1262 tui
426 1218 639 1274 pupillam
676 1217 870 1261 nondum
906 1216 1078 1260 reddita
1115 1215 1281 1258 tutelae
1315 1218 1484 1278 ratione

154 1278 220 1320 vel
247 1278 348 1331 post
376 1274 589 1317 redditam
619 1273 814 1317 nondum
845 1277 1000 1316 exacto
1028 1271 1178 1326 quinto
1209 1275 1254 1314 et
1276 1269 1483 1313 vicesimo

154 1345 232 1376 nec
260 1344 349 1374 non
377 1330 509 1373 etiam
537 1329 637 1372 utili
664 1342 781 1373 anno
812 1342 992 1371 uxorem
1015 1327 1191 1378 duxisti,
1223 1339 1304 1369 nec
1331 1326 1484 1368 matri—

152 1387 342 1431 monium
380 1399 480 1429 cum
516 1398 569 1428 ea
604 1384 813 1428 habuisse
852 1397 934 1427 nec
971 1383 1111 1426 filium
1152 1395 1205 1425 ex
1234 1380 1486 1425 huiusmodi

158 1450 172 1485 1
244 1442 550 1486 coniunctione
593 1453 853 1496 procreasse
895 1439 1031 1483 videri
1073 1443 1212 1495 potes.
1287 1437 1404 1481 Sane
1447 1438 1486 1481 si

150 1500 234 1542 hoc
277 1503 405 1553 pater
445 1497 638 1552 puellae,
694 1510 794 1539 curn
838 1495 1087 1547 decederet,
1132 1493 1396 1549 postulavit,
1442 1498 1486 1536 et

151 1568 211 1597 nu
243 1554 332 1598 tiae
357 1554 439 1597 rite
465 1558 718 1596 contractae
742 1558 786 1595 et
809 1552 926 1596 filius
941 1551 1112 1594 videtur
1125 1551 1220 1593 iure
1235 1553 1481 1606 susceptus.

151 1609 195 1653 P
235 1645 244 1653 .
274 1610 334 1653 id.
355 1609 464 1653 Mai.
497 1607 740 1653 Saeculare
770 1620 817 1651 II
841 1613 885 1652 et
908 1606 1091 1651 Donato
1122 1620 1264 1650 conss,
1312 1610 1368 1659 [a.
1387 1609 1483 1657 260]

209 1663 238 1711 7
271 1664 416 1729 Impp.
449 1664 757 1709 Diocletianus
789 1670 833 1708 et
860 1662 1172 1707 Maximianus
1199 1663 1291 1705 AA.
1332 1667 1376 1706 et
1406 1660 1482 1705 CC.

134 1721 419 1779 ,Pareqorzo
489 1719 537 1764 Si
564 1725 687 1763 tutor
714 1720 782 1763 vel
811 1726 992 1764 curator
1020 1718 1232 1774 pupillam
1261 1718 1329 1762 vel
1359 1717 1484 1761 adul·

152 1784 243 1821 tam
280 1777 500 1833 quondam
537 1789 662 1819 suam
701 1776 785 1820 sibi
820 1777 887 1819 vel
930 1775 1019 1818 filio
1059 1789 1139 1819 suo
1180 1775 1299 1818 nullo
1341 1775 1484 1817 divino

152 1835 384 1888 impetrato
413 1831 626 1876 beneficio
650 1832 697 1875 in
717 1832 994 1876 matrimonio
1016 1831 1308 1882 collocaverit,
1338 1835 1487 1873 manet

152 1889 335 1932 infamia
363 1894 518 1931 contra
547 1900 646 1931 eum
674 1889 796 1931 velut
824 1887 1074 1931 confessum
1103 1887 1158 1930 de
1192 1887 1345 1939 tutela,
1383 1886 1486 1942 quia

154 1944 403 1988 huiusmodi
434 1944 738 1988 coniunctione
767 1943 965 1987 fraudem
1003 1942 1392 1986 administrationis
1420 1948 1484 1985 te-

153 2013 256 2056 gere
283 2000 522 2054 laboravit,
558 2006 604 2043 et
642 1999 723 2044 dos
759 1999 863 2043 data
891 2012 970 2055 per
999 1998 1318 2043 condictionem
1346 1998 1486 2053 repeti

156 2061 444 2170 pogesflmpp.
486 2110 578 2156 Leo
617 2116 663 2156 et
709 2110 968 2155 Anthemius
992 2110 1100 2174 ‚AA.
1151 2109 1371 2167 Erythrio
1404 2124 1483 2168 pp.

154 2168 202 2212 Si
230 2168 327 2223 quis
355 2168 513 2211 tutoris
541 2168 610 2211 vel
640 2167 856 2210 curatoris
886 2178 1061 2210 nomme
1084 2171 1314 2220 usurpato,
1343 2165 1390 2209 id
1419 2172 1486 2209 est

152 2237 235 2279 pro
262 2226 408 2267 tutore
438 2236 516 2266 seu
543 2237 625 2278 pro
664 2228 869 2266 curatore
896 2222 965 2265 vel
1003 2222 1276 2276 negotiorum
1311 2226 1486 2276 gestore

152 2292 224 2323 res
261 2279 455 2334 pupillae
494 2278 861 2321 administraverit
899 2290 1082 2332 eamque
1118 2277 1201 2320 sibi
1230 2276 1374 2320 filiove
1402 2289 1482 2320 suo

153 2335 436 2390 copulaverit,
466 2334 576 2377 tales
606 2334 785 2389 nuptias
814 2339 933 2376 stare
963 2340 1006 2376 et
1033 2337 1124 2376 non
1153 2332 1210 2375 ad
1239 2332 1484 2388 exemplum

152 2396 346 2434 tutorum
374 2389 609 2441 infirmari,
649 2402 706 2432 ne
743 2401 797 2432 ex
835 2388 1085 2432 huiusmodi
1114 2387 1265 2431 subtili
1293 2388 1362 2431 vel
1390 2400 1483 2430 ma-

150 2446 267 2501 ligno
295 2448 492 2488 tractatu
516 2444 794 2487 matrimonia
817 2457 895 2488 seu
919 2444 1067 2499 proles
1089 2456 1143 2486 ex
1164 2444 1232 2486 his
1256 2443 1485 2498 progenita

150 2503 218 2546 vel
245 2501 326 2545 dos
355 2514 490 2556 super
517 2501 586 2544 his
616 2500 721 2544 data
750 2501 818 2543 vel
848 2500 1065 2555 promissa
1105 2500 1298 2555 aliquam
1325 2499 1483 2543 laesio-

150 2570 250 2600 nem
277 2557 347 2602 vel
376 2557 642 2601 calumniam
670 2556 911 2612 patiantur.
970 2555 1025 2601 D.
1055 2554 1097 2600 lc.
1126 2554 1212 2599 Iul.
1244 2554 1483 2600 Marciano

153 2627 274 2658 cons.
1298 2615 1354 2664 [a.
1386 2614 1483 2664 469]

761 2783 866 2831 VII.

153 2867 204 2907 SI
223 2866 572 2914 QUACUMQUE
595 2864 910 2906 PRAEDITUS
935 2865 1259 2906 POTESTATE
1275 2864 1389 2906 VEL
1410 2864 1484 2904 AD

154 2923 275 2963 EUM
313 2920 707 2963 PERTINENTES
745 2922 820 2961 AD
862 2921 1284 2962 SUPPOSITARUM
1312 2920 1484 2960 IURIS-

152 2978 408 3020 DICTIONI
459 2978 603 3018 SUAE
646 2977 962 3074 AssSUPPIgfiARssE
1013 2976 1486 3018 ΤΕΜΡΤΑἛΤΕΒΙΝΤ2

208 3114 233 3161 1
270 3113 358 3160 ²'Im
387 3130 467 3174 pp.
502 3113 748 3159 Gratianus
773 3114 1113 3159 Valentinianus
1141 3120 1187 3158 et
1212 3114 1487 3159 Theodosius

152 3173 283 3215 AAA.
367 3171 535 3215 eoterio
565 3185 650 3229 pp.
720 3170 767 3214 Si
805 3171 902 3227 quis
942 3170 1165 3214 ordinaria
1194 3170 1262 3214 vel
1292 3171 1486 3225 qualibet

153 3227 377 3282 praeditus
420 3229 638 3282 potestate
682 3227 801 3271 circa
842 3227 1021 3282 nuptias
1065 3227 1212 3270 invitis
1263 3227 1370 3281 ipsis
1418 3226 1487 3270 vel

154 3284 409 3338 parentibus
455 3283 801 3335 contrahendas,
853 3283 942 3327 sive
996 3281 1191 3338 pupillae
1235 3283 1323 3325 sive
1367 3282 1485 3338 apud

154 3343 302 3394 patres
332 3340 515 3394 virgInes
546 3340 634 3382 sive
661 3340 819 3383 viduae
850 3344 999 3390 erunt,
1040 3340 1130 3382 sive
1168 3340 1241 3382 et⁴
1279 3338 1388 3382 iuris
1418 3339 1487 3382 sui

155 3394 320 3447 viduae,
352 3394 535 3449 denique
567 3395 878 3450 cuiuscumque
907 3395 1058 3447 sortis,
1101 3394 1334 3438 occasione
1362 3400 1485 3450 pote-

157 3450 282 3493 statis
321 3454 471 3492 utatur
510 3455 554 3492 et
590 3451 804 3493 minacem
844 3451 1038 3494 favorem
1074 3463 1201 3494 suum
1229 3450 1374 3494 invitis
1402 3451 1484 3504 his,

157 3518 342 3560 quorum
369 3506 535 3548 utilitas
566 3506 731 3559 agitur,
774 3507 979 3550 exhibere
1017 3512 1095 3549 aut
1131 3506 1383 3550 exhibuisse
1412 3506 1485 3551 de·

158 3561 331 3614 tegitur,
361 3561 493 3612 hunc,
525 3561 629 3604 licet
657 3561 902 3615 prohibitas
932 3563 1108 3617 nuptias
1139 3576 1228 3606 non
1256 3564 1485 3618 peregerit,

157 3622 349 3659 attamen
400 3630 479 3671 pro
530 3617 610 3659 tali
659 3618 885 3660 conamine
927 3620 1090 3662 multae
1134 3619 1346 3662 librarum
1389 3619 1486 3662 auri

157 3672 306 3715 decem
334 3673 568 3715 obnoxium
597 3673 829 3716 statuimus
864 3678 929 3725 et,
971 3687 1068 3717 cum
1107 3675 1276 3718 honore
1314 3674 1485 3727 abierit,

155 3732 378 3825 peractam
408 3727 662 3782 dignitatem
692 3742 907 3783 usurpare
943 3730 1246 3784 prohibemus,
1287 3731 1365 3773 tali
1402 3731 1485 3774 sci-

173 3783 258 3826 icet
294 3796 456 3839 poena,
499 3789 570 3835 ut,
613 3784 651 3826 si
691 3784 810 3827 circa
845 3785 1053 3828 honorem
1090 3799 1208 3840 eum,
1249 3799 1336 3841 quo
1374 3787 1487 3829 male

157 3852 262 3882 usus
300 3844 379 3894 est,
421 3839 727 3882 vindicandum
766 3840 944 3883 statutis
983 3843 1176 3886 nostris⁵
1214 3854 1372 3898 parere
1407 3855 1485 3885 no-

157 3894 310 3948 luerit,
354 3908 450 3938 eam
492 3895 781 3950 provinciam,
826 3895 872 3938 in
910 3909 995 3950 qua
1039 3898 1153 3941 sibi⁶
1196 3898 1485 3953 usurpaverit,

161 3955 178 3992 1
239 3950 438 3994 habitare
486 3963 568 4006 per
613 3951 714 4004 iuge
751 3951 975 3994 biennium
1014 3966 1103 3996 non
1139 3954 1324 3997 sinatur.
1402 3954 1483 3997 Illo

157 4005 358 4049 videlicet
387 4006 638 4060 adiciendo,
679 4011 729 4049 ut
757 4011 801 4050 et
828 4007 874 4049 in
902 4012 1119 4062 potestate
1150 4010 1295 4053 adhuc
1325 4010 1485 4053 consti-

158 4064 254 4104 tuto
297 4061 429 4104 liceat
469 4075 706 4117 personae,
751 4075 882 4117 quam
919 4063 1167 4107 huiusmodi
1203 4066 1371 4109 ambitu
1401 4066 1484 4109 oir-

159 4117 322 4160 cumire
346 4119 635 4172 temptaverit,
663 4118 895 4162 confestim
917 4121 1237 4164 contestatione
1256 4122 1487 4177 proposita

159 4185 256 4214 cum
295 4185 378 4215 sua
416 4186 680 4228 suorumque
719 4174 846 4218 domo
885 4174 1233 4219 iurisdictionem
1273 4178 1368 4221 eius
1398 4178 1485 4221 evi-

158 4232 274 4282 tare,
314 4229 532 4273 curaturis
573 4229 659 4272 hoo
693 4229 1038 4285 uniuscuiusque
1069 4231 1253 4276 civitatis
1285 4233 1484 4277 defenso·

159 4369 208 4419 (1)
239 4371 354 4423 iunye
388 4374 423 4420 1,
454 4380 486 4422 4,
518 4381 573 4412 16.
607 4375 721 4422 1,1s,
749 4381 799 4413 13.
832 4374 870 4422 5,
900 4381 930 4421 1,
957 4382 990 4413 5.
1022 4374 1060 4422 5,
1087 4382 1145 4423 30,
1167 4384 1186 4415 3
1272 4376 1327 4427 (2)
1359 4379 1486 4428 temp·
1571 4374 1627 4427 (9)
1658 4376 1790 4426 saepe]
1821 4387 1864 4415 se
1898 4375 1970 4416 Th.

161 4426 307 4464 taverit
339 4427 432 4466 libri
513 4427 568 4477 (3)
597 4447 650 4461 =
680 4428 750 4468 Th.
785 4430 823 4478 3,
854 4436 904 4478 11,
934 4436 950 4468 1
981 4427 1024 4467 B
1054 4429 1121 4477 28,
1151 4439 1185 4479 5,
1215 4439 1283 4472 39:
1314 4433 1406 4473 vide
1432 4433 1490 4473 ad
1569 4433 1706 4483 septos
1726 4431 1797 4471 le.

1479 170 1581 227 200
2133 186 2183 227 s1
2219 148 2557 235 QnAcUnQun
2590 183 2898 224 Pmnnrrns

1567 325 1592 365 2
1621 321 1792 371 fribus⁷
1815 326 1860 365 et
1878 322 2071 369 eiusdem
2085 325 2243 369 iudicis
2259 337 2286 367 a
2317 320 2602 388 paritoribus.
2645 321 2707 366 Et
2722 322 2897 378 quidem

1566 377 1603 420 si
1632 377 1744 419 haec
1773 377 1968 431 pravitas
1997 380 2208 424 ordinarii
2235 380 2283 423 iu
2332 378 2395 421 cis
2431 376 2534 428 erit,
2572 377 2776 422 universa
2804 377 2899 421 eius

1566 431 1721 475 domus
1756 432 1870 477 ratio
1908 439 2041 500 atque
2078 436 2225 480 omnia
2262 434 2332 479 vel
2370 431 2520 476 civilia
2554 431 2622 476 vel
2656 433 2899 478 criminalia

1566 486 1764 542 negotia,
1808 489 2015 543 quamdiu
2063 492 2179 536 idem
2231 492 2278 535 in
2326 487 2704 533 administratione
2750 487 2898 539 fuerit,

1568 546 1592 585 3
1651 541 1812 586 vicario
1843 551 2108 601 competant.
2167 547 2244 591 Sin
2281 550 2429 589 autem
2456 543 2647 588 vicarius
2674 543 2745 587 vel
2778 543 2899 588 simi-

1566 599 1621 642 lis
1659 599 1892 654 potestatis
1927 601 2014 644 vim
2051 603 2100 646 in
2137 601 2388 646 huiusmodi
2419 597 2720 643 contrahendo
2747 599 2899 643 matri-

1568 655 1712 697 monio
1743 654 1959 708 molietur,
1987 658 2177 708 vicissim
2207 655 2455 702 ordinarius
2479 654 2612 698 iudex
2634 654 2900 698 intercessor

1568 720 1592 752 4
1650 709 1826 753 existat.
1885 711 1962 755 Sin
1990 718 2122 757 erunt
2154 719 2338 768 uterque
2364 710 2574 766 suspecti,
2605 709 2664 752 ad
2685 709 2902 753 illustrem

1568 764 1892 820 praefecturam
1929 769 2176 822 specialiter
2212 769 2367 812 talium
2405 767 2656 820 domorum,
2695 763 2903 821 quamdiu

1566 821 1683 864 idem
1724 821 2110 878 administraverit,
2163 825 2292 869 tuitio
2339 823 2574 880 pertineat.
2646 818 2703 865 D.
2749 830 2823 864 ,rr
2858 818 2902 864 lc.

1569 876 1655 921 Iul.
1703 875 2044 924 Thessalonicae
2093 878 2313 925 Gratiano
2351 892 2381 923 V
2426 884 2471 924 et
2516 875 2769 986 Theodosf’o
2803 875 2904 983 §.gi

1567 946 1710 977 conss.
2733 944 2778 976 a.

2167 1108 2301 1155 VIII.

1675 1185 1725 1225 SI
1754 1186 2005 1228 NUPTIAE
2033 1188 2115 1228 EX
2143 1188 2451 1230 RESCRIPTO
2480 1185 2796 1229 PETANTUR.

1626 1265 1649 1312 1
1675 1265 1839 1326 ⁸Impp.
1858 1267 2095 1313 Honorius
2109 1275 2154 1314 et
2170 1269 2448 1314 Theodosius
2460 1270 2552 1314 AA.
2570 1267 2806 1316 Theodoro
2821 1281 2908 1325 pp.

1568 1322 1755 1377 Quidam
1784 1326 1951 1368 vetusti
1977 1325 2087 1369 iuris
2118 1325 2271 1369 ordine
2298 1325 2612 1381 praetermisso
2649 1323 2909 1380 obreptione

1567 1392 1747 1434 precum
1777 1381 1980 1436 nuptias,
2022 1394 2132 1436 quas
2168 1395 2217 1425 se
2246 1375 2624 1436 intellegunt‘non
2650 1379 2824 1432 mereri,
2854 1378 2910 1423 de

1569 1435 1695 1479 nobis
1726 1437 1981 1480 existimant
2008 1437 2312 1492 postulandas,
2353 1436 2514 1492 saepe⁹
2541 1436 2709 1479 habere
2734 1433 2911 1490 puellae

1569 1505 1832 1536 consensum
1876 1492 2191 1548 confingentes.
2273 1498 2544 1549 quapropter
2591 1492 2680 1535 tale
2722 1503 2744 1535 s
2777 1501 2911 1534 onsa-

1567 1548 1673 1590 lium
1712 1562 1848 1604 genus
1886 1549 2134 1604 praesentis
2173 1549 2280 1604 legis
2319 1548 2572 1592 definitione
2609 1546 2740 1604 prohi
2771 1558 2910 1590 emus.

1576 1609 1589 1646 1
1652 1604 1697 1647 Si
1737 1605 1834 1660 quis
1871 1606 2006 1660 igitur
2046 1610 2203 1649 contra
2239 1605 2356 1649 hanc
2395 1604 2693 1648 definitionem
2730 1601 2908 1658 nuptias

1568 1672 1750 1715 precum
1786 1661 2074 1717 subreptione
2108 1662 2342 1714 meruerit,
2380 1660 2660 1705 amissionem
2691 1660 2911 1703 bonorum

1569 1721 1614 1758 et
1642 1729 1830 1771 poenam
1859 1718 2178 1773 deportationis
2220 1719 2468 1764 subiturum
2497 1730 2544 1760 se
2574 1729 2670 1760 esse
2697 1728 2790 1759 non
2817 1727 2910 1758 am-

1569 1772 1689 1827 bigat
1718 1778 1762 1816 et
1783 1774 1944 1817 amisso
1965 1774 2061 1817 iure
2082 1774 2360 1828 matrimonii,
2388 1772 2507 1829 quod
2531 1772 2757 1829 prohibita
2779 1783 2911 1814 usur-

1568 1829 1748 1883 patione
1801 1830 2027 1882 meruerit,
2079 1830 2194 1873 filios
2250 1843 2297 1873 se
2349 1843 2405 1873 ex
2456 1830 2542 1872 hac
2600 1826 2911 1874 coniunctione

1569 1890 1799 1940 susceptos
1823 1886 1964 1929 iustos
1979 1887 2014 1911 ¹⁰
2039 1899 2128 1929 non
2149 1886 2404 1930 habiturum
2429 1898 2512 1930 nec
2530 1898 2737 1942 umquam
2755 1887 2911 1942 postu-

1568 1940 1686 1984 latae
1715 1941 2010 1996 indulgentiae
2039 1941 2436 1987 adnotationisve¹¹
2474 1942 2645 1986 indulto
2683 1941 2912 1986 efficacem

1570 2009 1618 2040 se
1656 1998 1808 2041 veniae
1847 1998 2052 2042 effectum
2088 2000 2324 2042 meruisse:
2367 2001 2563 2054 exceptis
2602 1998 2683 2052 his,
2725 1998 2800 2053 qui
2832 2009 2911 2053 pa-

1568 2058 1741 2096 rentum
1771 2067 1792 2097 s
1828 2054 2054 2099 onsionem
2084 2054 2139 2098 de
2175 2055 2340 2110 nuptiis
2375 2054 2567 2097 filiarum
2594 2054 2768 2110 impleri
2796 2052 2910 2097 desi-

1570 2108 1726 2152 derant
1753 2122 1804 2153 ve
1850 2111 2095 2166 sponsalia,
2134 2111 2221 2154 hoc
2256 2116 2325 2155 est
2353 2123 2554 2154 arrarum
2585 2109 2691 2153 data
2719 2109 2908 2162 nomine,

1568 2164 1693 2207 reddi
1747 2166 1831 2209 sibi
1874 2173 2113 2222 praecepto
2165 2167 2311 2222 legum
2354 2180 2454 2210 cum
2492 2169 2662 2210 statuta
2676 2167 2712 2192 ¹2
2762 2177 2910 2220 poena

1569 2220 1829 2275 deposcunt.
1887 2221 1944 2265 D.
1974 2222 2017 2266 lc.
2049 2222 2180 2267 Febr.
2212 2222 2456 2266 Ravennae
2487 2221 2697 2266 Honorio
2735 2231 2830 2263 VIII
2866 2226 2912 2264 et

1571 2275 1823 2320 Theodosio
1854 2289 1925 2320 ΙΙΙ
1949 2279 2041 2321 ΛΑ.
2074 2291 2218 2321 conss.
2720 2280 2778 2328 [α.
2808 2278 2908 2327 409]

1624 2329 1656 2375 2
1689 2330 1801 2389 Imp.
1824 2332 1945 2377 Zeno
1968 2334 2021 2377 A.
2040 2333 2216 2377 Basilio
2233 2347 2318 2398 pp.
2369 2332 2746 2377 Nefandissimum
2766 2331 2912 2376 scelus

1569 2385 1721 2430 fratris
1751 2389 1970 2432 sororisve
1998 2389 2116 2432 filiae
2144 2395 2414 2444 nuptiarum,
2453 2387 2571 2444 quod
2600 2386 2912 2432 sacratissimis

1569 2443 1959 2488 constitutionibus
2003 2446 2085 2488 sub
2125 2444 2409 2500 gravissimae
2447 2457 2618 2500 poenae
2656 2443 2910 2488 intermina·

1570 2498 1689 2542 tione
1720 2499 1975 2544 damnatum
2006 2506 2084 2555 est,
2115 2502 2276 2545 iterato
2306 2501 2550 2556 praesentis
2581 2500 2754 2544 divinae
2782 2511 2911 2544 sanc-

1576 2559 1592 2597 1
1653 2555 1787 2599 tionis
1826 2561 1980 2601 tenore
2017 2557 2160 2601 modis
2198 2557 2400 2602 omnibus
2438 2557 2737 2613 prohibemus.
2803 2555 2912 2600 Pre-

1570 2611 1699 2654 candi
1729 2625 1901 2667 quoque
1929 2613 1976 2656 in
2005 2619 2230 2669 posterum
2260 2626 2397 2669 super
2423 2613 2503 2657 tali
2534 2613 2749 2668 coniugio,
2778 2611 2910 2657 immo

1567 2667 1716 2722 potius
1762 2668 1989 2724 contagio,
2038 2669 2210 2713 cunctis
2256 2669 2479 2713 licentiam
2521 2669 2810 2724 denegamus,
2861 2672 2913 2712 ut

1568 2724 1871 2779 unusquisque
1925 2731 2163 2779 cognoseat
2213 2725 2561 2780 impetrationem
2615 2736 2791 2781 quoque
2831 2723 2909 2776 rei,

1569 2779 1692 2822 cuius
1723 2788 1792 2822 est
1822 2780 2039 2835 denegata
2067 2781 2245 2835 petitio,
2284 2794 2369 2824 nec
2406 2781 2444 2825 si
2471 2793 2554 2836 per
2581 2780 2910 2836 subreptionem

1569 2840 1670 2892 post
1697 2835 1817 2878 hunc
1847 2835 1960 2879 diem
1991 2837 2243 2891 obtinuerit,
2275 2836 2449 2881 sibimet
2477 2837 2774 2893 profuturam.

2155 3008 2311 3057 V1111.

1913 3089 1989 3129 DE
2018 3088 2203 3130 SECUN
2204 3090 2295 3131 DIS
2326 3091 2365 3130 N
2367 3089 2565 3131 UPTIIS.

1601 3168 1651 3233 ‘1
1692 3168 1907 3269 ¹³Imppss.
1950 3169 2196 3216 Gratianus
2243 3172 2585 3216 Valentinianus
2623 3177 2668 3216 et
2708 3169 2909 3216 Theodo·

1567 3239 1663 3269 sius
1691 3226 1823 3270 AAA.
1900 3228 2084 3284 utropio
2106 3242 2191 3286 pp.
2249 3228 2297 3272 Si
2330 3241 2418 3284 qua
2445 3227 2604 3272 mulier
2632 3239 2910 3284 nequaquam

1569 3282 1762 3325 11161111),Μ
1806 3282 2057 3337 religionem
2101 3284 2238 3339 priori
2282 3284 2373 3328 viro
2423 3284 2677 3340 nuptiarum
2726 3283 2908 3328 festina·

1570 3338 1688 3381 tione
1725 3339 2017 3393 praestiterit,
2055 3352 2110 3383 ex
2147 3340 2245 3384 iure
2285 3339 2460 3396 quidem
2498 3340 2726 3384 notissimo
2755 3339 2814 3383 sit
2840 3338 2907 3382 in-

1578 3399 1588 3436 1
1639 3394 1782 3438 famis.
1829 3394 2067 3439 Praeterea
2083 3397 2278 3441 secundo
2295 3396 2387 3439 viro
2404 3396 2522 3439 ultra
2541 3395 2717 3439 tertiam
2738 3401 2908 3452 partem

1570 3450 1784 3494 bonorum
1822 3450 1869 3494 in
1905 3451 2051 3495 dotem
2088 3465 2143 3495 ne
2173 3452 2247 3496 det
2276 3465 2417 3507 neque
2446 3451 2487 3495 ei
2515 3455 2777 3496 testamento
2807 3452 2908 3507 plus

1571 3510 1594 3549 2
1640 3519 1771 3562 quam
1786 3507 1963 3550 tertiam
1977 3513 2149 3562 partem
2173 3509 2404 3572 relinquat.
2453 3507 2657 3551 Omnium
2679 3512 2909 3563 praeterea

1569 3562 1863 3606 hereditatum
1908 3563 2155 3617 legatorum
2206 3563 2644 3607 fideicommissorum
2701 3575 2909 3619 suprema

1569 3619 1796 3662 voluntate
1833 3619 2107 3671 relictorum,
2153 3619 2305 3662 mortis
2350 3631 2486 3663 causa
2524 3618 2812 3664 donationum
2850 3618 2908 3663 sit

1569 3687 1740 3730 expers.
1785 3674 1897 3717 haec
1918 3687 2107 3730 namque
2131 3675 2187 3718 ab
2212 3675 2449 3718 heredibus
2472 3674 2538 3718 vel
2568 3674 2859 3719 coheredibus
2874 3675 2908 3702 ¹⁵

1570 3738 1648 3774 aut
1677 3732 1734 3774 ab
1763 3730 1971 3774 intestato
2001 3730 2336 3775 succedentibus
2367 3730 2580 3774 vindicari
2607 3731 2820 3782 iubemus,
2851 3741 2908 3773 ne

1568 3787 1613 3829 in
1642 3786 1736 3838 his,
1777 3786 1934 3842 quibus
1966 3786 2283 3830 correctionem
2312 3799 2482 3830 morum
2510 3786 2775 3839 induximus,
2810 3785 2907 3830 fisci

1571 3848 1594 3885 3
1652 3842 1875 3886 videamur
1903 3842 2069 3886 habere
2097 3842 2324 3885 rationem.
2369 3842 2454 3886 His
2482 3843 2614 3886 etiam
2640 3841 2904 3892 amittendis,

1570 3910 1683 3954 quae
1720 3897 1841 3953 prior
1878 3898 2063 3942 maritus
2103 3898 2142 3941 ei
2178 3910 2384 3953 suprema
2411 3898 2637 3954 reliquerit
2666 3897 2904 3948 voluntate,

1570 3965 1834 4009 quamquam
1873 3953 2003 4005 haec,
2045 3966 2159 4017 quae
2195 3954 2367 3998 mulieri
2404 3967 2431 3997 a
2468 3953 2618 4010 priore
2649 3953 2742 3997 viro
2771 3951 2903 3996 relin-

1571 4014 1765 4065 quuntur
1781 4010 1814 4035 ¹⁶
1852 4014 1895 4052 et
1932 4021 2012 4064 per
2048 4014 2332 4053 1mmaturum
2366 4009 2690 4054 matrimonium
2717 4012 2905 4052 vacuata

1570 4077 1666 4109 esse
1697 4071 1950 4119 coeperunt,
1980 4065 2121 4121 primo
2152 4078 2180 4108 a
2210 4065 2360 4109 decem
2381 4065 2582 4121 personis
2609 4064 2753 4108 edicto
2774 4075 2903 4118 prae-

1570 4121 1678 4164 toris
1718 4120 2009 4171 enumeratis,
2047 4121 2094 4165 id
2131 4126 2199 4165 est
2237 4120 2608 4165 adscendentibus
2646 4122 2692 4163 et
2721 4118 2902 4163 descen·

1571 4176 1776 4220 dentibus
1814 4181 1860 4219 et
1897 4188 1952 4219 ex
1990 4176 2130 4221 latere
2167 4189 2310 4234 usque
2347 4177 2404 4221 ad
2433 4175 2674 4221 secundum
2701 4172 2904 4230 gradum,

1571 4233 1742 4276 scilicet
1775 4231 1986 4287 gradibus
2022 4233 2229 4286 servatis,
2280 4232 2436 4276 deinde
2471 4229 2694 4288 praesumi
2729 4242 2758 4274 a
2793 4229 2902 4275 fisco

2077 4376 2154 4428 (ιο)
2182 4373 2289 4416 filios
2317 4386 2359 4415 se
2386 4374 2492 4414 iuste
2521 4373 2599 4414 hac
2628 4373 2788 4415 ratione
2815 4386 2902 4415 sus-

1886 4432 1956 4483 (11)
1983 4431 2185 4485 principis
2213 4433 2287 4473 ins.
2314 4430 2386 4472 Th.
2473 4430 2548 4482 (12)
2577 4428 2800 4484 quadrupli
2826 4429 2901 4472 Th.

163 4480 283 4524 5‚¹.3
369 4483 420 4531 (1)
451 4484 490 4521 61
511 4482 580 4522 Th.
606 4484 790 4526 οιιηιΒΣ
813 4484 868 4530 (κ.
884 4485 965 4532 π.),
994 4497 1066 4522 om.
1086 4484 1178 4524 libri
1260 4485 1315 4536 (5)
1339 4487 1485 4528 statuti
1569 4485 1644 4537 (13)
1677 4501 1743 4539 pr·
1779 4505 1837 4522 ==
1868 4489 1908 4533 6,
1939 4496 1999 4538 56,
2028 4496 2069 4529 4:
2106 4488 2282 4538 fortasse
2310 4487 2535 4539 iunqendae
2561 4493 2654 4526 sunt
2682 4488 2721 4537 5,
2754 4495 2783 4538 ι,
2812 4494 2834 4527 3
2863 4495 2903 4528 et

164 4535 292 4572 nostri
316 4536 516 4576 sanctioni
542 4538 613 4577 Th.
642 4548 777 4578 contra
803 4539 889 4577 ΒΣ
910 4539 963 4587 (κ.
979 4537 1044 4588 π.)
1131 4541 1187 4590 (6)
1217 4541 1317 4581 idem
1347 4544 1483 4583 viden·

167 4595 230 4625 tur
260 4587 397 4639 leqisse
432 4591 601 4632 Graeci:
631 4593 707 4631 hoc
738 4595 811 4634 ins.
850 4592 921 4632 ΤΙι.
1064 4593 1118 4644 (7)
1147 4595 1376 4636 vindicibus
1411 4599 1481 4639 Th.

168 4641 225 4694 (s)
254 4661 309 4677 ει
342 4643 412 4684 Th.
428 4647 466 4696 3,
483 4655 569 4695 ιο,1
600 4648 642 4689 Β
668 4649 734 4700 28,
759 4657 794 4695 5,
819 4658 886 4692 40:
917 4649 1119 4706 iunqenda
1135 4651 1288 4692 videtur
1310 4653 1349 4706 5,
1376 4661 1410 4703 4,
1437 4662 1480 4696 20

1568 4555 1671 4595 quae
1710 4543 1770 4583 ibi
1803 4541 2044 4593 laudantur,
2083 4551 2126 4584 ut
2168 4544 2208 4584 in
2246 4542 2534 4594 subscriptione
2569 4538 2651 4581 Iul.
2692 4556 2771 4593 pro
2809 4541 2899 4582 Ian.

1567 4598 1790 4637 emendetur
1901 4598 1974 4649 (14)
2002 4597 2141 4638 luctus
2169 4613 2243 4639 om.
2276 4598 2300 4638 l.
2330 4612 2430 4652 yem.
2544 4597 2618 4650 (¹5)
2647 4597 2732 4639 suis
2763 4599 2835 4640 ins.
2870 4595 2904 4640 C

1566 4652 1642 4707 (16)
1671 4653 1729 4695 sic
1759 4653 1863 4705 dett,
1894 4651 2186 4707 relinquantur
2218 4652 2253 4697 C

3136 4292 3152 4367 *Q
3150 4236 3152 4241 .
3146 4147 3152 4194 in
