3086 4732
155 156 248 209 12

154 318 433 352 successores
465 320 517 351 ac
545 305 711 363 posteri
739 317 871 360 super
899 309 983 350 hoc
1011 314 1130 352 tacto
1160 309 1249 354 sive
1269 317 1484 351 consensu

155 365 253 416 6(3)
283 376 378 406 com
414 363 550 407 etenti
561 363 615 406 ab
628 361 937 406 ecclesiasticis
947 363 1119 408 actione
1136 365 1386 421 pulsentur:
1403 361 1484 404 His

153 376 477 472 tabellionibus,
516 419 592 474 qui
629 416 878 460 huiusmodi
917 422 1223 464 contractuum
1251 419 1484 462 vetitorum

153 473 251 518 ausi
295 473 459 518 fuerint
501 473 793 517 instrumenta
836 473 1136 528 conscribere,
1186 473 1483 518 irrevocabilis

154 534 175 571 7
210 530 269 583 (4)
326 529 445 574 exilii
481 526 854 571 animadversione
920 528 1150 574 lectendis:
1191 531 1271 574 His
1312 540 1485 585 quoque

151 584 370 628 iudicibus
407 585 474 628 vel
512 585 579 626 ius
615 585 836 636 gestorum
914 584 1169 640 abentibus‚
1216 586 1290 642 qui
1335 585 1483 627 huius-

152 640 271 685 modi
299 640 583 683 donationum
612 638 679 680 vel
709 642 1015 683 contractuum
1049 646 1175 696 gesta
1205 640 1485 692 confecerint,

153 695 377 751 dignitatis
415 694 619 750 propriae
655 696 703 736 ‘et
742 693 958 738 bonorum
998 697 1189 741 omnium
1227 696 1487 752 spoliatione

153 756 177 795 8
210 756 268 804 (5)
334 748 606 793 damnandis.
675 748 791 793 Sane
825 762 881 793 ne
920 751 1060 796 omnis
1098 753 1312 808 religiosis
1359 764 1486 796 oeco-

151 807 292 850 nomis
321 804 579 861 provisionis
611 804 865 848 commodae
893 806 963 849 via
1001 811 1046 851 et
1074 809 1248 852 occasio
1278 820 1487 852 veneran-

152 862 219 906 dis
263 860 460 905 ecclesiis
502 859 739 914 profutura
779 860 982 905 videatur
1025 863 1216 919 exclusa,
1260 864 1328 919 id,
1373 862 1489 918 quod

151 918 259 961 utile
286 917 542 973 plerumque
570 915 805 970 iudicatur,
845 918 1044 962 cautelae
1081 920 1384 964 observatione
1413 931 1489 962 ne-

150 977 176 1016 9
235 971 425 1016 cessario
454 971 694 1026 procedere
725 973 1017 1018 concedimus.
1077 974 1125 1019 Si
1154 975 1329 1031 quando
1358 975 1491 1030 igitur

149 1028 215 1072 vir
242 1028 471 1082 religiosus
502 1039 767 1071 oeconomus
797 1028 927 1072 huius
956 1030 1102 1085 regiae
1125 1032 1248 1075 urbis
1278 1031 1491 1075 ecclesiae

149 1082 699 1147 perspexeritfiexpedire,
739 1087 790 1126 ut
819 1084 1086 1130 desideranti
1115 1087 1319 1142 cuiquam
1349 1090 1489 1130 certa-

149 1153 247 1183 rum
274 1150 604 1194 po‘ssesslonum
633 1143 766 1195 atque
785 1139 1078 1196 praediorum,
1107 1142 1377 1186 urbanorum
1405 1142 1490 1185 sci-

149 1196 253 1239 licet
281 1194 371 1238 sive
399 1194 680 1248 rusticorum,
711 1194 768 1238 ad
796 1196 864 1240 ius
895 1197 1242 1242 ecclesiasticum
1271 1198 1489 1253 pertinen-

149 1252 258 1294 tium
294 1249 593 1306 temporaria2
630 1263 737 1295 usus
777 1251 949 1296 fructus
989 1254 1209 1309 possessio
1241 1267 1323 1310 pro
1353 1254 1491 1308 ipsius

149 1307 360 1364 petitione
398 1310 672 1362 praestetur,
711 1309 819 1351 tunc
849 1308 941 1352 eius
971 1309 1194 1365 temporis,
1233 1309 1351 1364 quod
1378 1309 1493 1352 inter

150 1369 360 1418 utrosque
390 1363 654 1413 convenerit,
698 1362 789 1407 sive
817 1363 863 1406 in
892 1364 1036 1407 diem³
1074 1365 1188 1409 vitae
1217 1377 1324 1408 suae
1354 1366 1409 1408 ab
1441 1377 1491 1408 eo

151 1420 225 1474 qui
254 1417 475 1462 desiderat
501 1419 764 1473 postuletur,
804 1424 938 1474 pacta
975 1434 1074 1463 cum
1103 1434 1156 1465 eo
1187 1421 1262 1476 qui
1290 1421 1376 1464 hoc
1406 1420 1491 1464 ele-

150 1474 262 1531 gerit
288 1475 408 1518 ineat
436 1486 702 1518 oeconomus
733 1476 866 1530 atque
895 1476 1160 1529 conscribat,
1197 1489 1279 1541 per
1308 1489 1421 1532 quae
1452 1480 1495 1519 et

150 1538 338 1586 tempus,
366 1530 484 1573 intra
513 1530 631 1585 quod
660 1531 746 1574 hoc
797 1532 983 1575 raestari
1011 1532 1241 1587 placuerlt,
1274 1537 1494 1576 statuatur

151 1592 196 1631 et
238 1585 520 1630 manifestum
563 1586 632 1640 sit,
679 1545 794 1642 quidl
828 1590 1130 1644 quacumque⁴
1174 1588 1396 1654 acceperit
1437 1588 1494 1631 ad

148 1644 311 1688 vicem⁵
335 1643 471 1687 huius
486 1642 687 1686 beneficii
716 1643 870 1698 gratia,
910 1644 1176 1699 praestando
1218 1644 1392 1700 quldem
1422 1656 1493 1688 ec-

152 1699 388 1744 clesiastici
416 1698 587 1755 praedii
615 1712 697 1755 pro
728 1705 927 1755 tempore
956 1714 1041 1744 usu
1069 1700 1232 1753 fructu,
1272 1705 1376 1756 post
1404 1705 1493 1743 sta-

151 1761 295 1799 tutum
324 1759 472 1799 autem
501 1758 675 1810 tempus
705 1759 749 1798 et
778 1755 990 1811 placitum
1015 1761 1261 1812 temporum
1277 1756 1494 1800 redituum

151 1811 421 1868 proprietate
459 1810 516 1854 ad
560 1811 629 1855 ius
669 1813 714 1854 et
759 1811 996 1855 dominium
1040 1813 1386 1856 ecclesiasticum
1425 1824 1493 1855 re-

153 1870 358 1911 currente
386 1867 589 1910 firmiter:
620 1867 685 1910 ita
714 1867 895 1920 scilicet,
926 1873 977 1910 ut
992 1869 1082 1913 sive
1101 1868 1318 1924 completo
1336 1867 1494 1924 spatio,

153 1923 270 1978 quod
311 1923 428 1966 inter
470 1936 546 1966 eos
589 1923 725 1966 fuerit
754 1923 1054 1977 constitutum,
1095 1937 1173 1968 seu
1206 1924 1359 1968 mortis
1389 1935 1495 1968 suae

153 1985 361 2035 tempore,
392 1979 429 2022 si
457 1979 544 2022 hoc
574 1991 746 2034 quoque
777 1981 1040 2034 convenerit,
1070 1980 1123 2033 is,
1155 1980 1229 2036 qui
1252 1980 1495 2036 possessio-

153 2048 250 2078 nem
281 2034 625 2078 ecclesiasticam
655 2037 728 2078 et⁶
759 2041 978 2079 certorum
1000 2036 1218 2079 redituum
1234 2049 1361 2079 usum
1377 2035 1496 2078 fruc-

152 2097 246 2134 tum
283 2090 477 2134 habendi
522 2091 666 2146 gratia
704 2097 836 2145 pacto
876 2092 1190 2136 interveniente
1239 2092 1495 2147 susceperit,

152 2161 242 2191 non
270 2147 413 2190 minus
443 2159 575 2202 quam
605 2147 788 2190 alterius
818 2152 969 2191 tantae
998 2149 1271 2203 quantitatis,
1308 2152 1497 2203 quantae

153 2207 388 2258 acceperat
425 2202 613 2256 reditus,
657 2216 758 2246 cum
793 2204 890 2259 ipso
924 2204 1202 2258 praediorum
1232 2204 1423 2247 dominio
1456 2208 1498 2246 et

151 2260 285 2303 rebus
314 2259 610 2302 immobilibus
639 2271 877 2314 eorumque
907 2260 1074 2303 colonis
1105 2265 1149 2303 et
1165 2260 1395 2314 mancipiis
1425 2272 1496 2302 ec-

167 2319 207 2358 10
266 2314 423 2358 clesiae
462 2314 750 2370 derelinquat.
820 2314 916 2358 Nisi
955 2316 1070 2359 enim
1117 2316 1202 2359 hac
1240 2315 1498 2358 condicione

153 2374 286 2427 pacta
313 2371 422 2413 inita
441 2369 618 2423 fuerint,
651 2383 702 2413 ea
726 2383 899 2426 quoque
924 2371 1200 2415 decernimus
1230 2385 1319 2414 non
1339 2371 1496 2422 valere,

154 2427 231 2470 sed
260 2426 581 2482 possessionem
620 2427 965 2470 ecclesiasticam
1003 2432 1227 2482 tamquam
1256 2427 1375 2470 nullo
1404 2427 1498 2469 iure

153 2482 467 2538 transcriptam
495 2482 542 2524 in
570 2483 708 2537 ipsius
739 2483 835 2525 iure
865 2494 916 2525 ac
946 2482 1138 2526 dominio
1169 2494 1424 2538 permanere
1454 2484 1499 2523 et

154 2539 209 2581 ab
242 2537 551 2581 ecclesiasticis
582 2538 675 2581 sive·
703 2538 948 2582 oeconomis
976 2538 1250 2582 decernimus
1271 2537 1497 2581 vindicari.

155 2594 208 2638 D.
222 2592 613 2651 Constantinopoli
629 2592 828 2638 Iordane
856 2599 901 2638 et
916 2594 1080 2638 Severo
1099 2596 1262 2638 conss.⁷
1316 2595 1376 2650 [a.
1396 2591 1497 2648 470]

215 2648 276 2695 15
310 2646 658 2709 8[Αὐτοκράτωρ
676 2648 921 2703 ΖήνωνΑ.]
952 2681 963 2692 .
995 2681 1005 2692 .
1036 2682 1046 2693 .
1079 2682 1089 2692 .
1121 2683 1131 2694 .
1163 2683 1172 2692 .
1204 2681 1214 2692 .
1246 2651 1311 2691 Εἴ
1333 2663 1399 2691 τις
1414 2646 1498 2691 δω-

157 2705 262 2761 ρεὰν
291 2707 487 2759 κινητῶν
517 2702 544 2759 ἢ
572 2702 799 2760 ἀκινήτων
828 2701 855 2760 ἢ
885 2703 1192 2758 αὕτοκινήτων
1221 2704 1500 2761 πραγμάτων

158 2762 184 2815 ἢ
213 2758 474 2813 οἱουδὴποτε
504 2758 675 2802 δικαίου
704 2759 934 2814 ποιήσοιτο
965 2763 1024 2803 εἰς
1053 2760 1301 2819 πρόσωπον
1330 2758 1498 2813 οἱουδή-

159 2832 269 2861 ποτε
296 2815 513 2882 μάρτυρος
542 2812 568 2869 ἢ
596 2812 844 2858 ἀποστόλου
873 2812 900 2868 ἢ
929 2816 1158 2874 προφήτου
1181 2814 1208 2869 ἢ
1237 2818 1333 2858 τῶν
1358 2814 1500 2873 ἁγίων

159 2869 378 2928 ἀγγέλων,
410 2883 479 2921 ,ως
513 2868 690 2924 μέλλων
729 2868 958 2928 εὐκτὴριον
998 2873 1119 2912 οἷκον
1158 2869 1406 2925 οἰκοδομεῖν
1443 2872 1501 2911 εἰς

161 2925 350 2981 μνήμην,
381 2923 517 2983 οὗπερ
547 2922 734 2979 ὀνόματι
771 2925 853 2978 τὴν
890 2923 1048 2980 εὐσεβῆ
1077 2924 1286 2968 διατυποῖ
1314 2923 1500 2984 δωρεάν,

162 2980 245 3034 τὴν
274 2977 414 3033 αὐτὴν
443 2977 629 3037 δωρεάν,
660 2981 697 3021 εἰ
725 2979 864 3035 μόνον
892 2981 974 3033 τὴν
991 2982 1152 3038 πρᾶξιν
1181 2983 1277 3023 τῶν
1306 2979 1501 3050 ὑπομνη-

162 3035 321 3093 μάτων
357 3034 471 3077 κατὰ
500 3035 578 3078 τὰς
605 3036 736 3078 θἐιάς
773 3034 992 3086 διατάξεις
1021 3034 1296 3093 ἐνεφάνισεν,
1327 3042 1382 3094 ἐφ
1435 3031 1501 3080 οἷν

161 3093 293 3134 τοῦτο
331 3087 577 3149 ἀναγκαῖόν
612 3093 709 3133 ἐστι
745 3091 930 3148 μαθεῖν,
962 3097 1140 3147 κρατεῖν
1170 3097 1242 3134 καὶ
1282 3095 1331 3134 ἐν
1371 3090 1500 3136 ἀπαι-

161 3147 284 3202 τήσει
319 3149 368 3188 ἐκ
406 3145 575 3190 παντὸς
611 3147 725 3189 εἶναι
753 3144 934 3206 τρόπου,
971 3145 1055 3190 κᾶν
1084 3145 1329 3207 ἀρχθέντος
1365 3146 1392 3203 ἢ
1429 3154 1503 3191 καὶ

162 3203 221 3258 μὴ
262 3199 519 3261 ἀρχθέντος,
563 3199 672 3244 ἀλλὰ
716 3200 1093 3260 προδηλωθέντος
1133 3202 1275 3259 μόνον
1319 3202 1393 3247 διὰ
1428 3207 1503 3259 τῆς

163 3257 327 3317 δωρεᾶς
365 3259 444 3300 τοῦ
483 3255 662 3316 εὖαγοῦς
699 3256 1044 3315 οἰκοδομήματος
1079 3255 1102 3300 ὁ
1138 3259 1503 3316 φιλοτιμούμενος

163 3313 245 3368 τὴν
274 3315 441 3356 οἰκείαν
470 3312 646 3373 δηλώσῃ
675 3313 874 3372 γνώμην,
905 3311 1023 3357 ὥστε
1048 3319 1122 3357 καὶ
1149 3311 1287 3358 αὐτὸν
1311 3316 1503 3360 καὶτοὺς

164 3461 212 3509 (1)
240 3454 492 3510 prospexerit
509 3457 604 3498 libri
712 3458 764 3505 (2.)
795 3457 1042 3508 temporaria
1058 3458 1110 3509 R,
1140 3459 1323 3510 tempora
1343 3478 1409 3499 *a*
1430 3459 1496 3510 Ca,

162 3512 395 3566 temporalis
417 3510 467 3554 0⁶
588 3512 641 3562 (3)
672 3511 736 3552 die
763 3513 858 3553 libri
971 3514 1022 3563 (4)
1056 3513 1157 3564 quid
1176 3525 1434 3565 quacumque
1454 3516 1498 3566 C,

163 3569 263 3620 quid
291 3580 570 3620 quaecumque
586 3569 648 3608 Ra
659 3568 692 3619 ἱ),
723 3567 824 3619 quid
853 3568 1102 3620 quicumque
1124 3567 1181 3609 111²
1293 3571 1348 3622 (5)
1377 3572 1436 3611 sic
1456 3569 1498 3622 C,

163 3625 214 3665 ad
242 3624 419 3664 invicem
442 3622 476 3663 R
617 3625 670 3674 (6)
702 3627 742 3664 et
771 3624 846 3665 del.
989 3630 1040 3673 (7)
1070 3626 1306 3679 subscriptio
1340 3627 1501 3667 debetur

168 3681 307 3722 Contio
419 3680 475 3732 (8)
504 3694 537 3720 c.
566 3688 606 3722 15
637 3688 745 3721 extat
773 3682 814 3722 in
835 3680 1022 3722 Nomoc.:
1055 3682 1350 3734 inscriptionem
1388 3683 1501 3724 resti-

163 3793 184 3800 .-

224 3843 285 3891 15
317 3843 430 3903 Imp.
463 3843 582 3888 Zeno
599 3846 650 3888 A.
710 3845 760 3888 Si
788 3845 889 3902 quis
917 3844 1204 3890 donationem
1231 3862 1381 3892 rerum
1409 3848 1500 3893 sive

143 3901 387 3946 ·mobilium
436 3901 528 3944 sive
569 3900 856 3945 immobilium
903 3915 982 3945 seu
1023 3915 1072 3946 se
1113 3905 1379 3947 moventium
1421 3918 1499 3948 seu

164 3956 397 4001 cuiuslibet
431 3956 545 4000 iuris
579 3957 787 4013 conferet
817 3957 865 4000 in
887 3971 1133 4015 personam
1163 3960 1354 4004 cuiusvis
1382 3974 1498 4003 mar-

166 4012 280 4070 tyris
315 4011 385 4057 vel
412 4011 609 4076 apostoli
637 4013 705 4056 vel
725 4013 944 4071 propheti
981 4014 1051 4058 vel
1076 4019 1334 4059 sanctorum
1363 4030 1499 4074 anye-

165 4069 310 4112 lorum
324 4073 571 4112 oratorium
587 4068 903 4123 aedificaturus
917 4069 965 4112 in
982 4070 1238 4113 memoriam
1254 4072 1363 4124 eius,
1374 4072 1500 4115 cuius

163 4124 342 4168 nomine
379 4123 662 4168 donationem
692 4124 942 4177 conscribit,
981 4124 1164 4169 eandem
1198 4126 1498 4179 donationem,

165 4179 297 4224 modo
335 4185 538 4223 actorum
576 4180 901 4236 confectionem
938 4181 1180 4224 secundum
1208 4195 1366 4226 sacras
1394 4196 1500 4227 con-

166 4235 417 4280 stitutiones
448 4234 694 4279 observarit
719 4236 794 4289 (in
823 4235 984 4292 quibus
1011 4235 1098 4280 hoc
1125 4237 1327 4282 videlicet
1353 4251 1500 4282 neces-

165 4291 334 4334 sarium
371 4293 484 4344 est),
524 4290 671 4334 valere
709 4296 753 4334 et
791 4291 1042 4336 omnimodo
1071 4292 1199 4349 exiqi
1217 4307 1372 4350 posse,
1410 4293 1500 4338 sive

168 4351 324 4403 coepto
351 4359 483 4390 sacro
515 4345 717 4401 aedificio
732 4346 822 4390 sive
851 4361 943 4390 non
971 4353 1143 4405 coept0,
1173 4348 1253 4391 sed
1270 4349 1498 4406 promisso

171 4406 337 4445 tantum
366 4415 455 4460 per
489 4401 772 4445 donationem
810 4403 849 4445 is
884 4403 962 4459 qui
989 4403 1185 4459 larqitur
1212 4404 1500 4448 intentionem

169 4469 294 4498 suam
323 4456 549 4501 ostendat:
576 4461 628 4500 ut
654 4462 698 4500 et
724 4457 819 4513 ipse
847 4463 890 4501 et
917 4457 1101 4502 heredes
1142 4458 1238 4501 eius
1268 4464 1500 4503 teneantur

166 4509 243 4569 pie
259 4511 501 4573 promissis
528 4516 573 4555 et
601 4517 690 4556 tam
710 4513 1000 4570 promissum,
1028 4518 1079 4556 ut
1107 4512 1273 4557 dict-um
1301 4519 1382 4567 est,
1421 4515 1500 4558 do-

172 4569 351 4608 natione
398 4580 574 4610 sacrum
625 4567 873 4611 oratorium
916 4567 1150 4624 aedificent
1191 4581 1345 4625 quam,
1395 4569 1500 4613 dum

174 4618 450 4672 aedificatum
478 4629 543 4666 est
571 4623 639 4667 vel
653 4622 930 4679 aedificatur,
959 4623 1055 4667 eius
1079 4622 1360 4667 liberalitatis
1377 4626 1500 4673 fruc-

1497 152 1560 210 14

2391 167 2466 205 DE
2503 166 2904 208 SAOROSANCTIS

1569 302 1703 347 αὐτοῦ
1735 302 2025 363 κληρονομους
2045 308 2136 349 τοῖς
2163 302 2357 360 εὐσεβῶς
2382 302 2715 363 ἐπηγγελμένοις
2733 302 2910 359 ἐνόχους

1569 358 1702 403 ὄντας
1730 363 1804 400 καὶ
1841 357 2215 417 προδηλούμενον,
2247 357 2305 404 οἷς
2343 361 2528 418 εἴρηται,
2562 362 2610 403 ἐκ
2637 362 2714 415 τῆς
2742 359 2909 421 δωρεᾶς

1570 411 1719 473 εὐαγὲς
1748 411 1975 473 εὐκτῆριον
2003 414 2251 474 οἰκοδομεῖν
2279 419 2353 459 καὶ
2381 411 2724 470 οἰκοδομηθέντι
2751 413 2779 471 ἢ
2796 417 2909 460 οἰκο-

1571 468 1828 526 δομουμένῳ
1867 468 1951 524 τὴν
1989 473 2038 513 ἐκ
2073 474 2148 526 τῆς
2196 470 2329 526 αὐτῆς
2400 469 2616 525 ιλοτιμίας
2665 467 2911 517 &vaticanis

1576 532 1592 570 1
1653 530 1863 582 παρέχειν
1908 521 2170 570 ἀπόλαυσιν.
2249 527 2309 570 Τὰ
2353 489 2402 570 gi}
2446 522 2557 568 αὐτὰ
2594 531 2670 568 καὶ
2709 530 2783 571 ἐπὶ
2815 532 2911 571 ταῖς

1571 584 1666 625 τῶν
1694 581 1981 636 καλουμένων
2009 581 2296 636 ξενοδοχείων
2335 579 2362 636 ἢ
2390 587 2693 636 νοσοκομείων
2727 579 2755 637 ἢ
2790 598 2911 627 πτω-

1571 643 1703 692 χείων
1756 633 2091 692 οἰκοδομεῖσθαι
2151 637 2264 682 καθ’
2323 637 2376 682 ὂν
2429 643 2690 708 προείρηται
2741 636 2912 696 τρόπον

1574 691 1950 752 ἐπαγγελθέντων
1980 690 2166 752 δωρεαῖς
2192 694 2307 738 κατὰ
2329 691 2481 740 πάντα
2496 710 2665 752 τροπον
2680 699 2912 754 κρατείτω.

1573 755 1595 794 2
1624 748 1791 793 Ἀδειάς
1805 745 2034 802 διδομένης
2043 753 2134 792 τοῖς
2146 749 2258 793 κατὰ
2274 749 2418 794 τόπον
2436 749 2801 807 θεοφιλεστάτοις
2818 754 2912 794 ἑπι-

1573 805 1750 849 σκόποις
1765 803 1861 857 ἤτοι
1876 807 1966 846 τοῖς
1994 802 2329 861 εὐλαβεστάτοις
2357 804 2602 861 οἰκονόμοις
2621 804 2706 859 τὴν
2734 806 2783 847 ἐκ
2809 804 2912 849 ταύ·

1572 876 1648 915 της
1687 857 1814 916 ἡμῶν
1851 859 2093 926 τῆςὶθειάς
2129 859 2372 912 διατάξεως
2408 858 2689 920 ἁρμόζουσαν
2734 857 2763 903 ἆ
2793 859 2915 920 ωγὴν

1574 921 1712 959 κινεῖν
1756 911 1856 957 κατ’
1907 917 2059 958 αυτῶν
2110 914 2183 974 ἐφ’
2231 917 2292 960 οἶς
2335 915 2528 973 εὐσεβῶς
2573 919 2755 975 ἐπηγγεί
2782 930 2915 960 αντο·

1575 972 1838 1024 δικαστικῆς,
1869 965 1980 1029 ὅπερ
2009 974 2083 1013 καὶ
2113 971 2255 1030 λέγειν
2283 970 2488 1031 ἀπρεπές,
2521 971 2748 1030 δεομένων
2784 968 2914 1031 ἀνάγ-

1576 1034 1597 1071 3
1658 1042 1742 1081 κης.
1784 1023 1883 1069 Ἐπὶ
1912 1022 2060 1080 τούτῳ
2088 1032 2243 1083 μέντοι
2271 1031 2338 1083 τῷ
2368 1025 2474 1085 ὅρῳ,
2505 1026 2576 1086 ἐφ’
2611 1028 2648 1083 ᾧ
2666 1045 2716 1071 τε
2738 1026 2914 1086 πληρω-

1578 1086 1757 1127 θέντων
1779 1083 1877 1124 τῶν
1902 1079 2156 1125 δοκούντων
2179 1082 2327 1137 τούτῳ
2357 1088 2423 1138 τῷ
2450 1083 2574 1139 νόμῳ
2599 1088 2674 1126 καὶ
2696 1085 2774 1138 τῆς
2797 1081 2915 1127 εὗσε-

1574 1143 1677 1196 βοῦς
1699 1140 1796 1182 τῶν
1819 1135 2154 1197 δωρησαμένων
2171 1138 2431 1198 ἐπαγγελίας
2446 1142 2562 1199 ἔργῳ
2579 1137 2918 1199 παραδοθείσης

1576 1194 1906 1255 συγχωρεῖσθαι
1935 1192 2048 1236 κατὰ
2075 1192 2132 1237 τὰ
2161 1192 2358 1246 δόξαντα
2385 1199 2476 1238 τοῖς
2495 1194 2915 1264 φιλοτιμησαμένοις

1576 1257 1648 1295 καὶ
1692 1249 1806 1293 κατὰ
1847 1247 1948 1292 τοὺς
1992 1249 2287 1293 ἐπιτεθέντας
2324 1248 2472 1294 αὐτοῖς
2500 1248 2625 1311 όρους
2653 1255 2918 1310 προβαίνειν

1577 1307 1658 1362 τὴν
1684 1307 1780 1349 τῶν
1809 1303 2120 1364 δωρηθέντων
2150 1303 2382 1359 διοίκησιν.

1639 1361 1698 1409 16
1730 1361 1854 1405 Idem
1882 1362 1933 1405 Α.
1958 1359 2225 1406 Sebastiano
2235 1376 2330 1461 dpp.

2264 1432 2277 1460 1

2389 1360 2694 1416 Decernimus,
2724 1367 2776 1407 ut
2804 1362 2917 1416 anti-

1578 1420 1719 1477 quatis
1773 1431 1826 1460 ac
1860 1415 2101 1460 infirmatis
2152 1416 2233 1460 fun

2279 1423 2372 1472 tus,
2419 1431 2532 1473 quae
2578 1424 2734 1463 contra
2775 1419 2919 1475 ipsum

1579 1475 1846 1520 orthodoxae
1882 1472 2103 1528 religionis
2142 1473 2272 1516 deum
2303 1473 2622 1529 quodammodo
2652 1474 2773 1518 facta
2801 1478 2918 1527 sunt,

1577 1534 1621 1575 in
1658 1532 1875 1585 integrum
1913 1529 2203 1572 restituantur
2241 1530 2444 1574 universa
2484 1536 2529 1574 et
2557 1530 2614 1573 ad
2644 1543 2774 1574 suum
2803 1529 2920 1575 ordi-

1576 1601 1675 1631 nem
1703 1589 1977 1638 revocentur,
2010 1597 2123 1639 quae
2147 1590 2249 1629 ante
2274 1585 2591 1641 profectionem
2605 1590 2784 1630 nostrae
2798 1598 2919 1630 man·

1578 1642 1820 1688 suetudinis
1858 1641 1912 1685 de
1951 1641 2224 1685 orthodoxae
2253 1642 2476 1697 religionis
2505 1641 2591 1686 fide
2620 1646 2664 1686 et
2693 1641 2921 1686 sanctissi⁴

1579 1712 1748 1743 marum
1792 1697 2076 1741 ecclesiarum
2117 1701 2162 1740 et
2190 1698 2529 1754 martyriorum⁹
2572 1702 2692 1742 statu
2735 1697 2922 1743 firmiter

1580 1755 1858 1799 obtinebant:
1896 1753 1979 1805 his,
2021 1765 2132 1808 quae
2172 1758 2328 1797 contra
2360 1754 2470 1797 haec
2499 1758 2695 1809 tempore
2723 1753 2921 1811 tyranni-

1581 1812 1647 1855 dis
1685 1811 1893 1853 innovata
1933 1813 2036 1851 sunt
2072 1814 2163 1851 tam
2203 1814 2359 1853 contra
2386 1811 2658 1854 venerabiles
2697 1810 2920 1864 ecclesias,

1581 1880 1765 1923 quarum
1795 1864 2089 1908 sacerdotium
2117 1865 2228 1919 gerit
2256 1865 2534 1910 beatissimus
2565 1879 2618 1909 ac
2646 1865 2922 1921 religiosissi-

1580 1937 1677 1967 mus
1735 1922 1968 1977 episcopus
2026 1921 2281 1975 patriarcha
2334 1926 2513 1966 nostrae
2565 1921 2743 1977 pietatis
2794 1926 2925 1978 pater

1581 1980 1787 2030 Acacius,
1827 1989 1957 2032 quam
1989 1981 2169 2029 ceteras,
2202 1990 2314 2032 quae
2342 1990 2423 2033 per
2452 1978 2645 2021 diversas
2674 1977 2923 2033 provincias

1582 2035 1824 2079 collocatae
1864 2037 1990 2084 sunt,
2034 2045 2115 2076 nec
2155 2047 2243 2076 non
2283 2038 2326 2077 et
2361 2033 2734 2077 reverentissimos
2772 2045 2924 2077 earum

1582 2091 1799 2134 antistites
1839 2101 1917 2132 seu
1954 2089 2007 2131 de
2045 2089 2140 2132 iure
2177 2089 2516 2133 sacerdotalium
2546 2090 2817 2134 creationum
2846 2101 2925 2134 seu

1582 2147 1636 2191 de
1681 2146 1937 2201 expulsione
1981 2144 2239 2200 cuiusquam
2282 2145 2480 2201 episcopi
2524 2158 2552 2188 a
2602 2145 2797 2200 quolibet
2837 2145 2924 2189 illis

1581 2202 1853 2257 temporibus
1876 2200 1997 2243 facta
2028 2213 2107 2243 seu
2137 2201 2191 2244 de
2207 2202 2511 2256 praerogativa
2539 2202 2584 2244 in
2614 2202 2925 2256 episcoporum

1583 2258 1768 2302 concilio
1808 2257 1878 2300 vel
1916 2261 2042 2299 extra
2073 2257 2306 2300 concilium
2337 2262 2440 2301 ante
2468 2258 2579 2301 alios
2608 2256 2829 2301 residendi
2857 2257 2926 2300 vel

1583 2315 1637 2358 de
1671 2313 1894 2369 privilegio
1932 2313 2268 2368 metropolitano
2306 2314 2374 2357 vel
2411 2313 2708 2368 patriarchico
2747 2313 2830 2357 sub
2863 2312 2925 2357 is-

1582 2370 1679 2413 dem
1709 2369 1852 2424 impiis
1869 2368 2154 2423 temporibus,
2184 2369 2360 2423 penitus
2377 2369 2671 2424 antiquandis,
2701 2373 2753 2412 ut
2775 2381 2924 2412 cassa·

1582 2427 1639 2469 tis
1668 2429 1713 2469 et
1741 2423 1954 2478 rescissiS,
1985 2436 2098 2478 quae
2125 2436 2206 2479 per
2220 2425 2470 2468 huiusmodi
2499 2426 2737 2469 sceleratas
2765 2424 2924 2469 iussio-

1583 2494 1660 2525 nes
1700 2484 1780 2523 aut
1807 2479 2103 2534 pragmaticas
2143 2480 2394 2523 sanctiones
2414 2481 2447 2506 ¹⁰
2475 2485 2552 2524 aut
2591 2480 2924 2528 constitutiones
2952 2496 2956 2500 ’

1582 2537 1739 2592 impias
1785 2536 1876 2579 sive
1919 2534 2083 2578 formas
2129 2535 2368 2578 subsecuta
2412 2541 2537 2588 sunt,
2583 2548 2698 2591 quae
2735 2549 2764 2580 a
2800 2535 2927 2581 divae

1582 2591 1899 2636 recordationis
1937 2595 2057 2634 retro
2096 2591 2371 2647 priucipibus
2411 2595 2514 2634 ante
2551 2596 2752 2636 nostrum
2789 2591 2925 2649 impe-

1583 2649 1697 2692 rium
1736 2650 1782 2691 et
1816 2647 2023 2701 deinceps
2060 2659 2087 2689 a
2115 2651 2269 2691 nostra
2298 2647 2632 2691 mansuetudine
2660 2647 2832 2692 indulta
2859 2648 2929 2693 vel

1586 2704 1828 2748 constituta
1867 2705 1970 2754 sunt
2009 2715 2143 2758 super
2182 2703 2347 2747 sanctis
2386 2703 2584 2747 ecclesiis
2625 2709 2670 2746 et
2705 2703 2926 2760 martyriis

1585 2763 1630 2804 ct
1657 2758 1870 2813 religiosis
1901 2758 2118 2813 episcopis
2149 2758 2317 2801 clericis
2347 2762 2427 2801 aut
2448 2758 2687 2812 monachis,
2718 2759 2927 2804 inviolata

1590 2822 1606 2858 l
1669 2818 1910 2858 serventur.
1957 2813 2298 2856 Sacrosanctam
2329 2827 2500 2869 quoque
2530 2814 2661 2858 huius
2690 2815 2926 2870 religiosis·

1586 2872 1721 2913 simae
1761 2869 1949 2912 civitatis
1989 2868 2220 2912 ecclesiam
2247 2874 2431 2912 matrem
2470 2875 2646 2914 nostrae
2673 2869 2852 2926 pietatis
2883 2876 2927 2915 et

1587 2925 1934 2970 Christianorum
1965 2924 2237 2968 orthodoxae
2267 2925 2486 2980 religionis
2517 2926 2710 2969 omnium
2739 2931 2784 2971 et
2812 2927 2926 2972 eius-

1586 2983 1682 3029 dem
1717 2981 1862 3036 regiae
1902 2980 2024 3023 urbis
2061 2981 2383 3024 sanctissimam
2426 2981 2573 3024 sedem
2610 2982 2834 3038 privilegia
2883 2987 2928 3028 et

1585 3039 1775 3081 honores
1825 3048 1973 3079 omnes
2024 3048 2156 3091 super
2194 3037 2500 3093 episcoporum
2540 3038 2837 3083 creationibus
2883 3044 2928 3083 et

1586 3094 1680 3137 iure
1711 3096 1813 3136 ante
1843 3092 1951 3135 alios
1981 3092 2203 3135 residendi
2231 3098 2275 3136 et
2306 3099 2454 3136 cetera
2484 3093 2642 3146 omnia,
2681 3107 2794 3150 quae
2823 3099 2926 3139 ante

1586 3154 1787 3193 nostrum
1825 3147 2054 3203 imperium
2094 3148 2163 3191 vel
2201 3149 2329 3192 nobis
2366 3149 2683 3204 imperantibus
2715 3150 2926 3195 habuisse

1586 3205 1867 3260 dignoscitur,
1897 3203 2061 3262 habere
2089 3203 2135 3246 in
2151 3209 2412 3260 perpetuum
2428 3205 2611 3249 firmiter
2634 3205 2780 3261 regiae
2803 3207 2926 3251 urbis

1584 3261 1747 3304 intuitu
1775 3259 2019 3303 iudicamus
2051 3262 2095 3303 et
2123 3261 2356 3304 sancimus.
2415 3260 2470 3305 I).
2500 3273 2590 3305 XVI
2617 3260 2661 3306 lc,
2691 3261 2791 3306 Ian.
2813 3269 2928 3322 post

1587 3330 1706 3361 cons.
1737 3317 1915 3360 Armati
1947 3328 2009 3359 vc.
2029 3318 2061 3342 ¹¹
2731 3317 2793 3376 [a.
2823 3317 2926 3376 477]

1583 3459 1642 3499 tui
1675 3473 1723 3498 ex
1762 3473 1794 3498 c.
1824 3466 1865 3499 16

1582 3515 1656 3565 (10)
1684 3514 1916 3553 sanctiones
1939 3514 1978 3554 R
2009 3529 2091 3554 cum
2113 3513 2294 3566 Graecis,
2310 3529 2382 3554 om.
2402 3512 2436 3554 G
2516 3515 2586 3566 (11)
2616 3517 2674 3555 ita
2702 3523 2805 3556 recte
2833 3531 2925 3557 con·

1581 3571 1751 3610 sulatum
1782 3570 1963 3611 Beckius
1992 3571 2176 3618 restituit,
2207 3585 2290 3610 cum
2322 3570 2524 3610 Basilisci
2550 3571 2731 3624 tyrannis
2759 3571 2832 3612 Ιιοο
2856 3572 2923 3612 de-

1584 3641 1683 3667 mum
1718 3640 1824 3666 anno
1863 3639 2056 3678 oppressa
2090 3626 2165 3666 sit.-
2194 3626 2350 3665 armato
2379 3637 2417 3665 v-
2443 3637 2477 3665 c.
2510 3637 2620 3666 cons.
2658 3626 2830 3678 Contine,
2861 3628 2928 3668 cui

1583 3683 1907 3736 subscriptionem
1938 3682 2121 3722 debemus

1590 3853 1604 3892 l
1669 3852 1759 3893 tum
1787 3847 1884 3891 sine
1911 3845 2241 3891 intermissione
2261 3844 2526 3904 praebeant.
2585 3843 2756 3890 Eadem
2785 3845 2923 3890 omni-

1582 3904 1716 3949 modo
1767 3903 1948 3948 valeant
1996 3903 2045 3946 in
2093 3901 2391 3947 xenodochiis
2442 3914 2558 3965 quae
2605 3900 2814 3946 dicuntur
2855 3901 2925 3947 vel

1583 3958 1852 4004 nosocomiis
1880 3958 1950 4003 vel
1967 3958 2190 4018 ptochiis,
2244 3971 2360 4014 quae
2388 3970 2489 4014 quis
2530 3955 2731 4001 donandi
2771 3956 2924 4003 anime

1584 4020 1609 4059 2
1667 4015 1729 4059 ad
1754 4014 1934 4058 modum
1962 4029 2016 4058 su
2049 4027 2105 4057 ra
2138 4013 2302 4057 dictum
2341 4013 2678 4068 aedificaturum
2714 4025 2764 4057 se
2780 4012 2920 4071 polli-

1583 4072 1699 4115 citus
1727 4075 1804 4115 est.
1849 4069 1973 4115 Data
2019 4069 2182 4113 icentia
2209 4068 2555 4126 reliqiosissimis
2579 4068 2779 4112 locorum
2806 4068 2923 4126 epis·

1584 4127 1710 4184 copis
1751 4125 1822 4171 vel
1862 4125 2156 4170 devotissimis
2194 4123 2448 4168 oeconomis
2482 4123 2701 4168 actionem
2739 4136 2800 4168 ex
2835 4122 2924 4168 Ιιαο

1582 4195 1716 4226 sacra
1745 4182 2062 4226 constitutione
2091 4184 2407 4238 competentem
2435 4178 2651 4224 adversus
2686 4192 2764 4224 eos
2792 4191 2922 4223 exer-

1583 4251 1682 4282 cere
1710 4237 1766 4282 de
1791 4237 1848 4280 iis
1908 4251 1993 4281 uae
2021 4237 2105 4302 pie
2123 4235 2323 4294 polliciti
2351 4239 2470 4286 sunt,
2500 4234 2543 4278 si
2574 4233 2765 4293 quidem,
2799 4233 2924 4292 quod

1582 4297 1628 4337 et
1676 4292 1765 4336 dici
1840 4307 1868 4336 u
1902 4299 1968 4346 et,
2012 4291 2254 4336 iudiciaria
2296 4289 2559 4334 necessitate
2605 4303 2720 4348 opus
2761 4289 2918 4347 fuerit.

1583 4353 1607 4392 3
1667 4347 1758 4392 Sub
1797 4307 1883 4392 {ac
1923 4353 2068 4392 tamen
2097 4346 2366 4404 definitione,
2404 4350 2455 4388 ut
2489 4345 2682 4404 impletis
2717 4344 2775 4388 iis
2805 4357 2921 4402 quae

1583 4403 1667 4448 hac
1704 4404 1801 4462 leqe
1827 4403 2106 4462 placuerunt
2140 4407 2185 4447 et
2209 4401 2296 4460 pia
2331 4400 2599 4445 donatorum
2617 4398 2921 4459 promissione

1583 4458 1644 4502 ad
1671 4460 1875 4515 effectum
1904 4458 2099 4502 adducta
2127 4456 2456 4501 administratio
2478 4469 2627 4501 rerum
2651 4454 2918 4518 donaturus-n

1581 4527 1644 4558 ex
1670 4515 1887 4559 sententia
1916 4514 2186 4557 donatorum
2215 4517 2261 4556 et
2284 4510 2525 4556 secundum
2553 4509 2837 4556 condiciones
2862 4520 2916 4553 ns

1581 4570 1816 4628 impositas
1843 4568 2079 4628 procedat.

2018 3458 2074 3508 (9)
2112 3458 2172 3499 sic
2209 3456 2246 3497 R
2285 3473 2368 3498 cum
2410 3458 2599 3510 Graecis,
2636 3459 2862 3513 martyrum
2895 3459 2934 3502 0

3075 1506 3086 1644 ξ
