3094 4732
130 194 279 249 X19

128 334 347 401 longinqui
381 333 547 376 itineris
583 330 834 373 diversitate
873 320 1358 390 susceptor-abductus
1398 321 1443 381 et

129 403 273 437 curiae
310 399 415 431 suae
452 386 564 429 desit
599 389 644 427 et
670 383 733 426 rei
762 382 989 426 familiaris
1019 378 1278 439 detrimenta
1307 378 1441 436 susti-

126 451 239 491 neat.
297 442 350 486 I).
372 440 493 498 prid.
525 439 582 481 id.
607 437 749 494 April.
778 433 1162 491 Constantinopoli
1192 428 1441 473 Theodosio

125 504 173 546 Α.
206 510 271 543 11!
296 502 339 541 et
366 493 650 539 Abundantio
680 504 822 535 conss.
1250 487 1309 535 [a.
1342 485 1439 534 393]

180 553 209 599 6
245 551 325 595 ¹lm
394 584 401 591 .
428 547 648 593 Arcadius
674 552 719 590 et
740 545 972 589 Honorius
986 542 1076 587 ΑΛ.
1106 539 1339 605 Theodoro
1362 552 1440 596 pp.

123 611 170 652 In
210 565 431 650 fiseaii’b'us
471 602 648 653 debitis,
686 601 771 643 hoc
807 604 874 643 est
911 608 1163 641 annonariis
1196 600 1443 648 ceterlsque

123 662 280 713 titulis,
310 660 383 716 qui
412 658 467 702 ad
497 670 641 701 arcam
671 654 1032 698 eminentissimae
1061 650 1283 715 per-tinent
1311 661 1442 704 prae-

123 722 328 768 fecturae,
359 727 440 757 nec
463 726 550 756 non
577 713 620 755 in
646 711 697 754 iis
723 709 895 760 debitis,
926 720 1040 763 quae
1064 705 1293 769 rationalis
1313 717 1443 748 usur-

123 777 199 829 pat
235 771 451 820 officium,
494 772 686 812 rectores
723 764 1045 821 provinciarum
1085 765 1445 826 constringantur

122 835 164 871 et
194 840 266 871 eos
297 824 536 868 necessitas
558 826 734 866 maneat
754 819 962 875 exigendi,
994 831 1022 862 a
1080 818 1210 881 uibus
1236 821 1442 879 expecta·

122 891 191 927 tur
219 882 471 925 auctoritas.
529 878 584 922 J).
620 879 741 922 V111²
769 876 810 920 lc.
837 875 934 922 lun.
962 873 1035 918 Me
1068 873 1207 917 iolant
1234 871 1443 915 Honorio

122 941 168 982 Α.
202 948 288 981 1111
316 942 359 979 et
387 933 674 991 Eutychiano
705 945 847 977 conss.
1100 985 1109 992 η
1256 931 1311 980 [α.
1346 930 1442 978 398]

176 990 203 1039 7
237 990 378 1035 ⁸ldem
392 990 483 1034 ΑΛ.
511 988 748 1032 Hadriano
772 1002 850 1045 pp.
888 985 1016 1030 Missi
1039 984 1321 1048 opinatores⁴
1346 996 1445 1026 cum

122 1045 393 1103 delegatoriis
421 1043 639 1088 iudicibus
669 1055 817 1087 eorum
849 1054 905 1085 ue
936 1040 1092 1085 officiis
1128 1040 1380 1103 insistant,·
1396 1041 1446 1101 ut

121 1106 236 1148 intra
273 1101 376 1145 anui
413 1105 551 1142 metas
587 1099 634 1143 id
672 1099 789 1154 quod
859 1100 1011 1142 ebetur
1053 1095 1306 1159 accipiantz·
1329 1093 1445 1158 ‘nihil

121 1160 189 1203 his
219 1159 275 1202 sit
304 1170 399 1200 cum
428 1166 686 1210 possessore
725 1164 972 1204 commune,
1013 1151 1085 1195 cui
1123 1164 1215 1214 non·
1249 1149 1444 1214 militem,

120 1215 195 1258 sed
233 1219 500 1263 exactorem,
540 1210 579 1252 si
608 1210 666 1253 sit
696 1208 935 1258 obnoxius,
973 1209 1178 1251 convenit
1204 1216 1441 1248 imminere.

124 1276 138 1314 ι
213 1268 383 1311 Iudices
425 1267 590 1320 itaque,
645 1265 719 1320 qui
772 1262 1063 1320 provinciales
1107 1261 1227 1317 passi
1279 1259 1446 1304 fuerint

119 1323 417 1379 opinatoribus
459 1321 673 1375 delegari,
726 1319 919 1363 eiusdem
971 1317 1227 1373 quantitatis
1280 1315 1339 1359 du
1373 1316 1445 1381 lex

118 1391 257 1434 poena
295 1377 522 1420 retinebit:
563 1379 609 1419 et
645 1375 919 1430 apparitores
959 1386 1012 1417 ex
1051 1372 1247 1428 quolibet
1291 1371 1341 1415 of
1373 1383 1442 1415 cio

118 1432 375 1477 sententiam
401 1432 717 1495 deportationis
749 1430 980 1485 excipient,
1011 1429 1047 1473 si
1080 1440 1158 1484 per
1187 1431 1324 1471 semet
1351 1428 1443 1470 exi·

116 1489 277 1544 gendos
306 1488 523 1531 voluerint
551 1486 752 1541 delegare
779 1485 1014 1529 militibus:
1048 1491 1091 1528 et
1121 1483 1309 1527 curiales
1333 1488 1444 1547 tem-

117 1544 266 1600 porale
314 1542 509 1586 manebit
562 1542 761 1595 exilium,
808 1541 844 1584 si
897 1553 972 1584 eos
1021 1553 1131 1596 quos
1175 1539 1446 1583 sollemniter

117 1601 288 1655 exigere
317 1602 584 1643 consuerunt
612 1596 917 1653 opinatoribus
979 1595 1199 1639 utaverint
1226 1607 1325 1639 esse
1355 1599 1445 1637 tra·

114 1655 301 1705 dendos,
342 1667 438 1697 cum
477 1653 664 1697 iudicem
703 1656 907 1717 oporteat
943 1610 1163 1707 iiiquirere
1206 1651 1443 1702 debitores,

117 1710 356 1754 tabularios
400 1709 582 1752 fideliter
622 1709 880 1764 providere⁵
926 1707 1107 1751 nomina
1151 1707 1442 1758 debitorum⁶‚

116 1766 387 1821 apparitores
417 1765 506 1808 sive
536 1764 721 1808 curiales
752 1763 1068 1807 consuetudine
1097 1767 1271 1807 servata
1300 1762 1441 1816 regio-

116 1835 218 1865 num
262 1821 471 1865 convictis
513 1820 784 1863 debitoribus
827 1819 1070 1863 imminere:
1124 1824 1175 1862 ut
1221 1818 1442 1873 perceptis

118 1877 318 1931 congruis
362 1875 665 1919 emolumentis
710 1875 959 1929 opinatores
1004 1874 1182 1930 impleto
1227 1886 1344 1916 anno
1388 1872 1446 1916 ad

118 1937 142 1974 2
199 1931 400 1987 proprios
431 1943 635 1974 numeros
665 1931 840 1974 valeant
868 1943 1077 1976 remeare.
1145 1929 1229 1984 Qui
1259 1929 1298 1973 si
1325 1929 1445 1972 ultra

118 2000 278 2030 annum
316 1986 530 2042 protracti
567 1985 755 2038 fuerint,
796 1985 962 2029 iudices
1002 1986 1073 2029 et⁷
1101 1984 1249 2030 officia
1277 1986 1445 2040 absque

118 2043 207 2086 ulla
249 2055 371 2085 mora
413 2041 466 2085 de
503 2041 682 2106 proprio
722 2044 936 2096 cogantur
972 2042 1196 2085 exsolvere
1234 2041 1445 2084 militibus

118 2097 233 2153 quod
275 2097 481 2147 debetur,
524 2097 632 2153 ip81s
675 2097 882 2141 adversus
928 2097 1141 2142 obnoxios
1186 2097 1446 2152 repetitione

118 2159 142 2197 3
199 2156 385 2197 servata.
450 2152 578 2207 Quod
616 2152 653 2195 si
683 2153 739 2195 ad
767 2166 848 2196 nos
877 2153 1026 2208 aliqua
1056 2153 1111 2196 de
1138 2152 1320 2196 retentis
1351 2152 1444 2207 opi-

116 2208 342 2251 natoribus
373 2208 567 2263 querella
593 2208 854 2264 pervenerit,
883 2208 929 2251 in
959 2208 1140 2263 duplum
1166 2209 1222 2251 ab
1248 2208 1317 2252 his
1341 2220 1445 2264 pro-

115 2264 233 2306 tinus
272 2263 490 2316 exigetur,
533 2268 579 2305 ut
607 2270 777 2317 partem
807 2263 999 2306 debitam
1027 2263 1164 2315 miles,
1202 2264 1445 2318 reliquum⁸

114 2325 134 2359 4
194 2317 331 2360 fiscus
360 2317 563 2372 accipiat.
621 2317 845 2362 Iudicibus
876 2330 1049 2373 quoque
1077 2331 1229 2362 eorum
1260 2332 1316 2362 ue
1346 2319 1442 2362 offi-

114 2372 191 2417 ciis
220 2379 402 2416 eatenus
433 2373 726 2426 subvenimus,
757 2375 808 2416 ut
835 2373 882 2416 in
913 2377 1194 2417 contumaces
1252 2374 1443 2418 ebitores

113 2428 346 2472 cuiuslibet
385 2427 608 2482 dignitatis
645 2429 956 2472 auctoritatem
986 2442 1110 2473 suam
1140 2434 1347 2474 exserant
1375 2442 1442 2482 ac,

113 2484 150 2527 si
192 2483 467 2540 impudenter
508 2483 670 2527 solutio
715 2483 962 2536 differatur,
1014 2491 1186 2529 actores
1231 2497 1443 2541 procura·

111 2545 228 2583 tores
259 2551 494 2605 eorumque
515 2539 696 2594 praedia
718 2544 1051 2605 persequantur,
1082 2542 1136 2584 de
1160 2553 1311 2606 eorum
1333 2554 1442 2597 quo-

110 2595 556 2694 institutit-322?
567 2600 796 2695 natata
806 2596 1258 2697 timanthi?
1272 2596 1346 2706 [alf
1343 2607 1447 2707 215ss

167 2703 196 2752 8
228 2704 392 2764 ⁹Impp.
433 2705 525 2750 Leo
565 2711 610 2750 et
646 2705 907 2751 Anthemius
938 2708 1030 2751 ΛΑ.
1061 2707 1326 2752 Nicostrato
1357 2722 1394 2767 p
1432 2743 1441 2752 .

110 2761 156 2804 Si
186 2760 332 2804 divina
370 2760 524 2805 domus
554 2763 633 2805 aut
659 2761 843 2817 quilibet
871 2762 1188 2820 cuiuscumque
1217 2723 1442 2818 dignitaii's

111 2819 243 2871 atque
285 2816 489 2860 fortunae
531 2829 579 2860 re
622 2830 726 2861 vera
770 2817 930 2862 fundos
969 2824 1096 2862 extra
1134 2820 1442 2864 metrocomias

111 2885 197 2915 non
234 2872 467 2927 patrocinii
505 2872 669 2928 gratia.
714 2874 790 2916 sed
831 2886 898 2917 em
932 2873 1065 2918 tionis
1101 2875 1198 2918 iure
1235 2875 1304 2918 vel
1333 2888 1441 2930 quo·

109 2928 216 2971 libet
250 2928 336 2972 alio
371 2928 498 2974 titulo
526 2929 716 2984 legitimo
746 2942 878 2985 posse
911 2931 994 2974 erit
1023 2934 1067 2974 et
1095 2943 1186 2975 non
1212 2930 1440 2987 impositas

108 3102 157 3145 (ι)
190 3101 305 3150 iunye
345 3096 420 3138 Th.
452 3099 491 3148 2,
522 3107 551 3146 1,
582 3106 638 3138 n:
680 3099 731 3151 cf
764 3100 879 3139 etiam
926 3102 987 3150 11,
1020 3108 1076 3150 74,
1107 3109 1122 3141 1
1165 3099 1239 3141 ΤΙι.
1275 3103 1310 3149 1,
1340 3109 1389 3150 11,
1420 3109 1442 3142 2

108 3155 162 3203 (2)
192 3164 290 3192 vnn
322 3154 424 3205 leqes
457 3153 647 3194 laudatae
731 3154 786 3204 (8)
812 3175 863 3188 ==
890 3154 962 3195 Th.
996 3157 1059 3205 11,
1085 3164 1118 3202 ¹1,
1147 3164 1186 3197 16
1273 3158 1328 3207 (4)
1352 3155 1441 3208 opi-

111 3211 268 3247 nator-es
304 3209 388 3249 Cui.
421 3209 509 3258 Th„
538 3221 604 3261 op.
635 3209 679 3249 id
708 3212 767 3249 est
796 3215 1000 3251 exactores
1031 3210 1223 3251 militaris
1252 3223 1442 3252 annonae

112 3264 206 3304 libri
233 3264 309 3304 mei
443 3265 498 3314 (5)
526 3266 586 3306 sic
617 3263 690 3316 KQ
731 3265 969 3317 praevidere
998 3267 1121 3318 K⁰0‚
1160 3267 1333 3320 prodere
1366 3267 1439 3308 Th.

111 3317 439 3379 (tn-dominorum
464 3319 536 3360 Th.
594 3321 648 3371 (7)
666 3323 706 3360 et
727 3322 817 3361 edd.
838 3321 925 3370 Th„
957 3338 1029 3363 om.
1047 3323 1143 3364 libri
1197 3323 1255 3374 (8)
1271 3324 1330 3364 sic
1349 3323 1441 3374 Th„

113 3372 310 3423 rehquam
342 3375 435 3414 libri
513 3378 570 3426 (9)
599 3377 642 3416 Β
665 3379 732 3422 56,
755 3386 790 3424 8,
814 3386 875 3418 23:
909 3378 1026 3431 iunye
1046 3381 1109 3428 11,
1126 3388 1184 3427 5⁴,
1201 3388 1228 3421 ι.
1266 3381 1328 3430 11,
1348 3387 1439 3428 56,1

113 3431 190 3478 (ιο)
219 3428 363 3467 desunt
391 3429 458 3468 hic
488 3429 590 3470 duae
619 3434 745 3472 const.
784 3444 952 3483 graecae
982 3435 1016 3475 1.
1046 3436 1231 3475 Anastas.
1273 3434 1325 3475 ad
1354 3437 1440 3475 An·

114 3483 308 3522 thomium
337 3496 403 3536 pp.
434 3484 469 3524 d.
510 3486 614 3537 prid.
645 3486 724 3526 kal.
757 3500 819 3539 ap.
852 3488 1030 3530 iohanne
1061 3493 1101 3531 et
1136 3490 1308 3543 paulino
1337 3502 1438 3532 coss.

112 3538 167 3577 11.
199 3538 280 3579 dat,
311 3551 387 3579 xn.
419 3539 500 3581 kal.
531 3553 625 3592 aug.
656 3542 780 3593 paulo
808 3555 915 3584 cons.
939 3546 1120 3587 Contius:
1159 3548 1348 3588 Cuiacius
1378 3548 1438 3588 in·

111 3596 360 3647 scriptionem
397 3598 793 3651 subscriptionemque
832 3614 932 3652 quas
961 3616 1086 3654 supra
1117 3604 1294 3643 dedimus
1324 3602 1438 3644 resti·

164 3784 335 3849 XY1111
364 3784 395 3833 9
436 3785 549 3845 Imp.
579 3790 847 3834 Anastasius
879 3792 928 3835 A.
960 3792 1196 3837 Anthemio
1227 3809 1263 3852 p
1301 3829 1310 3837 .
1371 3794 1441 3839 Ne

111 3841 345 3885 multitudo
374 3855 527 3885 eorum
557 3844 635 3900 qui
665 3845 830 3892 tributa
859 3847 1050 3904 exiqunt
1080 3856 1168 3893 tam
1199 3809 1441 3895 coffatores

110 3909 242 3959 quam
274 3897 431 3960 fiscum
469 3897 633 3943 damno
662 3901 854 3956 afficiat,
893 3917 1007 3947 unus
1047 3909 1219 3948 tantum
1255 3907 1438 3950 canoni-

111 3964 260 4014 cartus
287 3965 334 3995 tn
362 3954 567 4017 singulas
600 3956 860 4012 provincias
889 3972 948 4002 ex
977 3962 1241 4024 competenti
1269 3963 1437 4006 scrinio

111 4013 330 4071 mittatur,
363 4022 438 4065 qut
476 4009 644 4054 instare
673 4010 829 4055 debeat
854 4014 1066 4058 solutioni
1099 4016 1330 4060 titulorum
1361 4018 1440 4074 qui

118 4065 130 4102 l
191 4075 357 4125 scrineo
399 4077 481 4107 suo
525 4064 660 4108 debiti
700 4071 816 4111 sunt.
893 4068 1155 4133 Compulsor
1200 4086 1304 4117 vero
1348 4087 1439 4117 non

111 4122 213 4159 ante
240 4125 471 4179 mittatur,
516 4133 649 4182 quam
693 4121 786 4165 dies
822 4132 1124 4179 praestitutus
1165 4132 1211 4171 et
1253 4129 1352 4172 insu
1389 4143 1439 4172 er

111 4183 270 4233 mensas
298 4173 478 4229 elapsus
505 4181 612 4218 erit:
648 4190 738 4232 quo
769 4183 965 4235 tempore
993 4180 1148 4237 elapso
1179 4195 1341 4241 compu
1358 4197 1439 4228 sor

112 4232 324 4290 mittatur,
355 4229 542 4273 multato
574 4236 661 4274 tam
690 4233 900 4288 praeside
928 4247 1061 4290 quam
1100 4238 1255 4293 officio
1290 4244 1335 4283 et
1362 4253 1437 4284 ca-

112 4292 342 4325 nomcarto
380 4284 620 4328 secundum
657 4288 878 4330 cumulum
906 4302 1099 4333 summae
1128 4307 1218 4335 non
1247 4302 1438 4340 exactae

112 4339 155 4378 et
196 4335 256 4398 ad
296 4338 600 4395 neqleyentiae
642 4341 842 4395 modum,
883 4349 933 4386 ut
964 4344 1078 4387 idem
1109 4349 1366 4405 compulsor
1394 4355 1440 4395 et

115 4391 137 4429 2
183 4390 346 4434 tributa
369 4407 484 4456 quae
506 4395 682 4451 reliqua
706 4403 811 4441 sunt
835 4403 880 4442 et
904 4399 1087 4442 multam
1113 4403 1280 4459 eoeiqat.
1338 4405 1439 4450 Soli

114 4453 257 4502 autem
295 4448 496 4502 praesidi
532 4455 575 4493 et
604 4452 760 4507 officio
789 4458 834 4497 et
862 4454 1149 4499 canonicario
1179 4460 1437 4516 compulsor

113 4505 243 4541 instet
271 4507 312 4543 et
340 4503 552 4547 solacium
582 4507 776 4562 accipiat
805 4508 1069 4552 conveniens
1096 4516 1139 4555 et
1169 4516 1437 4574 provinciae

117 4562 227 4610 quae
270 4554 395 4599 debet
435 4563 478 4600 et
516 4559 846 4616 lonqinquitati.
915 4561 998 4606 lzoc
1034 4564 1250 4611 solacznm
1287 4579 1435 4614 autem

117 4607 337 4650 incumbat
372 4613 575 4665 praesidi
617 4619 662 4659 et
704 4617 859 4672 officio
904 4622 949 4662 et
985 4622 1294 4677 canonicario,
1336 4637 1434 4668 cum

1432 165 1537 225 404

1948 182 2026 222 DE
2061 179 2467 219 EXACTIONIBUS
2501 178 2855 220 TRmUTORUM

1522 316 1585 359 rei
1599 315 1804 370 publicae
1819 315 2067 360 functiones
2092 313 2330 370 agnoverit,
2354 314 2714 370 quemadmodum
2734 315 2857 380 prior

1523 370 1725 414 dominus
1769 369 2068 434 dependebat,
2111 369 2313 414 omnibus
2363 369 2505 413 modis
2556 383 2857 424 possessiones

1523 438 1676 470 eorum
1714 425 1892 480 publico
1921 426 2197 470 vindicentur
2233 430 2278 468 et
2307 424 2456 468 curiae
2485 423 2678 468 eiusdem
2706 428 2857 470 civita·

1523 481 1580 524 tis
1624 480 1706 523 sub
1751 492 1839 535 qua
1881 480 1967 525 vici
2005 483 2078 526 siti
2115 489 2219 525 sunt
2257 480 2562 535 adsignentur,
2592 484 2642 524 ut
2669 481 2857 536 publicis

1525 535 1911 581 commoditatibus
1951 537 2070 581 circa
2098 536 2357 581 tributarias
2386 535 2637 579 functiones
2666 536 2860 593 undique

1525 597 1679 635 nostra
1715 591 1966 646 provisione
2000 593 2200 637 videatur
2245 604 2342 636 esse
2387 591 2648 635 consultum.
2721 590 2776 635 D.
2814 591 2858 636 lc.

1526 647 1584 691 Se
1620 653 1646 690 t.
1678 645 1913 691 Anthemio
1943 648 1994 691 Α.
2028 659 2072 692 11
2100 662 2217 693 cons.
2671 650 2728 699 [a.
2762 650 2859 699 468]

1576 662 1614 749 ὅ
1649 697 1989 762 ιοΑὐτοκράτωρ
2001 699 2286 746 Ἀναστάσιος
2300 708 2361 746 Α.
2377 698 2604 758 Ἀνθεμίῳ
2620 704 2653 729 ¹¹
2683 701 2860 761 ἐπάρχῳ

1524 760 1620 801 τῶν
1649 773 1685 801 π
1715 773 1828 800 αιτω
1859 762 1956 800 ίων.

1645 773 1793 856 ’ἳξΊνα
1827 773 1890 867 peti]
1924 812 2106 858 πολλῶν
2135 810 2455 859 ἀπαιτούντων
2483 812 2541 856 τὰ
2569 809 2760 880 δημόσια
2787 816 2862 856 καὶ

1638 867 1683 911 οἱ
1716 867 1937 912 συντελεῖς
1973 868 2269 924 βλάπτωνται
2308 874 2382 912 καὶ
2422 866 2554 913 αὐτὸς
2591 887 2615 913 ο
2656 865 2864 924 δημόσιος

1638 920 1782 984 λόγος,
1821 923 1880 966 εἷς
1913 921 2047 980 μόνος
2082 923 2388 984 κανονικάριος
2423 926 2482 967 εἰς
2511 923 2701 979 ἑκάστην
2730 927 2862 983 ἐπαρ-

1637 985 1741 1033 χίαν
1769 982 1816 1022 ἐκ
1838 981 1917 1022 τοῦ
1942 978 2198 1040 προσφόρου
2220 981 2477 1038 πεμπέσθω
2503 986 2715 1040 σκρινίου,
2744 978 2862 1038 ὀφεί-

1638 1035 1732 1079 λων
1768 1041 2047 1094 κατεπείγειν
2081 1036 2166 1090 τὴν
2204 1037 2411 1088 ἐξάνυσιν
2456 1038 2553 1079 τῶν
2595 1051 2863 1104 κεχρεωστη·

1559 1098 1575 1135 1
1637 1095 1790 1147 μένων
1831 1090 2002 1134 τίτλων
2042 1093 2112 1147 τῷ
2150 1091 2251 1147 ἰδίῳ
2289 1097 2489 1151 σκρινίῳ.
2553 1090 2865 1146 Ἐξπελευστης

1637 1151 1791 1202 μέντοι
1833 1145 1895 1203 μὴ
1932 1147 2210 1202 πεμπέσθω,
2251 1150 2292 1191 εἰ
2327 1147 2389 1204 μὴ
2423 1147 2536 1204 μετὰ
2571 1145 2864 1215 παραδρομὴν

1638 1205 1714 1256 τῆς
1767 1199 2012 1262 ὡρισμένης
2065 1203 2347 1260 προθεσμίας
2398 1208 2472 1246 καὶ
2525 1204 2673 1262 ἑτέρου
2715 1218 2864 1259 μηνος.

1638 1256 1799 1301 τούτου
1838 1257 1887 1301 δὲ
1920 1260 2001 1301 τοῦ
2028 1256 2188 1317 χρόνον
2218 1256 2525 1318 διατρέχοντος
2554 1259 2811 1315 πεμπέσθω
2841 1254 2864 1301 ὁ

1643 1311 1951 1382 ἐξπελευστῂς,
2004 1318 2374 1373 προστιμωμένου
2418 1319 2492 1358 καὶ
2535 1317 2614 1359 τοῦ
2657 1313 2867 1372 ἄρχοντος

1638 1374 1712 1413 καὶ
1740 1372 1816 1423 τῆς
1843 1370 2011 1420 «caeam
2040 1367 2177 1413 αὐτοῦ
2204 1375 2279 1412 καὶ
2308 1372 2387 1414 τοῦ
2417 1374 2729 1427 κανονικαρίου
2757 1369 2869 1428 πρὸς

1639 1426 1721 1469 τὸν
1764 1427 1887 1469 οἶκον
1904 1428 1937 1454 ¹³
1985 1428 2083 1469 τῶν
2124 1424 2186 1481 μὴ
2228 1422 2585 1480 ἀπαιτηθέντων
2626 1423 2867 1495 χρημάτων

1639 1484 1713 1525 καὶ
1742 1480 1852 1541 πρὸς
1879 1481 1963 1537 τὴν
1992 1484 2067 1536 τῆς
2096 1482 2323 1541 ῥᾳθυμίας
2356 1479 2598 1536 ποσότητα,
2639 1497 2756 1526 ωστε
2785 1481 2867 1527 τὸν

1640 1533 1778 1581 αὐτὸν
1816 1537 2112 1592 ἐξπελευστὴν
2147 1541 2221 1579 καὶ
2257 1536 2314 1580 τὰ
2343 1536 2646 1594 λοιπαζόμενα
2675 1536 2702 1582 δ
2730 1534 2868 1594 abana

1558 1600 1580 1639 2
1639 1597 1714 1635 καὶ
1766 1594 1819 1637 τὸ
1870 1592 2123 1653 πρόστιμον
2166 1591 2442 1649 μεθοδεύειν.
2519 1591 2661 1649 Μόνῳ
2735 1596 2756 1636 ἒ
2798 1596 2865 1648 τῷ

1638 1647 1822 1707 ἄρχοντι
1850 1654 1925 1693 καὶ
1954 1651 2010 1710 τῇ
2040 1647 2163 1700 τάξει
2192 1653 2266 1692 καὶ
2295 1652 2362 1704 τῷ
2402 1655 2700 1708 κανονικαρίῳ
2740 1645 2764 1692 ὁ
2801 1650 2866 1701 ἐξ·

1639 1704 1877 1760 πελευστὴς
1909 1707 2183 1759 ἐπικείσθω,
2223 1702 2540 1764 ἀφοριζομένης
2569 1705 2694 1760 αὐτῷ
2724 1722 2866 1765 παρα-

1637 1763 1807 1816 μυθίας
1835 1765 1909 1804 καὶ
1939 1761 2049 1820 πρὸς
2077 1761 2161 1816 τὴν
2190 1765 2410 1819 ἐπαρχίαν
2443 1759 2526 1815 τὴν
2553 1762 2867 1820 χρεωστοῦσαν

1639 1821 1714 1860 καὶ
1757 1816 1867 1876 πρὸς
1908 1816 1962 1861 τὰ
2001 1815 2296 1873 διαστήματα.
2362 1816 2444 1869 τὴν
2483 1816 2532 1859 δὲ
2568 1817 2867 1873 παραμυθίαν

1638 1871 1810 1928 ταύτην
1838 1869 1862 1916 ὁ
1892 1873 2043 1932 ἅρχων
2074 1876 2409 1939 ἑπιχινωσκέτω
2434 1877 2509 1915 καὶ
2534 1870 2562 1927 ἡ
2584 1870 2710 1925 τάξις
2733 1870 2867 1916 αὐτοῦ

1639 1932 1712 1971 καὶ
1742 1926 1766 1972 ὁ
1795 1927 2100 1988 κανονικάριος
2128 1942 2188 1973 ως
2217 1930 2351 1971 αἴτιοι
2378 1925 2609 1987 γενόμενοι
2645 1929 2724 1971 τοῦ
2759 1945 2866 1985 πεμ-

1557 1991 1580 2031 3
1640 1985 1818 2041 φθῆναι
1847 1984 1930 2028 τὸν
1958 1983 2263 2039 ἐξπελευστὴν.
2306 1982 2618 2039 Ἐξπελευστὴς
2645 1982 2695 2026 δὲ
2724 1986 2865 2043 ἕτερος

1638 2038 1862 2096 μηδέποτε
1888 2043 2146 2098 πεμπέσθω
2170 2039 2283 2097 μηδὲ
2305 2038 2434 2083 ἄλλος
2458 2054 2525 2083 τις
2551 2038 2662 2095 μετὰ
2691 2040 2774 2084 τὸν
2803 2040 2867 2091 ἐξ·

1640 2093 1900 2151 πελευστὴν.
1943 2097 2022 2140 ἐὰν
2046 2096 2095 2140 δὲ
2119 2102 2368 2152 νομίσωσιν
2391 2095 2437 2139 οἱ
2454 2098 2640 2154 ἔπαρχοι
2662 2113 2690 2149 χ
2719 2094 2868 2140 affine

1640 2152 1755 2195 εἶναι
1783 2151 1835 2195 τὸ
1866 2156 1941 2195 καὶ
1970 2155 2123 2211 ἕτερον
2151 2155 2379 2219 ἐκπέμψαι
2414 2151 2527 2207 μετὰ
2555 2151 2638 2195 τὸν
2667 2154 2689 2194 ἐ
2717 2150 2866 2196 πελεν-

1640 2204 1764 2262 στήν,
1794 2206 1852 2251 τὰ
1879 2204 1994 2252 αὐτὰ
2022 2213 2097 2251 καὶ
2127 2211 2204 2253 ἐπὶ
2231 2223 2380 2261 τουτῳ
2410 2212 2648 2265 κρατείτω,
2682 2211 2757 2250 καὶ
2784 2205 2870 2262 τὴν

1640 2259 1903 2321 ὁριζομένην
1932 2261 2055 2319 αὐτῷ
2086 2264 2389 2321 παραμυθίαν
2416 2259 2440 2304 ὁ
2471 2262 2610 2306 αἴτιος
2640 2264 2720 2306 τοῦ
2760 2279 2868 2319 πεμ-

1639 2320 1819 2374 φθῆναι
1834 2317 1974 2363 αὐτὸν
1989 2323 2234 2379 παρεχέτω,
2254 2321 2488 2361 τουτέστιν
2511 2314 2536 2361 ὁ
2558 2319 2635 2373 τῆς
2657 2320 2870 2378 ἐπαρχίας

1637 2373 1792 2433 ἅρχων
1819 2378 1896 2417 καὶ
1924 2370 1952 2429 ἡ
1978 2372 2100 2426 τάξις
2128 2371 2266 2417 αὐτοῦ
2302 2377 2376 2416 καὶ
2405 2369 2430 2417 ὁ
2459 2371 2767 2442 κανονικάριος
2793 2378 2868 2419 καὶ

1557 2436 1578 2474 4
1639 2425 1662 2472 ὁ
1706 2427 2006 2484 ἐξπελευστής.
2073 2426 2131 2474 ‘H
2165 2428 2250 2496 γάρ
2293 2427 2597 2488 ἆφορισθεῖσα
2632 2447 2700 2486 τῳ
2740 2447 2868 2474 κανο-

1637 2489 1825 2557 νικαρίῳ
1863 2487 2137 2545 παραμυθία
2177 2501 2287 2529 πασι
2325 2489 2417 2528 τοῖς
2453 2482 2555 2542 μετ’
2596 2485 2733 2530 αὐτὸν
2760 2502 2866 2544 πεμ·

1637 2556 1847 2610 πομενοις
1874 2537 2141 2597 ἆπαιτηταῖς
2169 2538 2312 2599 ἀρκεῖ,
2345 2544 2418 2583 καὶ
2446 2539 2588 2597 μηδὲν
2616 2545 2867 2613 περαιτέρω

1635 2613 1748 2652 μητε
1783 2595 1840 2639 τὰ
1878 2597 2138 2654 συστήματα
2174 2599 2271 2640 τῶν
2300 2596 2479 2641 πόλεων
2506 2594 2618 2653 μήτε
2645 2614 2689 2642 οι
2717 2613 2867 2643 συντε-

1638 2652 1724 2695 λεῖς
1761 2650 2147 2708 ἀναπείσθωσαν,
2186 2654 2225 2696 si
2263 2657 2339 2695 καὶ
2374 2651 2572 2698 πλείονες
2597 2653 2709 2712 πρὸς
2736 2651 2868 2699 ἀπαί-

1637 2723 1768 2762 τησιν
1806 2710 2198 2767 ἐκπεμφθείησαν,
2237 2713 2627 2766 προστιμωμένων
2660 2706 2869 2754 ἑκάστοτε

1637 2763 1826 2807 πάντων
1853 2767 1951 2808 τῶν
1981 2768 2336 2821 ἐκπεμπομένων
2364 2768 2438 2807 καὶ
2466 2764 2527 2821 μὴ
2555 2762 2790 2809 ἀνυόντων
2810 2767 2868 2810 τὰ

1556 2825 1580 2863 5
1640 2817 1845 2873 δημόσια.
1904 2824 1994 2863 Καὶ
2024 2818 2127 2865 ὅσαι
2157 2819 2207 2864 δὲ
2233 2825 2438 2879 γίνονται
2466 2823 2667 2891 ἐκταγαίι
2694 2824 2765 2877 τῷ
2792 2838 2867 2865 κα·

1638 2879 1880 2946 νονικαρίιρ
1925 2878 2290 2933 πεμπέσθωσαν,
2344 2872 2462 2919 ὥστε
2505 2872 2568 2919 δι’
2613 2879 2750 2921 amo&

1636 2930 1804 2974 ταύτας
1840 2929 2087 2986 adnabat,
2124 2932 2186 2989 μὴ
2225 2928 2506 2983 αὐξάνεσθαι
2545 2929 2595 2975 δὲ
2632 2930 2707 2976 διὰ
2733 2933 2867 2977 τοῦτο

1526 3101 1626 3142 tuit.-
1656 3100 1760 3142 undae
1791 3100 1950 3142 collatis
1979 3100 2190 3143 Contionis
2219 3102 2396 3142 conicias
2426 3110 2496 3142 aut
2523 3110 2744 3154 sequentem
2774 3116 2866 3143 eon·

1524 3156 1763 3198 stitutionem
1794 3157 1853 3196 ad
1879 3157 2042 3197 eundem
2072 3158 2346 3210 mayistratum
2377 3157 2512 3198 datam
2538 3171 2620 3198 esse
2649 3166 2730 3208 aut,
2761 3157 2870 3210 quod

1520 3211 1776 3265 probabilius
1816 3220 1895 3259 est,
1942 3212 2120 3254 Cantium
2161 3226 2293 3254 eumve
2327 3227 2440 3267 quem
2470 3221 2626 3254 secutus
2655 3222 2714 3254 est
2743 3213 2867 3255 libra·

1525 3269 1625 3309 rium
1666 3268 1847 3309 consules
1883 3267 2023 3308 harum
2060 3269 2379 3310 constitutionum
2406 3277 2670 3321 permutasse,
2707 3277 2750 3310 ut
2777 3283 2812 3310 e.
2843 3278 2864 3311 9

1525 3324 1771 3365 restituenda
1805 3324 1860 3365 sit
1897 3324 2134 3376 subscriptio
2175 3323 2214 3364 d.
2252 3323 2358 3376 prid.
2400 3323 2439 3364 k.
2471 3323 2602 3376 April.
2639 3322 2775 3366 Paulo
2802 3336 2864 3367 vo.

1524 3391 1632 3420 cons.
1665 3395 1789 3432 eaque
1821 3379 2023 3434 iunqenda
2052 3380 2106 3420 sit
2134 3394 2219 3420 cum
2253 3381 2317 3430 1⁰,
2335 3388 2443 3430 16,13
2474 3380 2529 3429 (d.
2560 3379 2601 3420 k.
2633 3379 2778 3432 April„
2811 3381 2864 3434 qs.

1524 3435 1629 3477 Νου.
1663 3440 1760 3487 128),
1789 3450 1824 3476 c.
1856 3444 1895 3477 ιο
1926 3436 2202 3476 subscribatur
2230 3434 2268 3476 d.
2299 3447 2366 3475 xix
2399 3434 2439 3475 k.
2470 3437 2577 3487 Aug.
2608 3434 2795 3477 Iohanne
2823 3437 2866 3476 et

1523 3491 1702 3532 Paulino
1731 3503 1859 3532 conss.
1947 3492 2017 3543 (ιι)
2048 3484 2268 3545 Εὗφημίῳ
2297 3506 2373 3532 scr.
2460 3492 2605 3543 (12)-=
2622 3491 2749 3540 1356,
2767 3501 2802 3542 8,
2819 3500 2864 3534 2⁴

1522 3548 1596 3598 (13)
1626 3544 1759 3603 ὄγκον
1789 3546 2007 3588 Mommsen

1524 3799 1547 3839 3
1591 3795 1680 3853 ipsi
1703 3808 1868 3839 causae
1885 3794 2078 3852 fuerint,
2093 3799 2145 3838 ut
2157 3793 2417 3853 compulsor
2430 3794 2691 3838 mitteretur.
2735 3793 2863 3839 Alter

1523 3865 1627 3896 vero
1670 3851 1929 3908 compulsor
1976 3863 2261 3907 nequaquam
2309 3849 2515 3893 mittatur
2557 3862 2700 3906 neque
2743 3849 2862 3893 alius

1521 3907 1624 3964 quis
1654 3912 1767 3965 post
1802 3906 2141 3964 compulsorem.
2210 3904 2336 3963 quod
2374 3906 2416 3948 si
2449 3904 2683 3963 praefecti
2719 3911 2860 3963 puta-

1523 3963 1667 4008 verint
1695 3975 1811 4020 opus
1838 3975 1956 4015 esse,
1995 3966 2047 4006 ut
2081 3962 2196 4006 alter
2226 3959 2374 4004 adhuc
2393 3964 2508 4018 post
2535 3959 2859 4018 compulsorem

1520 4019 1746 4070 mittatur,
1786 4017 1834 4060 in
1863 4017 1948 4061 boc
1976 4030 2156 4074 quoque
2184 4016 2336 4061 eadem
2365 4015 2546 4060 valeant
2571 4020 2617 4060 et
2641 4014 2859 4059 solacium

1520 4074 1563 4117 ei
1604 4073 1865 4130 deputatum
1901 4073 1942 4116 is
1978 4073 2059 4130 qui
2100 4085 2282 4116 causam
2321 4071 2494 4115 dederit
2530 4077 2582 4115 ut
2608 4070 2859 4114 mitteretur

1519 4129 1686 4182 solvat,
1723 4129 1893 4173 scilicet
1924 4141 2115 4186 praeses
2146 4126 2413 4186 provinciae
2448 4131 2494 4171 et
2530 4125 2733 4188 officium
2761 4125 2859 4169 eius

1522 4189 1546 4229 4
1604 4189 1650 4229 et
1689 4184 2005 4228 canonicarius
2047 4188 2092 4228 et
2135 4182 2402 4240 compulsor.
2471 4179 2698 4225 Solactum
2740 4180 2856 4224 enim

1520 4239 1810 4284 canonicario
1850 4239 2113 4303 deputatum
2152 4237 2355 4283 omnibus
2391 4237 2471 4295 qui
2517 4240 2604 4300 ‚ost
2629 4248 2728 4299 eum
2756 4235 2854 4280 mit-

1522 4301 1677 4340 tuntur
1712 4295 2004 4339 exactoribus
2038 4294 2232 4351 sufficit,
2269 4306 2350 4337 nec
2385 4305 2489 4350 amp
2508 4304 2579 4334 ms
2615 4303 2856 4355 quicquam

1520 4350 1589 4395 vel
1625 4364 1655 4394 a
1695 4350 1964 4407 corporibus
2001 4350 2230 4394 civitatum
2269 4347 2337 4393 vel
2369 4361 2400 4392 a
2437 4345 2729 4409 collatoribus
2757 4361 2855 4392 em·

1518 4411 1670 4463 qatur,
1707 4405 1882 4449 etiamsi
1903 4405 2065 4463 plures
2092 4404 2154 4448 ad
2179 4403 2461 4449 exactionem
2489 4401 2637 4463 emissi
2662 4402 2853 4465 fuerint,

1520 4467 1569 4505 ut
1594 4474 1744 4504 omnes
1767 4461 1846 4517 qui
1870 4461 1993 4504 missi
2017 4460 2109 4504 sint
2130 4473 2210 4503 nec
2239 4458 2404 4503 tributa
2428 4455 2740 4513 expedivermt
2763 4470 2854 4501 stne

1520 4521 1543 4560 5
1601 4515 1790 4573 qulatim
1829 4516 2082 4560 multentur.
2141 4512 2452 4569 Quaecumque
2489 4516 2638 4555 autem
2676 4511 2833 4569 delean

1520 4571 1662 4614 tiones
1686 4571 1819 4627 fiunt,
1850 4570 2141 4614 canonicario
2172 4566 2411 4614 mittendae
2425 4571 2543 4619 sunt,
2574 4571 2624 4610 ut
2638 4580 2729 4626 per
2753 4579 2846 4612 eun

1517 4632 1562 4671 et
1589 4625 1675 4670 hae
1704 4626 2009 4683 expediantur
2036 4638 2143 4670 neve
2179 4636 2242 4669 ex
2269 4635 2322 4668 eo
2350 4621 2567 4667 solacium
2594 4621 2636 4667 ei
2664 4621 2850 4680 deputa-
