3152 4784
195 96 282 139 DE?
295 94 722 137 &ruffiniana
756 94 1050 136 umoris:

185 235 288 293 iun
321 238 446 280 recte
481 235 580 280 fieri
615 235 808 292 placuit,
849 247 936 291 quo
974 235 1117 279 minus
1154 236 1263 281 haec
1292 242 1392 283 rata
1426 251 1519 283 ser-

164 294 363 357 antur,
403 291 514 335 nihil
548 292 756 346 interest,
793 294 996 336 utrumne
1034 294 1243 346 testatus,
1283 295 1359 350 qui
1386 294 1521 339 fuerit

59 383 61 385 .
89 345 161 389 ’ζ-
186 346 418 403 Μ,
440 359 501 390 an
523 348 760 392 intestatus
780 346 914 391 rebus
931 344 995 389 sit
1026 345 1230 392 humanis
1255 353 1517 406 exemptus&

232 400 271 448 ’5
303 399 428 446 Idem
457 403 549 447 ΛΑ.
589 407 636 447 et
673 400 751 447 00.
789 399 974 446 Aurelio
1017 400 1264 449 Theodoro.
1333 406 1521 450 Tamdiu

184 455 374 503 muas
414 457 566 511 durat,
607 456 816 514 quamdiu
851 468 1091 505 consensus
1128 460 1319 514 partium
1353 464 1522 515 integer

153 565 156 568 ,
182 517 446 571 perseverat.
545 513 698 558 roinde
732 512 771 557 ai
807 511 894 555 iam
928 512 1011 556 tibi
1050 527 1130 569 pro
1166 517 1286 560 socio
1315 522 1423 562 nata
1447 521 1520 561 est

188 567 320 623 actio,
350 581 445 612 eam
473 569 489 612 i
541 582 636 614 erre
656 567 776 624 apud
800 579 912 622 eum,
944 568 1069 613 cuius
1092 584 1146 614 su
1178 585 1226 616 er
1249 585 1302 616 ea
1326 585 1377 618 re
1395 573 1518 618 notio

182 624 294 678 αι’,
322 637 414 668 non
441 624 698 682 prohiberis.
755 621 911 667 12111
934 622 978 668 lc.
1007 624 1104 669 Ian.
1181 626 1522 728 icomediae2CC

182 691 326 724 conss.
1343 699 1388 728 a.
1444 688 1498 729 94

231 733 271 782 6
301 733 415 794 Inna.
447 733 728 779 lastinianus
755 734 806 777 Α.
839 732 1038 778 Iohanni
1090 751 1152 795 ψ.
1212 741 1280 784 De
1308 686 1519 785 saciasti.

182 790 302 846 apud
329 795 498 835 veteres
535 789 785 834 dubltatum
813 794 903 843 est,
940 791 981 835 si
1012 805 1067 835 su
1126 794 1382 840 condicione
1413 808 1517 840 con-

179 846 299 890 trahi
333 850 504 902 petest:
538 849 653 901 >puta
692 844 747 888 ‘si
782 845 857 889 ille
896 848 1051 890 consul
1087 848 1234 894 fuerit’
1265 852 1518 903 societatem

180 913 279 945 esse
307 903 595 946 contractam.
646 900 724 944 sed
751 914 807 944 ne
836 902 963 945 simili
991 904 1121 948 modo
1151 906 1303 961 apud-¹³
1330 905 1517 964 posteri·

177 960 314 1001 tatem
357 956 472 1000 sicut
512 955 666 1012 apud⁴
721 957 1027 1013 antiquitatem
1078 961 1331 1007 huiusmodi
1382 974 1519 1006 causa

179 1012 436 1065 ventiletur,
474 1011 699 1060 sancimus
738 1013 996 1058 societatem
1036 1018 1239 1061 contrahi
1268 1031 1400 1074 posse
1427 1030 1519 1062 non

178 1067 322 1112 solum
395 1079 495 1118 une,
534 1067 619 1110 sed
663 1068 795 1112 etiam
835 1070 918 1114 sub
952 1071 1230 1118 condicione:
1270 1074 1518 1118 voluntates

178 1123 340 1166 etenim
385 1122 555 1178 egitime
586 1124 940 1169 contrahentium
969 1128 1216 1173 omnimodo
1255 1142 1517 1174 conservan-

177 1177 258 1222 de·
286 1181 402 1223 sunt.
461 1177 517 1222 D.
548 1208 550 1213 ,
578 1179 688 1223 rid.⁵
1326 1189 1386 1238 [a.
1417 1189 1517 1237 531]

226 1230 262 1279 ⁴7
294 1232 421 1278 Idem
454 1234 506 1277 A.
568 1233 737 1279 okanni
787 1251 839 1294 p.
910 1237 1139 1284 Sancimus
1175 1243 1398 1285 veterum⁶
1438 1240 1517 1284 du-

173 1288 390 1333 bitatione
429 1295 596 1334 semota
630 1291 854 1335 licentiam
893 1293 1057 1339 habere
1086 1296 1242 1340 furiosi
1272 1299 1518 1341 curatorem

175 1344 430 1398 dissolvere,
471 1345 510 1389 si
538 1346 762 1402 maluerit,
803 1348 1061 1394 societatem
1089 1350 1269 1404 furiosi,
1312 1358 1356 1396 et
1386 1352 1518 1396 sociis

173 1400 306 1445 licere
343 1400 385 1445 ei
422 1402 688 1446 renuntiare.
758 1407 801 1448 et
838 1406 1205 1460 quemadmodum
1238 1407 1286 1450 in
1315 1408 1517 1452 omnibus

172 1455 271 1501 aliis
296 1457 604 1502 contractibus
632 1458 870 1515 legitimam
898 1462 1206 1506 auctoritatem
1237 1463 1279 1507 ei
1304 1463 1516 1516 dedimus,

71 1554 83 1574 ι
171 1512 236 1556 ita
279 1516 324 1556 et
364 1512 412 1556 in
453 1512 539 1557 hac
579 1519 709 1570 parte
753 1527 852 1561 eum
878 1517 1171 1573 permittimus
1216 1531 1315 1562 com
1350 1523 1518 1562 etenter

173 1568 413 1613 commodis
451 1568 610 1614 furiosi
678 1570 892 1615 rovidere.
957 1571 1002 1616 D
1005 1606 1266 1618 .......
1334 1580 1517 1619 onstan-

174 1623 370 1682 &inopoli
378 1629 494 1682 post
508 1637 647 1670 consu
665 1631 787 1670 atum
803 1625 1045 1685 Lampadii
1066 1632 1113 1672 et
1128 1627 1300 1673 Orestis
1343 1634 1399 1683 [a.
1418 1633 1515 1681 531]

699 1794 993 1845 XXXVIII.⁷

406 1875 485 1917 nn
517 1875 940 1918 GONTRAHENDA
968 1878 1278 1920 ΕΜΡΤΙΟΝΕ.

224 1956 254 2004 ’1
277 1955 423 2024 Impp.
451 1955 721 2002 Valerianus
734 1963 779 2002 et
795 1957 1026 2004 Gallienus
1039 1961 1130 2004 ΛΑ.
1148 1961 1335 2006 Aurelio
1351 1960 1514 2006 Paulo.

171 2013 479 2068 venditiones,
517 2013 602 2058 etsi
638 2014 686 2058 in
722 2014 810 2058 alio
848 2015 947 2060 loco
984 2029 1116 2073 quam
1144 2016 1192 2061 in
1222 2031 1309 2083 quo
1338 2030 1515 2074 posses-

170 2070 319 2114 siones
362 2069 630 2115 constitutae
670 2075 776 2114 sunt
804 2070 938 2125 fiant,
981 2085 1070 2117 non
1109 2072 1208 2118 ideo
1238 2074 1390 2119 irritae
1420 2086 1517 2120 esse

172 2124 424 2171 creduntur.
482 2124 538 2170 D.
569 2137 652 2169 ΧΠ
676 2125 720 2171 lc.
750 2125 861 2171 Mai.

227 2178 260 2227 2
290 2180 390 2240 Imp
427 2215 436 2225 .
466 2180 778 2226 Diocletianus
805 2188 850 2227 et
874 2181 1190 2230 Maximianus
1209 2187 1301 2230 ΛΑ.
1329 2186 1515 2230 Aurelio

171 2237 316 2282 Avito.
373 2195 655 2292 ll’mptionem
691 2242 736 2282 et
762 2238 1060 2283 venditionem
1103 2253 1368 2285 consensum
1400 2241 1515 2286 desi·

173 2293 328 2337 derare
356 2305 438 2336 nec
467 2293 622 2337 furiosi
650 2294 790 2337 ullum
818 2307 915 2339 esse
945 2308 1208 2340 consensum
1231 2296 1515 2342 manifestum

173 2354 254 2392 est.
309 2348 646 2392 inter-missionis
683 2354 831 2394 autem
867 2355 1067 2407 tempore
1101 2351 1296 2397 furiosos
1326 2353 1514 2398 maiores

172 2404 326 2460 viginti
354 2404 544 2461 quinque
568 2405 699 2448 annis
728 2405 999 2450 venditiones
1015 2409 1031 2435 θ
1071 2411 1114 2451 et
1155 2408 1266 2452 alios
1299 2409 1519 2465 quoslibet

174 2464 432 2505 contractus
466 2472 602 2517 posse
635 2460 784 2505 facere
813 2474 903 2506 non
932 2462 1180 2518 ambigitur.
1239 2463 1293 2508 D.
1334 2475 1431 2508 νη]
1455 2464 1514 2508 id.

171 2515 282 2560 Mai.
312 2514 519 2560 Maximo
549 2527 596 2560 11
623 2522 670 2561 et
694 2517 908 2574 Aquilino
939 2531 1083 2563 conss.
1329 2523 1385 2572 [a.
1417 2523 1515 2573 286]

229 2569 260 2619 3
291 2570 417 2616 Idem
445 2572 536 2616 ΛΑ.
578 2577 624 2616 et
653 2570 730 2616 CC.
774 2572 980 2618 Valeriae
1019 2573 1223 2620 Viacrae.
1293 2575 1342 2619 Si
1380 2575 1515 2621 dona-

174 2627 304 2673 tionis
344 2640 486 2672 :causa
529 2627 792 2679 venditionis
837 2628 1068 2674 simulatus
1124 2635 1382 2676 contractus
1433 2636 1515 2686 est,

173 2683 334 2739 emptio
368 2684 440 2727 sui
469 2683 626 2727 *deficit
664 2684 929 2728 subs-tantia.
989 2698 1097 2730 sane
1122 2686 1166 2732 si
1198 2687 1244 2730 in
1271 2688 1516 2743 possessio-

171 2751 271 2784 nem
295 2738 364 2783 mei
393 2739 476 2783 sub
499 2740 654 2795 speeie
669 2740 944 2784 ⁴>venditionis
982 2753 1119 2786 causa
1147 2742 1396 2787 donationis
1406 2743 1436 2796 ⁹,
1467 2747 1518 2787 ut

170 2799 215 2839 te
242 2795 392 2848 aleret,
431 2793 656 2848 induxisti,
697 2795 813 2839 sicut
843 2796 1021 2840 donatio
1057 2797 1258 2853 perfecta
1285 2798 1418 2843 facile
1447 2812 1516 2842 re-

169 2850 312 2895 scindi
334 2863 429 2894 mon
448 2854 624 2906 -potest,
664 2850 728 2894 ita
756 2851 864 2907 legi,
902 2865 1035 2908 quam
1063 2852 1152 2897 tuis
1182 2855 1317 2898 rebus
1347 2854 1517 2900 donans

170 2906 335 2960 dixisti,
362 2930 367 2942 ι
426 2908 575 2950 rere-¹⁰
602 2907 821 2952 convenit.

172 3015 174 3018 .
225 2961 258 3008 4
293 2960 362 3004 ιιΙ
375 2965 455 3006 em
481 2962 574 3006 ΑΛ.
611 2967 662 3007 et
681 2961 768 3007 GC.
799 2962 985 3008 Aurelio
1015 2963 1232 3010 Luciano.
1304 2966 1414 3011 Cum
1443 2979 1514 3012 res

169 3017 252 3062 tibi
286 3017 475 3062 donatas
518 3018 575 3061 ab
611 3018 775 3062 herede
810 3018 1050 3064 donatricis
1088 3021 1325 3066 distractas
1372 3035 1470 3067 esse
1483 3024 1517 3049 ¹2

170 3085 407 3129 proponas,
445 3073 700 3129 intellegere
730 3074 948 3118 debueras
980 3076 1199 3131 duplicari
1227 3078 1308 3121 tibi
1335 3078 1515 3122 titulum

170 3128 461 3184 possessionis
497 3141 588 3172 non
626 3130 844 3184 potuisse,
886 3130 964 3174 sed
1002 3143 1056 3174 ex
1086 3132 1324 3176 donatione
1353 3136 1397 3177 et
1425 3139 1515 3177 tra-

173 3182 337 3226 ditione
353 3184 387 3209 ¹³
425 3182 648 3226 dominum
685 3184 855 3229 factum
892 3185 1062 3229 frustra
1101 3187 1278 3242 emisse,
1322 3202 1422 3232 cum
1450 3189 1517 3233 rei

87 3255 89 3257 ·
171 3238 380 3294 propriae
407 3238 570 3294 emptio
600 3252 690 3283 non
719 3240 860 3294 possit
893 3241 1158 3295 consistere,
1200 3256 1253 3287 ac
1292 3247 1400 3288 tunc
1439 3245 1516 3288 de-

171 3307 291 3337 mum
319 3293 401 3338 tibi
428 3292 617 3349 profuit,
656 3294 694 3338 si
730 3307 783 3338 ex
814 3295 1051 3340 donatione
1079 3301 1124 3340 te
1154 3311 1242 3342 non
1270 3299 1409 3343 fuisse
1439 3300 1515 3344 do-

171 3350 337 3393 minum
381 3348 716 3393 demonstretur.
794 3363 905 3394 sane
986 3352 1162 3396 uoniam
1209 3354 1356 3399 omnia
1398 3355 1517 3398 bona

171 3405 253 3449 tibi
289 3406 345 3449 ab
382 3417 435 3449 ea
473 3404 636 3450 donata
675 3410 720 3449 et
755 3406 922 3450 tradita
980 3406 1060 3452 icis
1075 3409 1123 3460 ¹⁴,
1161 3407 1219 3453 ad
1252 3409 1339 3453 hoc
1368 3422 1397 3453 a
1424 3409 1516 3454 filio

173 3460 294 3504 facta
334 3460 525 3504 venditio
568 3474 715 3505 rerum
759 3465 1058 3506 maternarum
1101 3463 1276 3508 adferre
1317 3463 1517 3520 perfecta

174 3516 306 3560 etiam
327 3516 571 3560 vdonatione
598 3517 762 3572 poterit
791 3517 1102 3573 defensionem,
1132 3531 1189 3563 ne
1217 3520 1286 3563 vel
1317 3521 1514 3576 exemplo

173 3571 411 3616 inofficiosi
437 3573 689 3616 testamenti
716 3573 860 3629 possit
882 3574 994 3618 haec
1020 3587 1208 3619 avocare
1226 3578 1272 3617 ¹⁵.
1314 3574 1409 3620 ΡΡ.
1426 3587 1519 3619 1111

174 3627 216 3671 lc.
250 3625 350 3670 Iun.
382 3627 518 3671 AA.¹⁶
546 3641 688 3671 conss.
1328 3635 1384 3683 [a.
1418 3634 1515 3682 293]

230 3679 260 3727 5
295 3681 420 3726 Idem
447 3683 540 3726 ΛΑ.
572 3689 616 3727 et
646 3682 722 3728 CC.
760 3683 885 3728 Umbi
917 3699 971 3730 ae
1002 3683 1199 3731 Gratiae.
1264 3686 1381 3731 Cum
1419 3686 1516 3742 ipse

174 3741 296 3781 tutor
339 3737 449 3781 nihil
493 3750 544 3781 ex
590 3739 716 3782 bonis
785 3741 859 3796 up'
898 3742 906 3750 '
975 3754 1059 3785 uae
1099 3742 1285 3786 distrahi
1328 3746 1517 3798 possunt

175 3805 433 3848 comparare
474 3794 622 3857 palam
666 3798 712 3838 et
748 3754 872 3840 {ona
945 3755 1002 3840 de
1042 3798 1322 3853 prohibetur,
1378 3798 1514 3842 multo

173 3849 311 3904 magis
341 3862 453 3893 uxor
483 3861 575 3893 eius
605 3850 692 3894 hoc
717 3849 868 3895 facere
897 3857 1058 3907 potest.
1112 3852 1174 3898 D.
1212 3865 1309 3898 ΠΙ]
1334 3852 1377 3898 lc.
1408 3852 1514 3898 Dec.

172 3905 266 3950 ΛΑ.
297 3917 441 3949 conss.
1328 3913 1384 3962 [a.
1418 3912 1514 3960 293]

176 4045 228 4098 (1)
259 4047 311 4100 cst
341 4062 382 4099 p.
412 4055 478 4088 176
509 4055 586 4088 not.
619 4055 660 4088 18
1322 4050 1376 4100 (3)
1407 4048 1517 4101 apud

181 4102 266 4154 CR,
296 4101 348 4142 ad
372 4117 403 4155 p
517 4103 570 4153 (1)
599 4101 709 4153 apud
738 4103 844 4153 deta,
874 4102 926 4142 ad
950 4104 1061 4155 pCR
1181 4104 1236 4156 (5)
1268 4103 1306 4144 d.
1335 4105 1442 4157 prid.
1474 4105 1514 4144 k.

175 4157 273 4198 Mai.
292 4156 652 4209 Constantinopoli
680 4160 772 4209 post
796 4157 1052 4199 consulatum
1067 4159 1286 4212 Lampadii
1307 4162 1348 4200 et
1364 4160 1516 4202 Orestis

175 4224 240 4255 vv.
271 4225 329 4254 οο.
356 4228 438 4254 scr.
569 4215 625 4264 (6)
655 4215 714 4254 sic
742 4214 796 4264 R,
826 4213 955 4254 veteri
982 4211 1022 4255 ‘C
1155 4215 1210 4268 (7)
1234 4216 1286 4259 Β
1319 4218 1382 4265 19,
1413 4225 1449 4267 5,
1481 4224 1514 4256 11

174 4282 283 4322 seqq.
311 4291 369 4300 --
401 4269 463 4322 Cf.
492 4269 593 4322 1259.
629 4269 693 4320 18,
723 4278 738 4310 1
767 4269 870 4310 Inst.
900 4271 938 4319 3,
966 4277 1008 4310 23
1125 4269 1183 4322 (8)
1211 4271 1343 4321 sicP,
1372 4271 1514 4313 vendi-

175 4323 330 4365 tionem
350 4324 422 4365 CR
530 4325 586 4376 (9)
605 4324 851 4365 *donationis
867 4322 978 4376 PRb,
999 4322 1188 4368 om.=CR“
1295 4326 1371 4379 (10)
1387 4327 1447 4370 sic
1459 4327 1514 4378 L,

173 4379 312 4431 pareri
340 4378 453 4420 PCR
582 4381 649 4431 (11)
677 4400 733 4416 ..-..
771 4380 862 4421 Vat.
895 4388 962 4421 293
1076 4380 1161 4432 (12)
1192 4393 1274 4425 esse
1305 4382 1397 4423 dett.
1428 4397 1514 4423 cum

185 4433 291 4485 Van,
321 4450 392 4476 om.
411 4433 484 4476 GR
568 4435 641 4486 (13)
671 4435 782 4486 quod
809 4437 947 4476 autem
975 4447 1040 4476 res
1067 4435 1146 4478 tibi
1167 4436 1224 4479 ab
1247 4436 1396 4479 herede
1418 4436 1512 4479 don.

175 4488 292 4531 distr.
321 4502 403 4530 esse
430 4490 655 4542 pro[ponis,
682 4489 902 4542 duplicari]
929 4490 1008 4531 tibi
1030 4492 1060 4531 t.
1082 4502 1124 4543 p.
1147 4504 1190 4533 n.
1214 4492 1397 4544 potuisse
1419 4505 1515 4533 con-

176 4546 268 4596 stat,
298 4544 367 4584 sed
390 4557 441 4586 ex
463 4546 642 4598 perfecta
665 4546 902 4587 venditione
927 4547 1031 4598 Vat,
1062 4548 1133 4588 ubi
1154 4549 1403 4600 praecedunt
1428 4549 1514 4589 alia

770 4047 826 4099 (2)
856 4047 935 4088 erit
962 4049 1051 4087 ΒΣ
1076 4050 1130 4100 (κ.
1146 4049 1212 4100 π.)

1530 81 1630 140 177

2606 86 2704 136 ΙΙΙ]
2749 89 2830 139 37.
2870 87 2935 138 38

1660 235 1692 284 6
1732 235 1857 282 Idem
1894 237 1987 284 ΑΛ.
2025 242 2070 282 et
2110 235 2189 281 00.
2220 239 2401 284 Aurelio
2431 239 2655 286 Lucretio.
2728 241 2776 287 Si
2819 241 2937 289 Geu-

1603 292 1775 339 dentius
1813 293 1861 341 iu
1896 298 2080 344 matrem
2108 295 2230 337 tuam
2259 295 2386 340 titulo
2415 296 2675 344 venditionis
2707 297 2800 341 sine
2830 310 2938 353 qua-

1602 348 1704 393 dam
1741 348 1898 395 fraude
1937 348 2176 396 dominium
2212 351 2418 407 mancipii
2454 353 2702 405 transtulit,
2745 366 2835 398 non
2869 351 2937 394 id-

1603 404 1733 458 circo,
1765 404 1882 460 quod
1907 409 2013 470 post
2038 404 2155 450 inter
2183 418 2258 448 eos
2287 408 2613 452 matrimonium
2638 411 2683 452 et
2707 408 2939 455 divortium

1603 464 1801 506 secutum
1831 460 2016 513 dicim,
2055 460 2142 505 iuri
2177 461 2270 505 eius
2300 463 2532 518 quicquam
2562 464 2819 519 derogatum
2843 468 2937 508 est:

1602 515 1721 570 quod
1763 516 2007 570 vindicans,
2042 520 2089 560 te
2128 518 2257 561 matri
2294 523 2397 563 tuae
2437 520 2703 564 successisse
2731 519 2939 574 probans,

1601 571 1777 615 minime
1804 572 2069 627 prohiberis.

1658 623 1686 670 7
1720 624 1846 670 Idem
1874 627 1966 672 ΑΛ.
2000 631 2052 674 et
2090 625 2167 672 00.
2199 628 2382 672 Aurelio
2423 627 2580 675 Isioni.
2649 627 2699 671 Si
2735 627 2940 670 ancillam

1602 692 1656 724 ex
1698 682 1919 735 emptione
1955 683 2039 727 sibi
2076 684 2318 738 quaesitam
2352 685 2494 729 mater
2528 687 2609 727 tua
2647 682 2884 727 donatione
2916 696 2943 725 a

1601 736 1795 779 secundo
1822 736 1981 779 marito
2012 743 2168 791 postea
2190 751 2244 782 se
2280 738 2504 782 simulavit
2541 737 2789 792 accepisse,
2825 737 2944 780 tituli

1599 789 1703 833 falsi
1743 789 1999 844 figmentum
2042 792 2280 835 dominium
2317 793 2357 836 ei
2395 792 2625 847 duplicare
2663 791 2731 834 vel
2767 792 2944 835 auferre

1600 857 1690 889 non
1750 844 1875 888 otuit.
1935 844 1981 888 S.
2010 859 2115 890 non.
2146 846 2284 893 Mart.
2311 846 2450 891 Sirmi
2464 845 2544 890 CC.
2577 859 2720 891 conss.
2769 851 2824 899 [a.
2844 851 2942 899 294]

1656 897 1688 948 8
1717 858 1846 945 {dem
1874 899 1967 945 ΑΛ.
1997 904 2044 944 et
2074 898 2151 946 CC.
2183 900 2360 965 Herodi
2389 905 2435 944 et
2450 902 2484 927 ¹⁷
2504 899 2720 967 ,Dioqeni
2779 901 2827 946 Si
2855 916 2946 947 non

1602 954 1850 1003 donationis
1880 967 2030 1007 causa,
2060 954 2139 999 sed
2168 967 2269 999 vere
2297 968 2447 999 vineas
2469 955 2717 1003 distraxlsti
2739 970 2821 1000 nec
2843 971 2945 1013 pre-

1600 1011 1709 1057 tium
1731 1014 2010 1054 numeratum
2028 1015 2113 1063 est,
2137 1011 2253 1054 actio
2277 1011 2357 1056 tibi
2379 1012 2521 1066 pretii,
2546 1025 2636 1055 non
2659 1025 2810 1057 eorum
2833 1027 2946 1068 quae

1601 1066 1761 1113 dedisti
1804 1066 2006 1122 repetitio
2052 1067 2275 1122 competit.
2350 1066 2405 1111 D.
2444 1079 2559 1110 XVI!
2593 1066 2638 1112 lc.
2676 1068 2820 1126 April.
2865 1068 2942 1114 CC.

1601 1135 1745 1166 conss.
2773 1138 2812 1168 a.
2847 1128 2928 1171 294

1658 1175 1689 1225 9
1734 1176 1896 1223 ²⁸Idem
1925 1177 2018 1224 ΛΑ.
2057 1182 2104 1222 et
2142 1175 2219 1222 CC.
2251 1176 2417 1224 Severo
2452 1178 2597 1225 militi.
2655 1129 2807 1242 Emis
2835 1130 2945 1228 fidei

1600 1247 1654 1278 ac
1692 1233 1858 1281 venditi
1893 1234 1988 1278 sine
2027 1233 2276 1290 quantitate
2310 1233 2434 1281 nulla
2463 1238 2544 1281 est.
2635 1235 2768 1283 lacito
2799 1241 2945 1284 autem

1600 1290 1741 1344 pretio
1771 1303 1862 1335 non
1890 1292 2142 1341 numerato,
2184 1289 2262 1334 sed
2301 1290 2443 1337 solum
2472 1250 2637 1337 traditi}
2663 1293 2946 1347 possessione

1599 1345 1850 1389 istiusmodi
1888 1349 2145 1390 contractus
2186 1359 2276 1389 non
2315 1346 2506 1390 habetur
2542 1347 2717 1401 irritus,
2757 1362 2840 1393 nec
2878 1349 2944 1393 id-

1602 1400 1720 1444 circo
1759 1401 1798 1445 is
1837 1401 1914 1458 qui
1952 1402 2223 1457 comparavit
2257 1402 2403 1445 minus
2433 1405 2555 1446 recte
2583 1403 2796 1459 possidet,
2828 1405 2947 1461 quod

1600 1456 1747 1500 soluta
1789 1469 1957 1500 summa
1997 1469 2125 1512 quam
2165 1456 2261 1501 dari
2301 1463 2566 1502 convenerat
2597 1464 2798 1515 negatur.
2868 1461 2946 1505 sed

1602 1512 1695 1555 et¹⁹
1738 1511 1988 1557 donationis
2030 1513 2175 1568 gratia
2224 1513 2396 1569 praedii
2444 1513 2567 1558 facta
2609 1515 2864 1560 venditione
2908 1517 2947 1561 si

1599 1567 1779 1612 traditio
1823 1581 1870 1613 se
1903 1572 2058 1621 uatur,
2101 1568 2277 1613 actione
2327 1569 2461 1625 pretii
2506 1570 2629 1614 nulla
2672 1577 2946 1627 competente

1598 1623 1826 1679 perficitur
1874 1582 2072 1668 donatio.
2155 1623 2210 1668 D.
2259 1635 2353 1668 VJJJ
2401 1623 2446 1669 lc.
2491 1626 2636 1685 April.
2682 1626 2820 1735 Sir-[mi
2848 1627 2943 1728 230.

1600 1692 1746 1723 conss.
1939 1697 1943 1701 ·
2770 1697 2809 1727 a.
2905 1689 2945 1736 4]

1658 1733 1722 1780 10
1769 1732 1893 1777 Idem
1936 1734 2027 1777 ΛΑ.
2073 1738 2118 1778 et
2168 1734 2244 1780 CC.
2293 1735 2502 1780 Aureliae
2547 1735 2822 1784 Gordianae.
2902 1739 2949 1783 Si

1599 1794 1740 1833 mater
1767 1794 1848 1833 tua
1876 1790 1996 1833 velut
2024 1803 2080 1833 ex
2102 1791 2231 1835 bonis
2256 1791 2395 1846 patris
2420 1791 2649 1847 praedium
2674 1807 2803 1837 suum
2828 1807 2947 1838 com-

1599 1845 1793 1900 paravit,
1834 1858 1935 1889 cum
1973 1846 2037 1889 rei
2074 1847 2281 1902 propriae
2319 1859 2410 1891 non
2450 1848 2667 1891 consistat
2703 1850 2866 1905 emptio
2905 1856 2949 1893 et

1600 1902 1715 1944 hanc
1754 1901 2005 1945 simulatam
2045 1915 2283 1957 proponas,
2322 1902 2572 1948 huiusmodi
2607 1904 2821 1960 placitum
2853 1920 2948 1950 mu-

1598 1962 1695 2000 tare
1735 1957 2030 2000 substantiam
2068 1958 2265 2003 veritatis
2309 1963 2351 2002 et
2387 1959 2427 2002 ei
2465 1972 2626 2004 nocere
2663 1974 2753 2005 non
2788 1962 2944 2017 potuit.

1600 2012 1655 2056 Ι).
1695 2024 1767 2056 VII
1792 2012 1852 2057 id.
1884 2013 2030 2071 April.
2066 2012 2144 2059 GC.
2177 2028 2320 2059 conss,
2759 2021 2815 2069 [a.
2850 2021 2946 2071 294]

1658 2066 1718 2115 11
1764 2066 1890 2113 Idem
1929 2069 2022 2114 AA.
2062 2074 2109 2115 et
2140 2068 2224 2115 CC.
2261 2070 2448 2115 Aurelio
2484 2069 2699 2117 Paterno.
2759 2073 2948 2119 Invitum

1601 2137 1859 2181 comparare
1888 2125 1955 2169 vel
1995 2125 2242 2170 distrahere
2272 2127 2544 2183 postulantis
2575 2140 2754 2172 causam
2783 2129 2948 2174 iustam

1599 2194 1691 2227 non
1730 2181 1931 2228 continet
1973 2181 2250 2226 desiderium.
2324 2181 2418 2227 ΡΡ.
2457 2195 2527 2228 JJJ
2567 2197 2671 2228 non.
2712 2183 2818 2236 Dec.
2870 2185 2946 2231 CC.

1601 2250 1745 2280 conss,
2760 2246 2815 2292 [a.
2848 2244 2946 2293 294]

1658 2291 1723 2339 12
1755 2290 1883 2336 Idem
1921 2293 2012 2339 AA.
2054 2298 2099 2337 et
2139 2292 2216 2338 CC.
2248 2293 2432 2339 Aurelio
2461 2293 2679 2340 Paciano.
2745 2295 2847 2341 Non
2882 2297 2947 2341 id-

1600 2347 1715 2391 circo
1754 2348 1900 2392 minus
1939 2348 2102 2404 emptio
2130 2348 2331 2404 perfecta
2359 2354 2449 2403 est,
2491 2351 2610 2406 quod
2639 2356 2812 2408 emptor
2841 2352 2947 2397 fide-

1599 2403 1815 2447 iussorem
1853 2416 1944 2447 non
1983 2404 2157 2460 accepit
2195 2404 2262 2448 vel
2306 2406 2647 2450 instrumentum
2697 2408 2947 2455 testationis

1599 2471 1766 2503 vacuae
1811 2459 2104 2515 possessionis
2149 2461 2357 2506 omissum
2410 2464 2499 2506 est:
2552 2474 2655 2509 nam
2707 2464 2948 2509 secundum

1601 2527 1865 2559 consensum
1905 2515 2099 2559 auctoris
2138 2515 2183 2559 in
2211 2517 2537 2572 possessionem
2571 2518 2795 2573 ingressus
2826 2525 2946 2564 recte

1604 2575 1622 2614 1
1684 2570 1897 2626 possidet.
1957 2571 2151 2615 Pretium
2181 2584 2300 2625 sane,
2332 2573 2370 2616 si
2394 2585 2446 2617 eo
2468 2573 2645 2618 nomine
2668 2574 2946 2621 satisfactum

1600 2639 1690 2670 non
1733 2627 1969 2682 probetur,
2009 2628 2103 2682 peti
2141 2632 2310 2682 potest:
2355 2641 2439 2672 nec
2477 2629 2594 2675 enim
2633 2630 2738 2674 licet
2765 2631 2811 2677 in
2841 2644 2946 2675 con-

1600 2682 1775 2783 tinentil
1797 2683 1919 2727 facta
1946 2683 2244 2738 paenitentiae
2279 2685 2542 2729 contestatio
2575 2696 2796 2731 consensu
2821 2686 2947 2731 finita

1599 2739 1746 2782 rescin
1777 2738 1825 2782 it.

1659 2791 1724 2841 13
1756 2792 1881 2839 Idem
1909 2794 2002 2843 ΑΑ.
2042 2800 2086 2839 et
2108 2795 2194 2839 CC.
2226 2795 2410 2840 Aurelio
2439 2795 2579 2844 Decio
2610 2796 2836 2843 Lolliano.
2893 2797 2947 2841 In

1601 2849 1828 2895 vendentis
1859 2850 1928 2894 vel
1967 2851 2150 2895 ementis
2180 2851 2452 2896 voluntatem
2490 2851 2652 2896 collata
2690 2853 2947 2902 condicione

1602 2905 1913 2961 comparandi,
1949 2907 2055 2962 quia
2093 2920 2184 2950 non
2213 2906 2447 2962 adstringit
2474 2909 2739 2953 necessitate
2770 2914 2947 2953 contra-

1599 2961 1779 3015 hentes,
1819 2962 2030 3017 obligatio
2072 2963 2194 3006 nulla
2234 2968 2312 3007 est.
2381 2963 2546 3007 idcirco
2561 2965 2599 2990 2⁰
2631 2964 2840 3009 dominus
2874 2965 2945 3009 in-

1601 3017 1716 3062 vitus
1761 3031 1814 3061 ex
1857 3018 2109 3063 huiusmodi
2153 3020 2441 3063 conventione
2483 3032 2576 3065 rem
2619 3020 2844 3075 propriam
2878 3020 2947 3063 vel

1602 3073 1785 3128 quilibet
1815 3073 1929 3117 alius
1960 3074 2204 3122 distrahere
2234 3088 2322 3118 non
2355 3075 2644 3130 compellitur.

1660 3127 1724 3174 14
1757 3127 1896 3187 2¹Imp
1924 3144 1975 3186 p.
2009 3128 2256 3173 Gratianus
2300 3129 2642 3173 Valentinianus
2662 3134 2714 3174 ‚et
2745 3129 2945 3175 Theodo—

1598 3184 1695 3228 sius
1706 3185 1745 3210 22
1772 3184 1852 3228 ΑΛ
1896 3219 1904 3228 .
1932 3185 2153 3229 Flaviano
2174 3199 2259 3242 pp.
2289 3183 2469 3242 Illyrici
2480 3186 2528 3228 2³.
2589 3185 2768 3229 Dudum
2796 3187 2945 3242 proxi-

1600 3239 1683 3282 mis
1715 3239 2082 3295 consortibusque
2110 3252 2368 3286 concessum
2398 3244 2505 3295 erat,
2543 3246 2591 3284 ut
2621 3245 2856 3289 extraneos
2887 3242 2943 3286 ab

1600 3295 1827 3394 3232131‘3333
1862 3299 2320 3396 ffiss'tsslfisssssssstne‘issi
2353 3296 2945 3408 {fflinssaffhississiiff

1599 3410 1673 3449 tur
1701 3405 1877 3457 iniuria,
1918 3418 2030 3460 quae
2059 3407 2182 3451 inani
2210 3407 2456 3454 honestatis
2494 3409 2640 3452 colore
2669 3409 2854 3462 velatur,
2895 3413 2946 3453 ut

1600 3461 1797 3504 homines
1840 3461 1894 3504 de
1930 3462 2063 3507 rebus
2103 3462 2196 3509 suis
2231 3462 2381 3507 facere
2421 3464 2588 3519 aliquid
2625 3468 2840 3520 cogantur
2875 3465 2942 3508 in-

1600 3517 1703 3570 viti,
1745 3516 1970 3572 superiore
2009 3518 2103 3573 lege
2142 3523 2320 3566 cassata
2357 3520 2663 3576 unusquisque
2700 3534 2783 3564 suo
2821 3521 2943 3567 >arbi-

1599 3574 1720 3614 tratu
1750 3585 1961 3626 quaerere
1990 3573 2059 3616 vel
2087 3575 2278 3629 probare
2300 3575 2444 3631 possit
2474 3581 2726 3631 emptorem,
2758 3575 2843 3619 nisi
2870 3575 2943 3620 lex

1600 3628 1851 3682 specialiter
1880 3629 2094 3684 quasdam
2122 3642 2335 3686 personas
2363 3632 2451 3675 hoc
2476 3631 2626 3676 facere
2649 3631 2939 3687 prohibuerit.

1598 3682 1655 3727 D.
1704 3695 1754 3726 VJ
1802 3683 1844 3728 lc.
1885 3683 1987 3729 Iun.
2039 3684 2301 3731 Vincentiae
2345 3685 2538 3732 Tatiano
2588 3692 2636 3732 et
2671 3686 2941 3794 Syssmssffi‘}

1600 3751 1743 3783 conss.
2768 3755 2810 3784 a.

1658 3793 1720 3840 15
1753 3794 1868 3853 Imp.
1901 3793 2182 3846 lastinianus
2202 3798 2257 3844 Α.
2290 3796 2471 3841 Iuliano
2492 3811 2576 3854 pp.
2636 3796 2779 3851 Super
2806 3796 2940 3840 rebus
2995 3825 2999 3829 -

1598 3850 1929 3904 venumdandis,
1967 3851 2014 3895 si
2057 3852 2154 3908 quis
2196 3854 2262 3896 ita
2304 3865 2397 3896 rem
2441 3851 2732 3907 comparavit,
2778 3855 2829 3894 ut
2869 3863 2939 3894 res

1599 3906 1776 3953 vendita
1804 3911 1933 3958 esset,
1964 3908 2117 3963 quanti
2146 3909 2291 3957 Titius
2319 3908 2627 3960 aestimaverit,
2667 3919 2828 3962 magna
2858 3906 2937 3950 du-

1600 4047 1673 4099 (14)
1702 4048 1818 4089 vobis
1839 4047 1891 4088 ab
1917 4061 1964 4089 ea
1988 4047 2027 4089 d.
2055 4050 2096 4089 et
2117 4050 2169 4090 tr.
2197 4048 2334 4089 dicitis
2358 4048 2448 4089 Vat.
2535 4048 2608 4097 (15)
2632 4045 2782 4098 quibus
2807 4046 2939 4086 omni-

1599 4103 1675 4144 bus
1709 4116 1869 4156 praeses
1903 4104 2141 4157 provinciae
2176 4104 2386 4145 notionem
2414 4102 2625 4155 praebebit
2657 4103 2810 4143 addunt
2847 4102 2938 4143 Vae.

1600 4161 1675 4211 (16)
1711 4171 1773 4202 aa.
1812 4161 1961 4212 scripsi
1996 4174 2045 4211 ex
2080 4176 2186 4202 more
2213 4160 2549 4209 Iustinianorum,
2589 4157 2710 4198 diocl.
2742 4159 2783 4198 et
2809 4157 2939 4197 maxi·

1598 4215 1736 4255 miano
1751 4228 1780 4254 v
1797 4217 1922 4255 etun
1946 4216 2053 4269 Vae„
2077 4217 2183 4258 unde
2196 4216 2435 4267 subscriptio
2450 4214 2636 4268 suppleta
2654 4222 2712 4255 est
2797 4212 2872 4264 (17)
2898 4214 2939 4251 et

1600 4271 1675 4311 del.
1790 4271 1866 4322 (18)
1883 4273 2069 4324 sortasse
2098 4272 2300 4324 iunyenda
2329 4279 2388 4311 est
2414 4271 2454 4321 7,
2485 4278 2542 4319 26,
2573 4278 2594 4311 8
2722 4267 2798 4319 (19)
2828 4269 2869 4330 et
2896 4267 2938 4308 R

1599 4340 1683 4367 cum
1714 4326 1771 4374 Β,
1801 4341 1873 4368 om.
1895 4324 1981 4375 ,PG
2117 4327 2198 4380 (20)
2228 4327 2288 4367 sic
2316 4326 2401 4373 Ma,
2423 4327 2475 4366 et
2502 4324 2656 4364 idcirco
2690 4323 2731 4375 0,
2762 4321 2937 4363 idcirco-

1597 4393 1677 4431 que
1705 4381 1747 4423 R
1830 4381 1905 4432 (21)
1932 4401 1992 4422 με
2025 4380 2098 4423 Th.
2129 4384 2168 4429 3,
2198 4391 2228 4429 1,
2260 4390 2301 4421 e:
2332 4381 2451 4433 iunqe
2486 4382 2519 4431 1,
2548 4389 2604 4430 18,
2636 4387 2675 4420 12
2770 4378 2850 4430 (22)
2878 4379 2939 4420 sic

1600 4437 1695 4477 libri
1721 4451 1804 4478 cum
1839 4437 1925 4489 Th„
1957 4437 2118 4492 imppp.
2149 4435 2312 4477 Valent.
2350 4435 2503 4476 Theod.
2545 4437 2586 4475 et
2614 4436 2709 4475 Arc.
2742 4436 2779 4486 1,
2809 4442 2865 4486 18,
2896 4442 2936 4475 12

1854 4491 1933 4544 (23)
1963 4495 2004 4532 et
2033 4492 2179 4533 Italiae
2211 4492 2328 4532 addit
2353 4491 2424 4531 Th.

1598 4492 1742 4533 rectius

2543 4615 2595 4655 23
