3138 4776
251 198 302 250 II
340 199 386 247 6.
424 197 453 245 7
1577 179 1644 239 98

248 346 389 389 tietur.
462 353 542 384 nec
584 341 696 384 enim
740 337 985 382 coniventia
1030 336 1344 381 commodanda
1388 337 1476 386 est,
1523 337 1573 375 ut

247 400 473 455 quisquam
511 396 684 450 negotio
723 393 928 437 derelicto
966 392 1013 434 in
1051 393 1286 435 adversarii
1320 391 1387 432 sui
1417 393 1572 431 contu-

247 460 271 498 2
327 452 499 495 meliam
541 454 619 492 aut
655 449 800 503 palam
838 451 994 511 pergat
1031 453 1110 490 aut
1139 446 1335 490 subdole.
1369 444 1572 508 Praeter-

244 524 296 554 ea
358 507 526 549 nullum
565 516 663 547 cum
701 515 752 546 eo
788 502 1007 556 litigatore
1045 506 1335 552 contractum,
1373 510 1500 553 quem
1527 512 1573 542 m

244 562 422 620 propria
457 559 624 612 recepit
653 557 760 610 fide,
804 556 923 599 ineat
962 557 1224 607 advocatus,
1263 555 1428 597 nullam
1467 567 1571 598 con-

247 625 269 663 3
326 620 439 661 ferat
473 613 732 670 pactionem.
799 611 939 655 Nemo
971 624 1025 655 ex
1053 612 1143 664 his,
1185 623 1292 666 quos
1321 610 1472 653 licebit
1500 623 1572 654 ac—

246 675 387 730 cipere
430 672 497 714 vel
537 667 728 719 decebit,
774 671 1066 720 aspernanter
1103 668 1286 717 habeat,
1332 665 1452 720 quod
1490 666 1574 710 sibi

246 729 376 773 semel
406 724 538 770 officii
566 721 708 777 gratia
724 721 874 764 slibero
905 722 1089 765 arbitrio
1125 720 1334 765 obtulerit
1362 721 1570 777 litigator.

245 791 269 827 4
313 789 336 826 5
394 782 529 825 Nemo
571 791 623 820 ex
660 776 876 820 industria
913 777 1146 832 protrahat
1182 777 1384 832 iurgium.
1441 778 1573 833 Apud

243 840 393 883 urbem
431 840 576 879 autem
612 832 797 875 Romam
825 832 956 875 etiam
985 832 1233 884 honoratis,
1275 833 1349 888 qui
1377 833 1463 877 hoc
1491 847 1572 889 pu-

242 894 428 937 taverint
470 888 732 943 eligendum,
776 900 827 932 eo
866 901 1005 943 usque
1041 888 1174 932 liceat
1208 901 1360 940 orare,
1411 902 1572 944 quous-

242 962 323 1004 que
358 946 610 996 maluerint,
649 943 853 987 videlicet
889 948 940 987 ut
974 957 1064 988 non
1101 944 1159 987 ad
1196 948 1327 1000 turpe
1367 957 1571 1000 compen-

241 1005 355 1047 dium
391 1002 631 1056 stipemque
668 998 907 1043 deformem
944 1000 1054 1043 haec
1097 1000 1345 1055 adripiatur
1384 1001 1571 1051 occasio,

241 1060 317 1103 sed
355 1058 494 1100 laudis
532 1068 611 1110 per
647 1068 743 1099 eam
783 1060 1018 1110 augmenta
1058 1059 1340 1111 quaerantur.
1399 1069 1502 1099 nam
1535 1056 1574 1099 si

239 1116 359 1158 lucro
388 1114 660 1168 pecuniaque
691 1112 936 1166 capiantur,
976 1111 1110 1156 veluti
1140 1112 1303 1155 abiecti
1331 1116 1464 1167 atque
1494 1111 1567 1155 de-

241 1176 264 1213 6
321 1181 500 1224 generes
538 1167 652 1210 inter
680 1167 914 1211 vilissimos
945 1168 1308 1211 numerabuntur.
1368 1168 1573 1223 Quisquis

238 1226 370 1280 igitur
399 1237 453 1267 ex
480 1223 563 1276 his,
595 1235 705 1277 quos
735 1235 863 1278 agere
878 1223 1167 1278 permisimus,
1197 1224 1291 1266 vult
1317 1236 1414 1267 esse
1430 1223 1572 1266 causi-

242 1282 379 1332 dicus,
417 1292 512 1323 eam
542 1279 700 1331 solam,
741 1291 872 1334 quam
902 1279 1036 1322 sumit
1063 1284 1259 1334 tempore
1288 1279 1457 1334 agendi,
1491 1278 1574 1322 sibi

239 1337 350 1380 sciat
387 1348 482 1378 esse
522 1347 777 1389 personam,
822 1347 1050 1390 quousque
1087 1334 1335 1378 causidicus
1373 1340 1452 1386 est,
1492 1347 1574 1378 nec

238 1396 362 1448 putet
399 1391 628 1446 quisquam
662 1390 821 1434 honori
859 1403 939 1434 suo
978 1390 1146 1446 aliquid
1184 1403 1281 1434 esse
1315 1390 1573 1442 detractum,

240 1462 335 1492 cum
378 1447 473 1502 ipse
512 1445 818 1490 necessitatem
853 1446 1033 1502 elegerit
1071 1446 1218 1489 standi
1254 1450 1299 1489 et
1337 1446 1432 1501 ipse
1469 1459 1574 1490 con-

237 1509 323 1547 tem
356 1504 462 1546 serit
489 1502 556 1545 ius
587 1501 778 1546 sedendi.
835 1500 929 1546 PP.
961 1514 999 1545 X
1023 1500 1066 1545 lc.
1094 1500 1217 1560 Sept.
1259 1501 1574 1546 Valentiniano

237 1565 281 1602 et
357 1559 502 1602 alente
529 1558 623 1601 AA.
656 1569 702 1600 11
727 1570 871 1601 conss.
1390 1562 1445 1610 [a.
1479 1561 1573 1609 368]

295 1611 322 1659 7
367 1613 493 1658 Idem
521 1614 613 1657 AA.
655 1618 700 1657 et
743 1611 991 1657 Gratianus
1029 1613 1081 1657 A.
1127 1613 1190 1657 ad
1230 1612 1461 1671 Olybrium
1490 1627 1573 1671 pu.

237 1669 557 1714 Providendum
595 1671 685 1722 est,
725 1681 781 1712 ne
815 1669 882 1721 hi,
922 1683 1031 1725 quos
1065 1670 1112 1712 in
1141 1669 1238 1713 foro
1269 1674 1347 1713 aut
1373 1669 1575 1713 meritum

236 1726 529 1770 nobilissimos
567 1724 723 1768 fecerit
751 1729 830 1768 aut
857 1728 1066 1779 vetustas,
1108 1725 1155 1769 in
1192 1738 1283 1768 una
1310 1731 1438 1780 parte
1468 1738 1572 1769 con-

237 1783 408 1832 sistant,
449 1781 580 1824 aliam
617 1793 645 1823 a
673 1780 858 1824 rudibus
888 1786 1021 1836 atque
1058 1781 1275 1825 tironibus
1305 1794 1487 1825 necesse
1517 1781 1576 1824 sit

241 1843 258 1880 1
319 1837 538 1881 sustineri.
611 1837 759 1891 Atque
799 1836 899 1880 ideo
945 1837 982 1879 si
1020 1837 1067 1879 in
1105 1850 1194 1881 uno
1235 1837 1455 1881 auditorio
1487 1836 1574 1879 duo

237 1898 407 1936 tantum
434 1905 543 1948 prae
573 1893 729 1936 ceteris
759 1891 923 1935 fuerint
950 1893 1019 1936 vel
1046 1893 1210 1948 plures,
1242 1906 1428 1948 quorum
1457 1892 1576 1935 fama

239 1950 296 1992 sit
323 1949 529 2002 hilarior,
566 1949 611 1990 in
639 1948 879 1991 iudicantis
910 1948 1057 1992 officio
1089 1949 1160 2000 sit,
1200 1954 1250 1992 ut
1279 1962 1361 2004 par
1391 1948 1576 1992 causidi-

239 2018 390 2048 corum
427 2004 678 2048 distributio
715 2003 795 2047 fiat
830 2008 875 2047 et
912 2009 1183 2059 exaequetur
1217 2005 1420 2059 partibus
1451 2004 1576 2047 auxi-

239 2065 263 2104 2
320 2061 426 2104 lium
471 2060 742 2114 singulorum
785 2064 830 2103 et
873 2072 1015 2114 aequa
1053 2059 1207 2104 divisio
1245 2060 1470 2115 procedat.
1530 2060 1577 2102 Si

238 2116 335 2172 quis
365 2129 467 2159 vero
496 2115 691 2159 monitus
720 2127 748 2158 a
775 2115 921 2159 iudice
950 2128 1002 2159 ea
1032 2117 1327 2168 excusatione,
1359 2129 1471 2171 quae
1500 2128 1575 2158 ne-

237 2176 368 2228 queat
398 2171 702 2228 comprobari‚
743 2171 1003 2226 cuicumque
1031 2171 1149 2226 parti
1177 2171 1473 2227 patrocinium
1502 2171 1576 2214 de-

235 2229 470 2282 negaverit,
503 2231 654 2271 careat
680 2229 791 2281 foro,
830 2227 943 2269 sciat
979 2227 1110 2270 etiam
1138 2241 1376 2282 numquam
1406 2227 1492 2270 sibi
1520 2226 1578 2269 ad

238 2288 261 2327 3
320 2283 560 2338 agendum¹
600 2283 773 2338 copiam
810 2295 943 2338 posse
978 2282 1165 2326 restitui.
1225 2283 1272 2326 Si
1302 2283 1400 2337 quis
1429 2285 1577 2325 autem

238 2352 293 2383 ex
330 2339 623 2394 litigatoribus
663 2338 863 2382 detectus
901 2338 1037 2382 fuerit
1077 2339 1315 2394 separatim
1358 2343 1577 2381 tractasse

239 2409 338 2439 cum
361 2395 563 2450 pluribus
589 2399 632 2437 et
657 2394 908 2437 adversario
933 2407 1013 2437 suo
1033 2395 1113 2437 tali
1132 2394 1290 2438 fraude
1305 2393 1577 2438 subtraxisse

236 2451 356 2507 paris
388 2450 653 2494 defensionis
683 2450 867 2505 copiam,
914 2450 1117 2493 ostendet
1144 2450 1302 2505 procul
1330 2450 1465 2493 dubio
1495 2449 1575 2491 ini-

238 2521 367 2563 quam
397 2520 424 2550 a
452 2519 500 2550 se
529 2506 650 2549 litem
684 2506 824 2549 foveri
862 2510 907 2549 et
945 2505 1254 2549 auctoritatem
1288 2505 1444 2549 iudicis
1473 2517 1501 2547 a
1530 2517 1577 2548 se

235 2564 379 2606 lusam
410 2562 672 2617 experietur.
729 2560 786 2605 D.
814 2560 1012 2605 lc.*Mart.
1040 2561 1234 2606 Treviris
1260 2560 1576 2605 Valentiniano

238 2624 283 2662 et
314 2617 497 2661 Valente
527 2629 592 2660 111
619 2618 711 2661 AA.
743 2630 888 2661 conss.
1386 2617 1445 2673 [a.
1478 2616 1575 2672 370]

297 2670 326 2719 8
365 2673 531 2730 ²Impp.
571 2672 664 2717 Leo
704 2678 750 2717 et
774 2672 1036 2717 Anthemius
1064 2673 1156 2716 AA.
1197 2672 1460 2716 Nicostrato
1490 2686 1575 2729 pp.

240 2729 377 2772 Nemo
414 2729 481 2772 vel
520 2729 568 2771 in
603 2727 700 2772 foro
738 2728 1049 2783 magnitudinis
1088 2734 1193 2771 tuae
1220 2728 1291 2771 vel
1319 2728 1367 2771 in
1395 2728 1577 2783 provin-

241 2785 342 2827 ciali
367 2784 529 2826 iudicio
559 2784 629 2826 vel
658 2783 778 2838 apud
807 2797 1064 2838 quemquam
1092 2784 1282 2827 iudicem
1309 2783 1492 2826 accedat
1519 2782 1578 2825 ad

240 2843 487 2893 togatorum
524 2839 816 2891 consortium,
862 2839 948 2882 nisi
994 2839 1288 2882 sacrosanctis
1334 2839 1577 2881 catholicae

240 2895 317 2936 reli
347 2893 458 2936 'onis
497 2892 634 2936 fuerit
668 2894 861 2937 imbutus
901 2894 1132 2949 mysteriis.
1201 2894 1270 2937 sin
1310 2898 1456 2936 autem
1495 2893 1576 2935 ali-

243 2907 361 3004 qui&l
357 2949 374 2974 ³
411 2962 587 3003 quoquo
626 2948 753 2992 modo
792 2949 862 2991 vel
891 2949 1080 3004 quadam
1118 2949 1443 2992 machinatione
1481 2948 1575 2991 fac-

241 3007 335 3047 tum
371 3005 440 3047 vel
478 3008 786 3059 attemptatum
814 3004 967 3056 fuerit,
1009 3003 1204 3048 officium
1234 3003 1407 3068 quidem
1438 3004 1575 3047 subli-

241 3060 406 3102 mitatis
455 3063 560 3102 tuae
611 3064 787 3102 centum
831 3059 1045 3103 librarum
1096 3060 1193 3102 auri
1235 3063 1452 3103 iacturam
1494 3073 1574 3114 pro

246 3114 608 3159 condemnatione
638 3115 872 3166 sustineat,
902 3115 1016 3159 idem
1044 3128 1169 3168 vero,
1208 3115 1470 3170 quicumque
1499 3128 1575 3158 au-

241 3184 317 3214 sus
362 3170 496 3213 fuerit
545 3175 700 3213 contra
746 3170 976 3226 providum
1016 3176 1194 3215 nostrae
1223 3171 1470 3214 serenitatis
1501 3171 1574 3214 de-

242 3229 409 3270 cretum
447 3224 641 3269 officium
678 3226 976 3270 advocationis
1012 3239 1094 3282 per
1131 3227 1459 3281 subreptionem
1497 3226 1574 3270 ad-

239 3283 383 3337 ripere
421 3286 465 3324 et
502 3281 770 3335 prohibitum
798 3282 1091 3337 patrocinium
1119 3281 1401 3337 praestiterit,
1441 3281 1574 3326 advo-

242 3337 426 3381 cationis
467 3337 612 3380 officio
649 3341 842 3380 remotus
881 3338 1030 3381 stilum
1068 3337 1404 3393 proscriptionis
1442 3342 1576 3392 atque

240 3392 443 3448 perpetui
478 3392 594 3435 exilii
630 3393 878 3447 specialiter
915 3394 1170 3438 sustinebit:
1225 3393 1402 3437 scituris
1444 3394 1576 3437 etiam

240 3448 563 3503 provinciarum
591 3448 848 3500 rectoribus,
907 3450 996 3493 uod
1024 3450 1075 3503 is,
1120 3449 1203 3494 sub
1236 3449 1361 3492 cuius
1391 3448 1574 3492 admini-

243 3504 456 3546 stratione
485 3503 649 3557 aliquid
676 3503 878 3548 huiusmo
913 3505 923 3515 ‘
959 3505 1092 3548 fuerit
1119 3507 1441 3561 attemptatum,
1471 3517 1573 3560 par-

241 3559 297 3603 tis
327 3559 542 3602 bonorum
572 3559 772 3602 dimidiae
800 3562 1163 3616 proscriptionem
1191 3565 1235 3605 et
1262 3573 1453 3625 poenam
1483 3561 1573 3604 exi-

241 3615 289 3656 lii
317 3627 394 3669 per
423 3614 765 3670 quinquennium
795 3617 1042 3660 sustinebit.
1110 3617 1165 3661 D.
1186 3616 1312 3675 prid.
1349 3616 1394 3661 lc.
1425 3616 1571 3675 April.

244 3668 635 3728 Constantinopoli
662 3669 896 3716 Anthemio
925 3672 977 3716 A.
1009 3684 1056 3716 11
1081 3686 1200 3717 cons.
1386 3677 1442 3726 [a.
1474 3675 1571 3725 468]

843 3898 973 3946 V11.⁴

309 3978 385 4019 DE
414 3978 725 4020 ADVOCATIS
753 3978 1117 4021 DIVERSORUM
1144 3979 1496 4021 IUDICIORUM.

303 4059 326 4105 1
362 4059 474 4119 Imp.
503 4060 759 4104 Antoninus
784 4061 837 4105 A.
867 4060 1064 4105 Doloni„
1116 4060 1162 4104 Si
1199 4066 1434 4117 patronum
1467 4074 1571 4105 cau-

241 4129 316 4160 sae
346 4116 695 4171 praevaricatum
721 4122 854 4173 putas
882 4120 928 4160 et
954 4115 1198 4172 impleveris
1228 4118 1571 4169 accusationem,

240 4185 329 4216 non
371 4171 508 4215 deerit
549 4172 758 4215 adversus
801 4185 900 4216 eum
943 4185 1024 4229 pro
1061 4173 1310 4217 temeritate
1354 4173 1573 4218 commissi

244 4368 295 4419 (1)
326 4368 377 4408 ad
391 4368 593 4420 agendum
612 4369 660 4419 P,
690 4369 838 4420 agendi
858 4369 930 4410 CR
1016 4369 1072 4421 (2)
1100 4389 1154 4404 =
1186 4372 1327 4421 1,4,15
1413 4369 1469 4422 (3)
1488 4368 1572 4410 tale

244 4423 342 4472 quid
371 4425 588 4466 Mommsen
737 4426 791 4475 (4)
820 4426 864 4466 Β
893 4426 933 4475 8,
961 4433 978 4466 1
1136 4426 1191 4477 (5)
1221 4428 1279 4467 sic
1307 4427 1362 4478 R,
1391 4438 1571 4467 neeessa—

244 4477 346 4517 riam
375 4508 384 4518 .
403 4509 413 4519 .
431 4509 440 4518 .
469 4479 723 4520 functionem
743 4478 776 4520 C
858 4479 914 4533 (6)
944 4499 1002 4515 ===
1034 4477 1106 4521 Th.
1140 4482 1329 4533 12‚1,152
1416 4484 1470 4534 (7)
1493 4481 1571 4521 mi—

247 4531 353 4571 nime
382 4546 415 4572 c.
445 4547 486 4574 n.
516 4535 702 4587 illigatus
731 4549 805 4575 om.
825 4535 897 4576 Th.
984 4534 1043 4589 (8)
1071 4552 1127 4567 =
1160 4536 1420 4589 Th.2,1o,s:
1452 4542 1570 4590 iunqe

251 4587 287 4635 1,
303 4596 354 4636 51,
370 4597 388 4628 ἰ
471 4591 528 4641 (9)
557 4594 616 4632 sic
631 4591 677 4640 S,
707 4590 917 4631 eustachio
932 4591 1024 4641 PR,
1041 4591 1218 4632 estachio
1232 4593 1275 4642 C,
1304 4593 1477 4633 eustasio
1497 4593 1568 4633 Th.

249 4640 323 4692 (ιο)
367 4644 616 4693 quaesierint
654 4645 721 4687 vel
761 4646 1026 4699 quaesierunt
1058 4649 1207 4702 scripti
1242 4663 1325 4690 cum
1366 4649 1438 4690 Th.
1475 4651 1570 4702 ΒΣ,

2481 199 2484 203 ’
2555 202 2630 240 DE
2675 202 2983 245 ADVOCA'H·

1655 333 1885 385 sententia,
1921 337 2051 389 atque
2079 337 2142 381 ita
2171 339 2224 382 de
2252 336 2484 394 principali
2513 349 2650 381 causa
2678 338 2819 385 denuo
2851 353 2986 396 quae-

1653 394 1789 431 retur.
1859 389 1976 442 quod
2011 391 2048 434 si
2084 406 2174 437 non
2203 393 2403 438 docueris
2463 393 2795 446 raevaricatum‚
2835 404 2880 440 et
2909 409 2982 440 ca-

1653 443 1819 486 lumnia
1855 445 2076 491 notaberis
2116 452 2161 492 et
2196 450 2328 493 rebus
2367 449 2411 491 iu
2446 448 2594 502 catis,
2631 461 2659 491 a
2697 451 2858 505 quibus
2896 465 2985 496 non

1655 503 1722 542 est
1749 504 2048 554 provocatum,
2077 505 2280 548 stabitur.
2339 502 2433 547 PP.
2466 514 2534 547 111
2558 501 2602 546 lc.
2633 501 2724 548 Oet.
2755 506 2984 550 Antonino

1655 555 1705 598 A.
1738 565 1830 597 1111
1855 560 1900 598 et
1929 554 2122 603 Balbino
2153 573 2295 603 conss.
2799 564 2856 613 [a.
2888 565 2985 613 213]

1712 606 1743 654 2
1774 607 1952 674 Imppp.
1981 610 2143 658 Valens
2165 613 2411 658 Gratianus
2434 619 2479 658 et
2503 613 2844 659 Valentinianus
2853 616 2986 660 AAA.

1656 664 1717 708 ad
1743 666 1987 731 Antonium
1999 681 2090 733 pp.
2157 670 2241 724 Qui
2276 669 2527 714 necessario
2564 669 2733 724 patriae
2771 683 2878 715 suae
2913 670 2989 715 de·-

1655 722 1760 764 bent
1801 733 2039 778 municlplo
2090 724 2337 770 functiones
2351 728 2380 779 ⁵,
2433 739 2507 769 eos
2559 725 2867 770 decurionibus
2911 726 2990 770 ad-

1655 780 1857 841 gregatos
1889 777 2090 823 nolumus
2119 782 2305 836 evagari,
2334 782 2636 836 permittentes
2666 785 2834 834 tamen,
2867 786 2919 824 ut
2945 782 2992 826 in

1656 836 1840 896 negotns
1871 834 2193 897 causidicorum
2222 836 2462 892 fungantur
2500 836 2655 880 officiis
2696 842 2740 880 et
2766 837 2813 879 in
2843 837 2991 880 civita·

1655 889 1774 931 tibus
1812 889 2004 943 proprus
2044 892 2232 936 subeant
2265 894 2415 936 munia
2455 892 2698 946 curiarum,
2738 891 2802 935 ita
2829 896 2990 945 tamen,

1656 948 1705 986 ut
1733 955 1822 986 non
1866 949 2021 988 contra
2061 959 2155 990 rem
2192 948 2414 1003 publicam
2454 947 2665 998 civitatis,
2701 947 2748 990 in
2787 959 2874 1002 qua
2910 947 2991 992 ho-

1656 1012 1805 1042 norem
1834 999 1952 1043 hunc
1996 1003 2225 1047 consecuti
2253 1007 2379 1055 sunt,
2417 1003 2479 1048 eis
2509 1004 2663 1047 adesse
2733 1003 2990 1047 ermittatur.

1656 1055 1709 1099 D.
1727 1066 1799 1097 xv
1816 1053 1858 1098 lc.
1877 1054 1998 1113 Sept.
2028 1056 2269 1103 Ravennae
2310 1058 2494 1103 Valente
2530 1071 2580 1102 VJ
2606 1065 2650 1103 et
2675 1017 2990 1103 Vlalentiniano

1659 1123 1702 1153 Il
1727 1110 1819 1153 AA.
1852 1124 1996 1154 conss.
2807 1116 2863 1168 [a.
2895 1117 2992 1167 378]

1713 1163 1743 1212 3
1785 1164 1952 1224 ⁶Impp.
1981 1168 2204 1212 Arcadius
2241 1175 2286 1213 et
2323 1169 2558 1213 Honorius
2586 1170 2676 1213 AA.
2720 1168 2782 1214 ad
2812 1169 2992 1227 Africa-

1657 1235 1761 1265 num
1795 1235 1878 1286 pu.
1949 1222 2018 1265 Ne
2059 1224 2155 1279 quis
2201 1236 2256 1267 ex
2299 1238 2483 1280 corpore
2513 1230 2777 1281 togatorum,
2817 1225 2995 1269 minime

1659 1277 1896 1321 curialibus
1939 1278 2126 1323 nexibus
2167 1279 2359 1334 illigatus
2372 1281 2402 1333 ⁷,
2447 1281 2735 1344 provinciales
2779 1280 2996 1336 suscipiat

1656 1334 1927 1387 functiones,
1969 1334 2139 1378 scilicet
2174 1340 2226 1377 ut
2263 1340 2308 1378 et
2343 1336 2634 1379 ambientibus
2667 1336 2900 1380 claudatur
2926 1337 2994 1380 in-

1656 1402 1832 1445 gressus
1870 1392 1915 1433 et
1950 1389 2096 1433 invitis
2135 1391 2377 1434 necessitas
2410 1391 2648 1434 auferatur.
2705 1391 2762 1436 D.
2794 1403 2864 1436 111
2888 1405 2993 1436 non.

1656 1446 1727 1488 Au
1762 1479 1771 1489 .
1814 1445 2204 1504 Constantinopoli
2241 1446 2439 1490 Arcadio
2477 1458 2569 1489 IIII
2602 1451 2649 1491 et
2682 1446 2892 1493 Honorio
2931 1458 2999 1491 111

1657 1459 1759 1544 AX
1780 1514 1924 1545 conss.
2807 1506 2867 1556 [a.
2897 1505 2996 1554 396]

1715 1555 1746 1601 4
1802 1555 1966 1615 ⁸Impp.
2009 1556 2244 1601 Honorius
2286 1561 2332 1601 et
2374 1554 2649 1602 Theodosius
2690 1558 2783 1602 AA.
2833 1556 2997 1603 Eusta-

1663 1612 1787 1656 ῐΙιὶο9
1807 1626 1891 1711 Ῑᾶμ
1950 1613 2055 1657 Fori
2083 1613 2151 1657 tui
2181 1613 2381 1657 culminis
2411 1618 2456 1657 et
2483 1614 2785 1658 universorum
2811 1613 2996 1658 iudicio·

1657 1683 1755 1711 rum
1791 1681 1818 1711 a
1848 1670 1992 1712 vocati
2030 1669 2242 1725 quidquid
2290 1682 2345 1713 ex
2382 1669 2686 1713 huiuscemodi
2722 1668 2998 1726 professione

1658 1724 1726 1767 vel
1753 1724 1891 1779 ipsius
1922 1726 2154 1769 occasione
2183 1726 2451 1781 quaesierint
2477 1726 2543 1768 vel
2579 1726 2861 1781 quaesierunt
2875 1727 2924 1779 ¹⁰,
2951 1723 2999 1769 id

1659 1785 1761 1836 post
1814 1781 1954 1836 patris
2014 1781 2182 1825 obitum
2232 1781 2520 1837 praecipuum
2581 1782 2718 1825 veluti
2775 1781 2998 1838 peculium

1660 1839 1886 1880 castrense
1938 1836 1994 1880 ad
2047 1837 2292 1892 exemplum
2344 1837 2530 1880 militum
2581 1837 2762 1893 proprio
2805 1837 2997 1882 dominio

1658 1893 1833 1935 valeant
1874 1892 2112 1936 vindicare.
2182 1892 2236 1936 D.
2269 1905 2313 1936 x.
2354 1892 2396 1936 lc.
2427 1893 2571 1951 April.
2606 1891 3000 1952 Constantinopoli

1660 1947 1870 1991 Honorio
1900 1960 2005 1991 XJJJ
2029 1953 2075 1992 et
2103 1947 2353 1992 Theodosio
2383 1961 2421 1992 Χ
2445 1949 2538 1992 AA.
2569 1962 2710 1992 conss.
2809 1951 2866 2001 [a.
2897 1950 2996 2000 422]

1716 2001 1745 2048 5
1778 2002 1923 2068 Impp.
1944 2003 2221 2048 Theodosius
2249 2009 2294 2048 et
2311 2003 2652 2048 Valentinianus
2667 2004 2759 2048 AA.
2782 2002 2900 2061 Cyro
2907 2017 2992 2061 pu.

1660 2058 1879 2114 Quidquld
1917 2059 2050 2102 animi
2091 2060 2294 2115 largitate
2338 2065 2383 2102 et
2431 2059 2732 2104 munificentia
2774 2059 2998 2116 praestiti-

1658 2127 1756 2157 mus
1795 2115 2030 2170 principali
2067 2116 2228 2170 togatis
2267 2128 2346 2171 per
2377 2115 2599 2159 Orientem
2629 2115 3000 2160 eminentissimae

1659 2170 1966 2225 praefecturae
2005 2171 2249 2214 reverentia
2287 2171 2553 2224 studiorum,
2591 2172 2636 2215 id
2665 2171 2747 2215 sibi
2775 2170 2998 2228 praesenti

1660 2226 1890 2269 sanctione
1917 2227 2179 2281 praestitum
2208 2239 2305 2270 esse
2335 2233 2605 2281 cognoscant
2633 2227 2810 2284 patroni
2839 2238 2998 2271 causa·

1659 2295 1756 2324 rum
1784 2282 1966 2325 illustris
1997 2282 2246 2325 urbicariae
2274 2284 2593 2338 praefecturae.
2653 2282 2708 2327 D.
2734 2294 2808 2326 ΠΙ
2831 2281 2874 2326 lc.
2895 2281 2997 2326 Ian.

1662 2336 2054 2395 Constantinopoli
2096 2337 2344 2382 Theodosio
2386 2350 2467 2381 ΧΠ
2507 2344 2553 2382 et
2599 2337 2914 2382 Valentiniano
2955 2348 3000 2381 11

1659 2393 1751 2436 AA.
1784 2405 1928 2436 conss.
2810 2397 2867 2446 [a.
2898 2395 2996 2445 426]

1716 2445 1747 2492 6
1784 2447 1944 2492 ¹¹Idem
1971 2448 2064 2492 AA.
2103 2447 2165 2492 ad
2192 2449 2474 2493 Florentium
2504 2463 2588 2507 pp.
2663 2448 2905 2503 Sancimus,
2949 2453 3000 2493 ut

1660 2503 1884 2547 advocatis
1897 2537 1908 2556 ,
1970 2504 2043 2559 qui
2088 2504 2207 2560 apud
2249 2508 2373 2548 tuam
2420 2504 2787 2560 magnificentiam
2839 2517 2999 2549 causas

1660 2560 1804 2602 acturi
1843 2563 1960 2613 sunt,
2001 2573 2029 2603 a
2067 2560 2185 2604 nullo
2215 2560 2382 2614 iudice,
2422 2573 2505 2604 nec
2535 2561 2590 2605 ab
2619 2561 2718 2616 ipsa
2747 2559 2998 2605 eminentis-

1660 2616 1770 2659 sima
1798 2615 2095 2670 praefectura,
2126 2616 2376 2660 sollicitudo
2405 2617 2496 2660 ulla
2523 2617 2699 2672 penitus
2723 2615 2997 2672 iniungatur:

1660 2671 1738 2714 sed
1777 2683 1859 2715 nec
1889 2671 2115 2715 advocatis
2143 2671 2468 2728 provinciarum
2497 2673 2565 2715 vel
2597 2672 2903 2728 spectabilium
2930 2671 2999 2716 iu-

1660 2726 1806 2770 dicum
1862 2727 2059 2782 quisquis
2074 2729 2109 2753 ¹2
2164 2727 2383 2771 existimet
2443 2728 2499 2771 ali
2531 2727 2608 2771 uid
2673 2727 2998 2783 iniungendum.

1659 2782 1782 2824 nulla
1818 2781 2142 2837 igiturtogatis
2171 2783 2400 2838 inspectio,
2440 2796 2501 2827 nu
2534 2795 2562 2826 a
2589 2783 2816 2838 ingeratur
2843 2795 2999 2840 perae-

1660 2838 1832 2892 quatio,
1874 2838 1995 2880 nulla
2024 2838 2168 2894 operis
2197 2838 2450 2892 instructio,
2490 2838 2613 2881 nulla
2641 2838 2870 2893 discussio,
2901 2839 2998 2883 nul-

1658 2893 1749 2934 lum
1792 2893 2072 2936 ratiocinium
2115 2894 2387 2948 imponatur,
2433 2894 2603 2937 nullum
2647 2894 2835 2950 denique
2877 2894 2999 2938 aliud

1660 2948 1723 2991 eis
1751 2948 1983 2991 mandetur
2011 2952 2188 3004 praeter
2217 2949 2445 2993 arbitrium
2468 2949 2515 2992 in
2537 2949 2691 2993 eodem
2706 2951 2740 2976 ¹³
2768 2949 3000 2994 dumtaxat

1657 3003 1806 3047 1000ιι
1834 3004 1911 3048 ubi
1939 3004 2238 3048 advocationis
2268 3010 2500 3048 exercetur
2528 3005 2744 3049 officium:
2782 3007 2887 3061 quin
2919 3018 2998 3050 ua-„

1659 3058 1781 3113 ginta
1818 3059 2032 3103 librarum
2071 3060 2170 3103 auri
2196 3073 2341 3116 poena
2370 3060 2518 3104 officio
2546 3061 2758 3116 feriendo,
2788 3075 2876 3116 quo
2935 3059 2998 3106 le'-

1658 3115 1725 3168 gis
1761 3114 1889 3159 istius
1930 3116 2108 3171 regulas
2143 3120 2359 3160 temerare
2385 3117 2677 3172 temptaverit.
2735 3116 2791 3161 D.
2825 3129 2929 3161 ΧΠ]
2955 3117 2997 3161 lc.

1659 3169 1769 3214 Mai.
1817 3170 2210 3230 Constantinopoli
2250 3171 2501 3216 ,Theodosio
2546 3174 2598 3216 A.
2630 3184 2746 3216 XVII
2783 3177 2828 3217 et
2863 3171 2998 3217 Festo

1660 3239 1804 3269 conss.
2872 3261 2883 3273 .
2897 3231 2924 3271 4

1718 3279 1905 3344 fldem
1932 3282 2025 3332 AA.
2059 3281 2293 3326 Thalassio
2315 3297 2397 3349 pp.
2419 3296 2512 3349 per
2540 3281 2788 3341 Illyricum.
2824 3227 2999 3328 [alsdzffi

1659 3337 1893 3392 priv1legiis
1922 3337 2147 3392 isdemque
2175 3338 2524 3383 immunitatibus
2553 3339 2687 3395 potiri
2710 3342 2859 3395 togam
2876 3338 2998 3383 illus-

1658 3393 1876 3437 trissimae
1915 3407 1994 3448 per
2023 3394 2246 3450 Illyricum
2281 3394 2600 3450 praefecturae,
2640 3395 2798 3450 quibus
2835 3395 2999 3439 fruitur

1658 3453 1762 3504 toga
1789 3462 1869 3504 per
1881 3448 2102 3493 Orientem
2154 3451 2431 3495 raetorianae
2461 3451 2577 3495 sedis
2607 3451 2816 3502 excelsae,
2847 3450 2997 3496 decer-

1658 3505 1816 3550 nimus.
1875 3505 1930 3549 D.
1970 3517 2043 3548 VII
2076 3506 2094 3548 i
2126 3541 2136 3550 .
2168 3505 2292 3564 Sept.
2328 3505 2719 3564 Constantinopoli
2749 3506 2997 3550 Theodosio

1658 3562 1709 3604 A.
1741 3572 1857 3604 XVII
1883 3565 1929 3605 et
1956 3561 2090 3605 Festo
2121 3575 2262 3606 conss.
2823 3565 2878 3614 [a.
2898 3565 2995 3614 439]

1716 3613 1746 3662 8
1791 3615 1916 3661 Idem
1957 3617 2048 3660 AA.
2084 3615 2200 3675 Cyro
2235 3631 2319 3675 pp.
2364 3617 2539 3661 consuli
2581 3615 2828 3681 desiqnato.
2888 3615 2995 3660 Cum

1658 3672 1886 3716 advocatio
1924 3673 2206 3726 praetoriana
2245 3677 2420 3716 centum
2458 3672 2775 3728 quinquagmta
2810 3684 2994 3717 numero

1656 3727 1821 3783 togatis
1850 3727 2025 3771 minime
2054 3729 2120 3772 vel
2148 3728 2441 3772 imminuendo
2472 3729 2540 3772 vel
2573 3728 2772 3783 augendo
2815 3728 2996 3772 conclu-

1658 3783 1802 3836 datur,
1831 3783 2033 3827 iubemus
2063 3797 2162 3836 eos,
2203 3784 2279 3840 qui
2316 3797 2370 3828 ex
2405 3784 2474 3828 his
2503 3783 2560 3828 ad
2587 3783 2685 3828 fisci
2707 3788 2994 3850 patronatum

1658 3838 1949 3896 pervenerint,
1990 3851 2018 3882 a
2048 3841 2242 3884 cohortis
2271 3840 2340 3883 vel
2368 3840 2548 3884 alterius
2578 3839 2742 3883 vilioris
2773 3839 2994 3883 condic-io-

1657 3895 1726 3938 nis
1765 3894 1951 3938 nexibus
1992 3908 2091 3938 cum
2129 3896 2278 3939 liberis
2309 3896 2672 3951 quandocumque
2699 3895 2856 3950 genitis
2886 3894 2992 3938 libe-

1657 3963 1731 3994 ros
1763 3950 1973 3994 custodiri
1999 3956 2187 4007 postque
2210 3951 2299 3995 tale
2322 3951 2517 3995 officium
2540 3951 2788 4007 depositum
2810 3962 2992 3992 annum·

1658 4018 1743 4061 que
1784 4005 2047 4061 completum
2085 4007 2399 4051 advocatorum
2439 4007 2661 4051 consortio
2678 4007 2713 4032 ¹⁵
2757 4005 2994 4049 abscedere

1658 4074 1758 4104 cum
1796 4062 2001 4105 comitiva
2040 4063 2382 4107 consistoriana:
2422 4074 2648 4118 omneque,
2687 4060 2804 4116 quod
2832 4060 2992 4115 togatis

1655 4115 1742 4159 fori
1772 4117 2041 4162 celsitudinis
2081 4122 2185 4162 tuae
2215 4118 2411 4173 quolibet
2443 4130 2550 4162 casu
2609 4115 2775 4160 uolibet
2803 4115 2992 4171 adquiri-

1656 4176 1730 4215 tur
1771 4172 1924 4225 titulo‚
1963 4177 2015 4216 ut
2044 4178 2269 4218 castrense
2298 4173 2473 4217 sibimet
2496 4172 2568 4215 vin
2599 4183 2718 4215 icare
2745 4183 2828 4215 nec
2855 4171 2990 4228 patri-

1655 4370 1918 4420 quaesierunt
1946 4370 2021 4421 1³⁰,
2058 4369 2307 4422 quaesierint
2335 4367 2484 4420 PCR,
2521 4368 2761 4420 quesierunt
2786 4366 2852 4410 vel
2890 4378 2990 4420 que-

1653 4425 1799 4465 sierint
1828 4426 1878 4466 M
1994 4426 2064 4478 (11)
2095 4447 2149 4463 ===
2177 4427 2279 4469 Nov.
2316 4425 2460 4467 Theod.
2497 4426 2560 4476 10,
2591 4434 2620 4476 1,
2649 4433 2671 4466 4
2792 4424 2866 4478 (12)
2897 4422 2990 4475 quis

1654 4480 1758 4522 Nov·
1899 4483 1972 4534 (13)
2002 4495 2049 4523 eo
2078 4498 2155 4524 scr.
2187 4497 2272 4524 cum
2308 4481 2475 4523 Graecis
2620 4482 2690 4533 (14)
2721 4480 2767 4520 in
2795 4492 2842 4520 ea
2870 4477 2988 4519 dum-

1652 4537 1767 4577 taxat
1793 4537 2008 4590 provincia
2036 4537 2141 4581 Nov.
2284 4535 2358 4591 (15)
2387 4537 2592 4576 senatores
2620 4536 2748 4575 factos
2775 4536 2994 4576 secundum

1658 4591 1836 4635 Graecos
1865 4595 1940 4635 ins.
