3094 4732
98 3292 100 3294 -
182 3268 298 3311 tiens
334 3278 362 3310 a

195 122 268 160 DE
305 119 436 159 FIDE
474 121 542 158 ET
578 121 707 158 Imm

1319 183 1417 191 w-—m

1510 101 1619 164 397

2721 114 2770 165 X
2808 115 2941 166 3—-8

187 255 270 302 tati
307 268 434 313 opem
472 257 658 301 laturus.
729 254 821 301 ΡΡ.
860 266 889 298 ν
923 251 964 299 k.
997 286 1007 298 .
1040 286 1050 298 .
1084 287 1092 298 .
1127 253 1357 300 Gordiano
1398 260 1448 302 A.
1483 262 1528 302 et
1608 257 1699 302 lum
1738 271 1842 314 ergo
1879 260 2121 315 emptorem
2161 260 2217 303 ab
2257 259 2406 303 eadem
2445 261 2655 313 statione,
2697 263 2772 306 sed
2804 276 2858 307 ne
2889 265 2945 309 ab

185 312 348 359 Aviola
377 325 520 358 conss.
1337 318 1394 367 [a.
1426 316 1523 368 239]

1607 315 1697 358 alia
1734 315 1908 370 quidem
1940 316 2251 381 ’quaestionem
2294 318 2388 371 pati
2431 318 2588 362 debere
2632 332 2817 374 aequum
2864 326 2943 371 est,

243 365 275 415 3
315 366 442 413 Idem
481 371 533 413 A.
579 367 752 426 Crispo.
824 364 927 410 Etsi
955 363 1247 411 instrumenta
1290 370 1523 426 emptionis
1610 383 1710 414 cum
1749 375 1794 414 et
1830 371 1878 415 in
1905 371 1975 415 his
2003 371 2329 415 venditionibus
2360 378 2556 437 emptore
2585 388 2674 418 non
2702 376 2748 418 in
2778 376 2943 419 uietato

185 437 277 469 non
305 426 470 478 extent,
500 425 846 490 quibuscumque
873 425 1024 464 tamen
1047 423 1386 490 probationibus
1410 438 1525 470 uxor
1608 426 1759 470 officia
1786 427 1903 470 inter
1931 439 1979 471 se
2005 427 2180 483 possint
2210 428 2412 484 experiri.
2470 428 2524 473 D.
2543 442 2615 473 XV
2638 429 2681 474 lc.

185 485 266 524 tua
305 480 548 524 ostenderit
577 479 634 523 ad
673 490 721 523 se
757 489 852 522 eam
890 476 1066 520 domum
1110 485 1347 534 pertmere,
1391 494 1523 537 quam
1607 481 1733 525 desto
1763 488 1808 526 et
1834 481 1986 527 Probo
2017 496 2161 527 conss.

185 549 214 580 a
249 535 360 580 fisco
400 535 494 580 eius
531 534 708 579 nomine
743 532 854 577 dicis
892 540 1208 590 comparatam,
1248 538 1524 592 pretiumque

185 593 244 638 ab
279 604 333 636 ea
372 592 620 636 exsolutum
659 592 706 634 et
738 589 785 632 in
825 601 922 632 eam
961 589 1198 634 dominium
1241 594 1521 645 translatum,

182 647 354 692 frustra
388 647 545 695 fiscum
582 658 638 690 ex
666 657 856 701 persona
883 646 1037 690 matris
1068 647 1161 691 eius
1192 648 1358 693 referre
1387 660 1521 705 quae-

184 703 372 748 stionem
399 707 665 760 procurator
690 713 814 744 meus
844 713 935 744 non
963 702 1090 746 sinet.
1150 703 1242 748 ΡΡ.
1283 717 1311 748 V
1334 704 1378 749 lc.
1405 704 1519 748 Νου.

186 757 420 803 Gordiano
449 758 502 802 A.
533 763 579 802 et
603 756 766 802 Aviola
795 769 939 800 conss.
1333 764 1388 813 [a.
1421 762 1520 811 239]

239 813 272 860 4
305 813 449 873 Impp.
489 811 800 857 Diocletianus
837 818 883 856 et
915 811 1228 859 Maximianus
1262 817 1355 860 AA.
1394 812 1522 860 Mar-

134 912 138 917 .
183 869 382 914 cellinae.
440 868 488 914 Si
514 873 736 924 tempora,
780 880 894 923 quae
929 869 975 913 in
1003 869 1230 916 fiscalibus
1257 871 1398 915 hastis
1428 875 1519 914 sta-

181 929 281 969 tuta
310 927 429 978 sunt,
457 924 702 980 patiuntur,
734 937 835 967 cum
865 925 995 969 etiam
1024 931 1306 980 augmentum
1343 931 1388 971 te
1425 926 1520 970 fac·

180 986 324 1025 turam
359 992 458 1026 esse
493 979 768 1036 profitearis,
809 979 882 1023 adi
919 982 1179 1026 rationalem
1208 987 1432 1036 nostrum,
1470 986 1522 1026 ut

180 1036 308 1080 iuxta
329 1035 400 1080 ius
414 1038 428 1063 ¹
457 1035 591 1092 pretii
619 1035 837 1080 uberioris
862 1037 1129 1082 oblationem
1153 1038 1371 1082 admittat.
1423 1036 1517 1081 ΡΡ.

181 1104 251 1136 111
270 1091 329 1136 id.
347 1090 448 1136 Ian.
467 1089 604 1135 Sinni
630 1091 648 1134 i
679 1091 744 1135 sis
770 1103 861 1135 ιη]
888 1098 932 1137 et
955 1094 1129 1138 JJJAA.
1156 1107 1297 1138 conss.
1346 1098 1402 1146 [a.
1421 1097 1518 1145 290]

235 1146 267 1193 5
314 1145 403 1190 ²Im
433 1161 466 1206 p
503 1181 513 1191 .
566 1146 635 1191 Va
654 1147 911 1191 entinianus
964 1149 1129 1193 Valens
1179 1155 1223 1194 et
1276 1148 1522 1194 Gratianus

178 1203 312 1248 AAA.
353 1160 442 1268 acl,-
459 1161 711 1268 Vivent-ium
757 1217 835 1269 pp.
879 1202 1140 1249 Galliarum.
1210 1205 1522 1261 Quaecumque

210 1271 261 1303 ro
290 1258 469 1314 rehqms
530 1258 780 1314 rodlgorum
809 1273 856 1302 m
884 1261 1130 1305 annonario
1158 1261 1288 1305 titulo
1310 1261 1521 1305 ceterisve

178 1271 408 1380 {malibus
433 1272 606 1380 ‘degitis
649 1315 695 1358 in
740 1315 1090 1372 quibuscumque
1131 1317 1392 1372 corporibus
1437 1317 1519 1361 sub

178 1375 386 1414 auctione
413 1370 627 1415 holtanda
665 1375 788 1424 sunt,
827 1371 936 1415 fisco
972 1376 1154 1415 auctore
1183 1372 1441 1426 vendantur,
1471 1376 1522 1415 ut

211 1429 393 1482 erpetuo
435 1439 571 1482 penes
614 1439 691 1470 eos
735 1427 824 1471 sint
864 1427 960 1471 iure
1002 1427 1201 1479 dominii,
1245 1428 1405 1484 quibus
1448 1440 1520 1471 res

209 1482 428 1526 uiusmodi
466 1483 549 1527 sub
589 1482 744 1526 hastae
782 1482 1006 1528 sollemnis
1045 1484 1228 1527 arbitrio
1264 1484 1403 1528 fiscus
1442 1484 1520 1527 ad-

183 1542 203 1582 1
262 1538 435 1582 dixerit.
503 1538 567 1582 Et
605 1539 643 1582 si
682 1538 787 1605 quid
827 1551 1054 1594 umquam,
1099 1542 1151 1582 ut
1187 1552 1215 1583 a
1252 1539 1362 1583 fisco
1400 1539 1522 1583 facta

177 1594 373 1638 venditio
412 1594 557 1650 possit
594 1594 797 1649 infringi,
837 1595 1103 1638 auctoritate
1141 1595 1346 1650 rescripti
1386 1595 1523 1638 fuerit

181 1650 483 1706 impetratum,
521 1650 670 1694 nullus
708 1652 999 1705 obtemperet,
1041 1663 1140 1693 cum
1180 1651 1312 1693 etiam
1342 1651 1519 1694 minori-

178 1706 282 1758 bus,
322 1706 363 1750 si
397 1705 573 1762 quando
613 1705 779 1761 aliquid
816 1718 871 1748 ex
899 1706 1035 1748 rebus
1065 1718 1216 1749 eorum
1245 1719 1327 1760 pro
1355 1706 1520 1750 fiscali-

177 1761 262 1805 bus
303 1761 462 1805 debitis
498 1761 782 1806 adiudicatur
820 1760 1110 1816 emptoribus,
1148 1762 1423 1816 repetitionis
1453 1762 1519 1804 fa-

177 1818 320 1861 cultas
344 1817 391 1860 in
415 1828 587 1860 omnem
603 1815 912 1871 intercipiatur
931 1819 1135 1860 aetatem.
1174 1817 1229 1861 D.
1248 1828 1316 1861 111
1327 1817 1386 1861 id.
1405 1816 1518 1861 Nov.

178 1871 375 1917 Pteviris
413 1871 729 1916 Valentiniano
758 1885 789 1914 n
825 1906 834 1915 .
865 1877 910 1916 et
945 1871 1126 1916 Victore
1153 1885 1298 1917 conss.
1346 1877 1402 1925 [a.
1421 1875 1519 1924 369]

174 1962 178 1968 ,
233 1925 266 1975 6
297 1925 442 1972 ³Idem
466 1928 598 1973 AAA.
631 1926 693 1971 ad
712 1926 776 1971 Fe
794 1927 904 1971 icem
934 1928 1136 1972 comitem
1165 1941 1401 1973 sacrarum
1429 1927 1520 1971 lar-

206 1983 408 2028 itionum.
468 1982 515 2026 Si
553 1983 630 2038 qui
666 1983 971 2038 proscribente
1008 1996 1062 2028 ac
1101 1984 1376 2029 distrahente
1410 1984 1519 2028 fisco

174 1997 427 2084 {obitorum
465 2038 683 2083 fiscalium
717 2038 904 2083 emerint
940 2039 1200 2094 facultates,
1242 2053 1325 2096 pro
1369 2053 1520 2084 earum

176 2108 323 2139 rerum
351 2098 526 2139 tantum
553 2095 698 2150 pretio
727 2095 908 2140 obnoxii
937 2095 1047 2150 sint,
1079 2110 1190 2151 quas
1220 2109 1296 2141 eos
1325 2097 1521 2153 patuerit

177 2150 375 2195 decursis
411 2151 553 2195 hastis
592 2154 638 2194 et
675 2150 1001 2207 proscriptione
1038 2152 1192 2197 habita
1223 2165 1518 2208 comparasse.

177 2219 280 2250 nam
317 2207 382 2251 ita
419 2218 496 2251 eos
533 2205 777 2259 munimus,
820 2210 872 2251 ut
906 2207 1072 2252 nullius
1110 2209 1390 2253 conventioni
1417 2209 1519 2253 reli-

177 2275 365 2319 quorum
391 2261 611 2306 fiscalium
635 2261 839 2306 nomine⁴

176 2319 336 2363 iacere.
394 2317 450 2363 1).
482 2329 554 2362 VJ!
579 2314 639 2361 id.
671 2315 807 2362 Mart.

177 2379 220 2421 et
258 2373 445 2419 Valente
471 2374 588 2418 ΛΑ.ὅ
614 2386 758 2418 conss.

234 2428 264 2478 7
298 2426 605 2489 Αὐτοκράτωρ
629 2425 794 2483 Ζὴνων
820 2430 917 2484 τῷθ
941 2432 1203 2487 Δομινίκῳ.7

294 2485 420 2531 ιιἘὰν
463 2484 764 2543 δημευθέντος
807 2484 928 2529 τινὸς
968 2482 1155 2541 ἡούσία
1198 2484 1520 2546 πιπράσκηται,

291 2543 435 2596 ἔξεστι
471 2546 546 2586 καὶ
584 2543 654 2599 ’τῷ
682 2539 831 2598 κόμιτι
861 2543 956 2585 τῶν
986 2539 1254 2598 ἰδιοκτὴτων
1280 2545 1360 2586 τοῦ
1391 2548 1521 2599 βασι-

290 2598 400 2644 λέως
426 2603 501 2642 καὶ
527 2601 584 2658 τῇ
621 2595 755 2658 σχολῇ
792 2599 890 2641 τῶν
927 2596 1195 2642 nazaram
1232 2602 1307 2642 καὶ
1344 2601 1413 2654 τῷ
1441 2600 1522 2642 τοῦ

290 2653 504 2712 δημοσίου
539 2653 769 2713 συνηγόρῳ
806 2649 1040 2713 ἀγοράζειν
1068 2654 1169 2698 τινὰ
1201 2651 1444 2714 πράγματα
1474 2657 1522 2698 ἐκ

289 2707 450 2810 frijans
477 2711 554 2794 τῇς
580 2707 746 2763 οὐσίας,
772 2707 961 2766 μηδενὸς
990 2708 1310 2766 διαβάλλοντος
1342 2710 1394 2754 τὸ
1420 2725 1522 2753 συν-

181 2822 273 2869 ΡΡ.
291 2782 588 2881 αιιιαῖζιῗᾶαῃ.
610 2826 724 2881 post
754 2821 1048 2866 consulatum.

899 2263 1088 2308 atiamur
1112 2265 1389 2308 extrinsecus
1415 2266 1518 2308 sub-

891 2318 1176 2377 arcianopoli
1202 2320 1241 2364 V
1241 2321 1518 2429 αίωῖξιίπιέιζέο]

785 2994 899 3042 IIIl.

180 3075 258 3116 DE
285 3074 644 3115 VENDITIONE
684 3073 883 3114 RERUM
911 3073 1222 3114 FISCALIUM
1262 3073 1382 3114 CUM
1409 3074 1522 3113 PRI-

569 3128 733 3169 VATIS
764 3127 1126 3169 COMMUNIUM.

241 3210 263 3257 1
301 3208 371 3254 Im
406 3245 414 3253 .
446 3209 708 3254 Aleaeander
736 3210 788 3253 A.
831 3208 1042 3253 Victorio.
1104 3210 1268 3254 Forma
1296 3210 1376 3261 est,
1411 3221 1520 3264 quo-

429 3264 587 3309 fiscum
615 3265 685 3309 vel
721 3265 901 3308 minima
928 3265 1073 3320 portio
1102 3265 1168 3309 rei
1196 3264 1432 3319 pertineat,
1472 3266 1524 3308 ut

182 3323 390 3366 universa
433 3333 461 3364 a
501 3321 864 3387 procuratoribus
906 3322 1014 3365 meis
1063 3321 1389 3386 dis-trahantur,
1443 3321 1522 3363 sed

182 3377 372 3434 pretium
401 3381 543 3432 partis
573 3381 746 3420 tantum
773 3390 819 3420 m
847 3375 1006 3420 fiscum
1034 3377 1274 3432 redlgatur,
1303 3375 1521 3431 rehquum

186 3438 202 3476 1
273 3432 460 3477 dominis
504 3433 697 3496 partium
739 3433 1014 3498 restituatur.
1087 3433 1344 3498 Emptorem
1388 3431 1522 3486 igitur

182 3489 592 3590 &affligatis
611 3488 1204 3589 ttffssuzhtzllsisssttt’
1227 3487 1522 3588 sipuiaesuiiffi

185 3603 450 3658 competunt.
532 3599 625 3644 ΡΡ.
682 3611 752 3644 νη
803 3598 846 3644 lc.
895 3599 988 3644 Oct.
1043 3576 1191 3644 Fusco
1244 3557 1322 3644 etq
1340 3599 1520 3644 Dextro

183 3669 326 3701 conss.
1333 3659 1389 3708 [a.
1422 3658 1519 3708 225]

802 3769 901 3818 V.¹⁰

224 3852 304 3893 NE
332 3850 528 3893 FISOUS
556 3851 678 3893 REM
709 3851 868 3898 QUAM
896 3851 1176 3893 VENDIDIT
1205 3850 1471 3893 EVINCAT.

241 3933 264 3980 1
302 3931 422 3977 Pars
449 3932 668 3990 epistulae
695 3932 754 3975 im
792 3967 799 3975 .
823 3933 1077 3977 Alexandri
1101 3933 1153 3977 A.
1178 3932 1239 3976 ad
1258 3932 1517 3976 rationales.

184 3989 502 4034 Gravissimum
539 4000 729 4032 verecun
759 3988 804 4031 ia
840 4000 940 4032 mea
982 3989 1130 4042 duxit,
1174 3992 1244 4042 ut,
1285 3989 1412 4032 cuius
1455 3989 1522 4032 rei

181 4046 392 4102 pretium,
432 4057 531 4088 cum
576 4044 695 4088 bona
732 4043 819 4088 fide
847 4046 966 4087 esset
994 4044 1184 4096 addicta,
1223 4044 1356 4088 semel
1385 4043 1519 4088 fiscus

189 4107 206 4145 l
267 4101 510 4157 acceperit,
551 4099 644 4144 eius
684 4099 1028 4143 controversiam
1066 4099 1246 4144 referat.
1315 4099 1418 4144 Non
1447 4112 1519 4144 so-

185 4243 235 4292 (1)
263 4241 382 4283 iuxta
412 4241 476 4281 ius
511 4237 579 4289 0⁶,
619 4238 768 4278 iustam
799 4237 940 4289 Kios,
981 4242 1055 4280 inc.
1086 4240 1154 4281 K‘

190 4299 251 4349 10,
269 4305 354 4347 Π,ι
381 4297 472 4337 Vae.
491 4297 539 4336 37
629 4296 684 4344 (3)
706 4310 759 4325 =
782 4294 852 4333 le.
875 4297 938 4343 10,
958 4303 1008 4344 17,
1026 4303 1046 4335 2
1129 4296 1184 4344 (4)
1210 4295 1465 4346 reliquorum
1490 4295 1519 4336 f.

185 4351 350 4392 nomino
380 4367 453 4394 om.
474 4351 547 4393 Th.
634 4350 690 4402 (5)
722 4350 807 4390 ΔΑ.
838 4361 891 4389 ¹11
920 4351 1044 4390 scribi
1066 4351 1201 4391 debuit
1284 4350 1340 4402 (6)
1360 4345 1522 4402 Ζήνων

186 4409 234 4446 Α.
263 4422 340 4447 ner.
468 4408 522 4458 (Ἰ)
553 4408 611 4447 sic
646 4406 820 4455 Gentius,
852 4399 1059 4457 δομνήνῳ
1096 4405 1182 4447 Cui.
1305 4406 1361 4457 (8)
1391 4426 1447 4442 =
1483 4407 1519 4446 Β

185 4464 252 4512 56,
284 4471 318 4512 6,
343 4463 367 4502 Ἴ
481 4464 537 4512 (9)
578 4463 621 4501 id
650 4469 706 4501 est
748 4461 849 4512 Imp.
889 4460 1000 4500 Zeno
1038 4462 1088 4500 A.
1126 4460 1355 4502 Dominico.
1416 4462 1520 4501 Cum

185 4516 292 4557 bona
321 4517 539 4570 proscripti
567 4518 767 4567 veneunt,
806 4515 904 4556 licet
936 4518 1019 4555 tam
1048 4515 1190 4556 comiti
1217 4529 1353 4557 rerum
1384 4517 1519 4567 priva-

187 4575 339 4612 tarum·
364 4573 620 4624 imperatoris
663 4584 784 4622 quam
826 4570 988 4611 scholae
1029 4570 1308 4623 palatinorum
1349 4576 1392 4611 et
1432 4571 1518 4611 fisci

1273 4242 1328 4290 (2)
1358 4260 1416 4276 =
1447 4241 1520 4282 Th.

2760 432 2817 474 ai.
2845 430 2943 475 Mo-

2757 491 2814 539 [a.
2846 490 2942 538 228]

2606 539 2811 585 Orientis.
2855 543 2944 586 Re-

2531 599 2560 649 t,
2601 597 2835 652 aequitatis
2866 598 2944 640 ho-

2544 663 2574 694 V
2598 650 2653 694 Jc.
2691 651 2792 695 Ian.
2835 653 2944 694 Con-

2758 710 2815 758 [a.
2847 711 2944 758 451]

1664 534 1695 581 2
1726 536 1841 595 Imp.
1873 537 2139 582 Marcianus
2169 539 2220 583 A.
2253 538 2464 584 Palladio
2525 555 2570 596 p.

1606 596 1800 656 tractare
1826 593 2005 647 fiscum,
2046 594 2163 649 quod
2192 596 2327 638 semel
2356 554 2528 639 vendiffi

1607 650 1878 704 nestatlsque
1915 650 2029 693 ratio
2067 663 2158 694 non
2194 651 2376 707 patitur.
2441 649 2498 695 D.

1604 703 1904 761 stantinopoli
1931 703 2172 750 Marciano
2203 708 2255 750 A.
2287 719 2407 749 cons.

2220 872 2342 921 V1.¹¹

1605 953 1681 994 DE
1702 953 1798 994 HIS
1825 953 1923 1000 QUI
1949 952 2031 994 EX
2056 954 2316 995 PUBLICIS
2342 955 2682 997 RATIONIBUS
2707 956 2948 998 MUTUAM

1914 1009 2214 1050 PEGUNIAM
2246 1010 2632 1052 AGOEPERUNT.

1664 1090 1686 1137 1
1729 1090 1865 1150 ¹²Imp
1903 1126 1912 1135 .
1955 1090 2301 1136 Valentinianus
2336 1099 2381 1137 et
2418 1093 2583 1137 Valens
2611 1093 2703 1137 AA.
2745 1094 2805 1138 ad
2834 1094 2948 1138 Pro-

1605 1146 1707 1191 bum
1729 1161 1813 1214 pp.
1905 1147 1921 1190 i
1961 1147 2059 1203 quis
2097 1148 2155 1191 ab
2187 1149 2469 1192 exactoribus
2499 1149 2731 1193 tabulariis
2763 1150 2947 1194 arcariis

1606 1202 1820 1247 officilsve
1855 1203 2076 1246 rationum
2094 1203 2129 1230 ¹³
2166 1203 2393 1248 fenebrem
2431 1206 2663 1261 pecuniam
2697 1207 2947 1261 sumpserit,

1606 1259 1805 1303 detectus
1858 1259 1906 1303 in
1955 1259 2109 1303 eodem
2152 1259 2211 1304 ad
2255 1261 2490 1316 quadrupli
2533 1274 2720 1316 poenam
2765 1274 2820 1305 ex
2863 1263 2948 1306 hac

1605 1315 1873 1359 auctoritate
1901 1319 2118 1359 teneatur.
2178 1314 2232 1359 D.
2262 1328 2353 1360 [ΠΙ
2381 1318 2439 1360 id.
2469 1316 2604 1361 Mart.
2642 1317 2834 1363 Treviris
2862 1317 2946 1362 Va-

1606 1370 1854 1414 lentiniano
1885 1377 1929 1416 et
1969 1371 2154 1415 Valente
2182 1372 2274 1415 AA.
2307 1386 2449 1416 conss.
2552 1377 2609 1425 [a.
2641 1377 2721 1418 368
2751 1374 2820 1418 vel
2850 1378 2946 1426 370]

1663 1424 1694 1471 2
1739 1426 1954 1485 ¹⁴Imppp.
1999 1426 2245 1470 Gratianus
2291 1428 2633 1473 Valentinianus
2673 1435 2718 1474 et
2749 1429 2947 1474 Theodo-

1605 1483 1700 1525 sius
1738 1484 1871 1526 AAA.
1915 1483 2125 1526 Palladio
2171 1484 2324 1527 comiti
2366 1497 2600 1528 sacrarum
2642 1485 2945 1543 larqitionum.

1607 1538 1760 1582 Sciant
1802 1551 1952 1582 omnes
1971 1541 2004 1566 ¹⁵
2052 1539 2298 1594 accipiendi
2340 1543 2493 1584 mutuo
2540 1553 2595 1584 ex
2637 1541 2946 1595 largitionibus

1610 1598 1626 1636 1
1677 1594 1815 1637 sacris
1831 1594 1930 1638 auri
1946 1607 2034 1636 non
2051 1594 2084 1619 ¹⁶
2098 1600 2251 1649 patere
2277 1596 2482 1652 cuiquam
2507 1596 2780 1640 facultatem.
2822 1596 2948 1651 Quod

1605 1649 1645 1692 si
1680 1650 1779 1747 quis
1818 1661 1975 1693 aurum
2015 1662 2067 1692 ex
2107 1655 2260 1694 nostro
2297 1652 2467 1695 aerario
2497 1652 2678 1706 privatis
2711 1652 2949 1696 commodis

1604 1718 1686 1759 pro
1708 1707 1889 1748 uturum
1919 1706 2091 1748 occulte
2121 1710 2199 1749 aut
2229 1708 2446 1751 cautionis
2478 1711 2556 1750 aut
2585 1709 2833 1762 sponsionis
2861 1708 2949 1751 fide

1605 1763 1656 1803 ut
1693 1759 1866 1804 debitor
1902 1761 2157 1804 redditurus
2198 1762 2294 1805 sine
2332 1768 2487 1806 nostra
2527 1764 2794 1807 auctoritate
2811 1765 2843 1790 ¹⁷
2873 1777 2948 1806 ac-

1606 1818 1795 1870 ceperit,
1837 1816 1997 1859 ablatis
2036 1817 2164 1860 bonis
2209 1817 2413 1862 omnibus
2458 1823 2700 1872 perpetuae
2744 1819 2947 1873 deporta-

1607 1874 1631 1913 2
1691 1871 1823 1914 tionis
1861 1871 2076 1915 subdetur
2113 1872 2256 1916 exilio.
2325 1873 2370 1916 Is
2402 1873 2558 1926 etiam,
2600 1874 2675 1927 qui
2706 1887 2758 1916 ex
2786 1887 2948 1916 memo-

1604 1927 1715 1970 ratis
1754 1927 1976 1971 thesauris
2013 1928 2097 1971 sub
2138 1928 2286 1983 specie
2323 1929 2492 1983 publici
2534 1929 2764 1972 creditoris
2795 1942 2950 1972 aurum

1606 1983 1811 2038 cuiquam
1853 1982 2142 2027 commodarit
2180 1996 2233 2027 ac
2273 1983 2463 2035 dederit,
2514 1985 2694 2040 capitali
2731 1986 2951 2028 sententia

1605 2039 1878 2094 subiugetur.
1939 2039 1992 2083 D.
2026 2051 2106 2082 ΧΠ
2141 2038 2184 2083 lc.
2215 2040 2331 2098 Auq.
2372 2039 2622 2085 Heracleae
2652 2040 2878 2084 Eucherio
2909 2048 2951 2084 et

1605 2093 1806 2153 Syaqrio
1837 2109 1980 2139 conss.
2763 2100 2819 2149 [a.
2852 2100 2949 2150 381]

2228 2211 2334 2260 VII.

1604 2292 1809 2333 POENIS
1846 2291 2177 2332 FISCALIBUS
2218 2291 2568 2332 CREDITORES
2613 2292 2944 2334 PRAEFERRI.

1664 2372 1687 2420 1
1730 2371 1877 2430 ¹⁸Imp.
1909 2372 2173 2417 Alexander
2200 2373 2252 2416 A.
2284 2371 2517 2416 Marcello.
2564 2372 2676 2416 Rem
2699 2386 2823 2416 suam
2848 2386 2946 2428 per-

1606 2429 1892 2485 sequentibus
1928 2441 2099 2484 poenae
2136 2428 2309 2472 exactio
2348 2428 2643 2483 postponitur.
2714 2430 2831 2472 sicut
2863 2429 2946 2472 ita-

1606 2498 1691 2541 que
1729 2486 1776 2528 in
1815 2485 1948 2529 sortis
1988 2484 2236 2539 quantitate
2274 2484 2372 2528 fisci
2407 2484 2658 2540 persecutio
2688 2485 2836 2540 potior
2865 2488 2948 2537 est,

1604 2542 1668 2585 ita
1696 2542 1742 2584 in
1769 2541 1904 2597 triplo
1929 2540 2048 2596 quod
2070 2552 2240 2597 poenae
2259 2540 2435 2584 nomine
2453 2540 2671 2584 adiectum
2687 2545 2755 2584 est
2768 2542 2950 2597 propria

1604 2598 1749 2642 forma
1778 2596 1960 2641 ferenda
1989 2601 2069 2641 est.
2127 2594 2222 2640 ΡΡ.
2260 2595 2302 2640 lc.
2335 2594 2421 2640 Iul.
2453 2595 2635 2641 Iuliano
2665 2602 2710 2640 et
2739 2595 2947 2655 Crispino

1606 2667 1750 2698 conss.
2760 2656 2816 2704 [a.
2849 2656 2945 2704 224]

2212 2769 2345 2817 VIII.

1942 2849 2019 2890 DE
2049 2847 2377 2890 FISGALIBUS
2406 2847 2613 2888 USURIS.

1666 2930 1689 2978 1
1738 2929 1809 2975 Im
1844 2965 1854 2975 .
1892 2931 2150 2975 Antoninus
2182 2931 2235 2975 A.
2273 2927 2509 2974 Antiocho.
2581 2928 2693 2972 Eius
2738 2942 2947 2982 summae,

1607 3000 1740 3042 quam
1776 2990 1813 3031 ti
1845 2986 1861 3030 i
1899 2998 2070 3042 poenae
2107 2986 2283 3030 nomine
2320 2984 2534 3028 inflictam
2571 2984 2841 3039 probaturus
2883 2998 2945 3036 es,

1606 3054 1769 3086 usurae
1805 3055 1895 3085 non
1935 3042 2182 3095 exigentur:
2232 3054 2316 3085 nec
2355 3041 2469 3083 enim
2503 3040 2686 3082 multam
2724 3040 2806 3083 tibi
2843 3053 2946 3095 pro-

1608 3102 1790 3141 curator
1840 3109 1965 3140 meus
2006 3097 2225 3150 inrogavit
2267 3096 2388 3139 ultra
2433 3107 2564 3149 quam
2608 3095 2817 3150 placitum
2862 3099 2944 3149 est,

1606 3153 1685 3197 sed
1724 3165 1913 3208 poenam
1949 3154 1994 3195 te
2032 3152 2165 3195 iussit
2193 3152 2371 3196 inferre.
2431 3149 2524 3194 ΡΡ.
2557 3162 2629 3194 xv
2652 3150 2694 3194 lc.
2726 3150 2831 3195 Dec.
2863 3150 2945 3194 Sa-

1606 3210 1708 3253 bino
1739 3214 1784 3252 et
1809 3207 2023 3251 Anullino
2054 3220 2196 3251 conss.
2758 3211 2815 3258 [a.
2846 3209 2943 3258 216]

1663 3262 1694 3308 2
1725 3263 1838 3320 Imp.
1870 3262 2131 3306 Alexander
2159 3265 2210 3306 A.
2255 3261 2499 3306 Victorino.
2559 3261 2607 3305 Si
2641 3262 2724 3305 sub
2760 3262 2946 3317 pignore

1607 3319 1821 3363 creditum
1859 3317 1964 3372 fuit,
2002 3317 2133 3361 etiam
2163 3317 2332 3371 fiscum,
2373 3318 2447 3373 qui
2483 3318 2700 3362 successit
2725 3318 2772 3360 in
2799 3319 2946 3362 locum

1607 3374 1844 3426 debitoris,
1884 3385 2046 3417 usuras
2086 3377 2314 3428 praestare
2353 3375 2551 3430 oportet,
2582 3373 2622 3417 si
2651 3385 2725 3416 eas
2756 3373 2946 3428 dependi

1605 3432 1760 3475 saltem
1787 3433 1920 3485 pacto
1949 3429 2131 3484 placuit.
2189 3428 2282 3473 ΡΡ.
2316 3441 2384 3473 111
2410 3442 2514 3473 non.
2544 3428 2666 3487 Sept.
2692 3428 2875 3472 Iuliano
2902 3435 2946 3472 et

1608 3486 1815 3544 Crispino
1847 3498 1990 3529 conss.
2758 3489 2813 3535 [a.
2845 3487 2941 3535 224]

1662 3539 1692 3587 3
1729 3539 1880 3599 ¹⁹Imp.
1913 3538 2196 3584 Iustinianus
2223 3542 2273 3584 A.
2290 3539 2452 3584 Menae
2472 3555 2555 3598 pp.
2603 3540 2782 3582 Fiscum
2812 3540 2943 3581 etiam

1604 3600 1805 3641 nostrum
1841 3608 1998 3651 parere
2027 3596 2246 3640 sanctioni
2274 3596 2416 3640 nostri
2455 3596 2644 3639 numinis
2658 3596 2696 3621 2⁰
2727 3595 2942 3644 iubemus,

1605 3666 1684 3709 per
1726 3665 1859 3707 quam
1901 3664 2043 3706 usque
2082 3651 2139 3695 ad
2192 3651 2414 3695 dimidiam
2466 3651 2727 3695 centesimae
2781 3662 2941 3693 usuras

1605 3707 1808 3763 stipulari
1853 3707 2144 3751 creditoribus
2187 3708 2383 3762 exceptis
2428 3706 2560 3750 certis
2604 3706 2803 3760 personis
2840 3718 2941 3759 per-

1603 3764 1820 3817 misimus,
1859 3767 1909 3805 ut
1946 3763 2042 3818 ipse
2069 3763 2200 3806 etiam
2227 3763 2362 3806 fiscus
2392 3763 2511 3805 ultra
2539 3761 2762 3803 dimidiam
2792 3763 2941 3823 cente-

1605 3821 1740 3864 simae
1768 3822 1940 3874 partem
1968 3830 1997 3861 a
2026 3818 2299 3862 debitoribus
2329 3818 2418 3861 suis
2447 3817 2622 3859 minime
2652 3816 2810 3869 exigat,
2850 3827 2942 3858 sive

1532 3899 1536 3902 -
1591 3874 1912 3931 principaliter
1957 3873 1996 3916 ei
2038 3874 2336 3929 promiserunt
2379 3874 2468 3916 sive
2510 3884 2538 3914 a
2584 3871 2805 3927 prioribus
2849 3870 2940 3913 suis

1605 3930 1897 3974 creditoribus
1939 3929 2135 3974 actiones
2171 3930 2229 3972 ad
2265 3941 2365 3972 eum
2402 3939 2678 3983 quocumque
2706 3925 2834 3968 modo
2865 3924 2938 3968 de-

1603 3986 1782 4038 volutae
1825 3987 1939 4028 sunt.
2018 3983 2074 4028 D.
2123 3996 2217 4029 7111
2265 3984 2323 4027 id.
2364 3983 2507 4040 April.
2551 3980 2941 4036 Constantinopoli

1603 4041 1742 4086 Decio
1771 4054 1835 4086 vc.
1866 4053 1985 4084 cons.
2753 4039 2809 4088 [a.
2841 4038 2937 4086 529]

1605 4237 1802 4279 advocato
1840 4236 2000 4288 aliquas
2034 4249 2098 4277 res
2133 4248 2182 4277 ex
2219 4235 2284 4275 his
2320 4233 2437 4274 bonis
2473 4245 2603 4272 emere
2642 4231 2804 4271 nemine
2843 4244 2938 4271 con-

1605 4296 1781 4334 tractum
1810 4291 2099 4333 calumniante.
2222 4290 2296 4342 (ιο)
2330 4290 2372 4329 Β
2402 4291 2467 4336 56,
2501 4297 2535 4338 6,
2567 4297 2599 4329 9.
2634 4296 2672 4327 10
2794 4289 2863 4338 (ιι)
2893 4288 2939 4328 Β

1606 4352 1672 4398 56,
1704 4357 1738 4395 6,
1772 4358 1818 4390 ιι.
1850 4357 1890 4390 12
2019 4349 2091 4398 (12)
2120 4366 2175 4382 =
2211 4347 2280 4386 Th.
2320 4346 2378 4393 ιο,
2411 4353 2467 4388 24.
2498 4353 2512 4384 1
2648 4343 2717 4392 (is)
2750 4341 2813 4382 vel
2842 4342 2938 4393 alio,

1605 4404 1672 4443 cui
1722 4403 1923 4444 fiscalium
1971 4404 2255 4444 thesaurorum
2306 4398 2438 4440 tutela
2480 4397 2696 4438 mandetur
2740 4399 2814 4438 ins.
2864 4398 2937 4438 Th.

1605 4462 1677 4510 (14)
1706 4480 1761 4494 ==
1791 4459 1862 4500 Th.
1898 4461 1960 4509 10,
1993 4468 2048 4508 24,
2080 4467 2100 4498 2
2186 4456 2258 4506 (15)
2288 4467 2420 4505 neque
2450 4453 2575 4494 dandi
2604 4466 2736 4504 neque
2767 4455 2841 4495 im.
2865 4454 2936 4493 Th.

1604 4518 1679 4566 (16)
1709 4527 1794 4554 non
1824 4530 1895 4555 om.
1919 4515 1990 4555 Th.
2062 4514 2135 4562 (17)
2158 4512 2245 4551 sine
2270 4512 2407 4550 nostra
2428 4511 2534 4549 auct.
2566 4525 2638 4549 om.
2660 4509 2730 4549 Th.
2802 4508 2876 4559 (18)
2901 4509 2937 4549 Β

1605 4572 1673 4619 56,
1703 4579 1740 4621 6,
1770 4578 1808 4610 1³
1922 4571 1998 4618 (ιθ)
2029 4572 2146 4620 iunqe
2178 4570 2214 4616 7,
2246 4575 2302 4615 54,
2334 4576 2352 4605 2
2469 4566 2548 4616 (πο)
2579 4567 2617 4612 4,
2648 4574 2704 4611 32,
2737 4574 2780 4605 2ss
