<?xml version="1.0" encoding="UTF-8"?>
<!DOCTYPE html PUBLIC "-//W3C//DTD XHTML 1.0 Transitional//EN"
    "http://www.w3.org/TR/xhtml1/DTD/xhtml1-transitional.dtd">
<html xmlns="http://www.w3.org/1999/xhtml" xml:lang="en" lang="en">
 <head>
  <title>
</title>
<meta http-equiv="Content-Type" content="text/html;charset=utf-8" />
  <meta name='ocr-system' content='tesseract 3.04.00' />
  <meta name='ocr-capabilities' content='ocr_page ocr_carea ocr_par ocr_line ocrx_word'/>
</head>
<body>
  <div class='ocr_page' id='page_1' title='image "./corpusiuriscivil02krueuoft_0318.png"; bbox 0 0 3054 4796; ppageno 0'>
   <div class='ocr_carea' id='block_1_1' title="bbox 179 190 482 242">
    <p class='ocr_par' dir='ltr' id='par_1_1' title="bbox 179 190 482 242">
     <span class='ocr_line' id='line_1_1' title="bbox 179 190 482 242; baseline -0.02 0"><span class='ocrx_word' id='word_1_1' title='bbox 179 192 247 242; x_wconf 91' lang='lat' dir='ltr'><strong>VI</strong></span> <span class='ocrx_word' id='word_1_2' title='bbox 282 190 482 241; x_wconf 88' lang='lat'>51-53</span> 
     </span>
    </p>
   </div>
   <div class='ocr_carea' id='block_1_2' title="bbox 148 323 1496 4404">
    <p class='ocr_par' dir='ltr' id='par_1_2' title="bbox 148 323 1496 4404">
     <span class='ocr_line' id='line_1_2' title="bbox 171 323 1496 395; baseline -0.014 -13"><span class='ocrx_word' id='word_1_3' title='bbox 171 341 337 395; x_wconf 89' lang='lat' dir='ltr'><strong>partem</strong></span> <span class='ocrx_word' id='word_1_4' title='bbox 367 333 697 378; x_wconf 89' lang='lat' dir='ltr'><strong>coniunctorum</strong></span> <span class='ocrx_word' id='word_1_5' title='bbox 722 329 808 372; x_wconf 83' lang='lat' dir='ltr'>sibi</span> <span class='ocrx_word' id='word_1_6' title='bbox 831 328 1041 372; x_wconf 83' lang='lat' dir='ltr'><strong>heredum</strong></span> <span class='ocrx_word' id='word_1_7' title='bbox 1070 323 1194 381; x_wconf 84' lang='lat' dir='ltr'><strong>quasi</strong></span> <span class='ocrx_word' id='word_1_8' title='bbox 1219 334 1344 386; x_wconf 80' lang='lat' dir='ltr'><strong>suam</strong></span> <span class='ocrx_word' id='word_1_9' title='bbox 1367 333 1496 375; x_wconf 88' lang='lat' dir='ltr'><strong>prae-</strong></span> 
     </span>
     <span class='ocr_line' id='line_1_3' title="bbox 171 383 1496 446; baseline -0.016 -8"><span class='ocrx_word' id='word_1_10' title='bbox 171 396 400 446; x_wconf 82' lang='lat' dir='ltr'>occupant,</span> <span class='ocrx_word' id='word_1_11' title='bbox 433 385 662 429; x_wconf 86' lang='lat' dir='ltr'><strong>disiuncti¹</strong></span> <span class='ocrx_word' id='word_1_12' title='bbox 693 395 795 425; x_wconf 87' lang='lat' dir='ltr'><strong>vero</strong></span> <span class='ocrx_word' id='word_1_13' title='bbox 828 385 885 427; x_wconf 89' lang='lat' dir='ltr'><strong>ab</strong></span> <span class='ocrx_word' id='word_1_14' title='bbox 921 384 1017 438; x_wconf 90' lang='lat' dir='ltr'><strong>ipso</strong></span> <span class='ocrx_word' id='word_1_15' title='bbox 1044 383 1267 440; x_wconf 75' lang='lat' dir='ltr'><strong>testatoris</strong></span> <span class='ocrx_word' id='word_1_16' title='bbox 1295 388 1496 419; x_wconf 81' lang='lat' dir='ltr'>sermone</span> 
     </span>
     <span class='ocr_line' id='line_1_4' title="bbox 171 430 1494 503; baseline -0.014 -13"><span class='ocrx_word' id='word_1_17' title='bbox 171 445 444 503; x_wconf 83' lang='lat' dir='ltr'><strong>apertissime</strong></span> <span class='ocrx_word' id='word_1_18' title='bbox 488 443 591 484; x_wconf 86' lang='lat' dir='ltr'><strong>sunt</strong></span> <span class='ocrx_word' id='word_1_19' title='bbox 636 438 812 480; x_wconf 88' lang='lat' dir='ltr'><strong>discreti</strong></span> <span class='ocrx_word' id='word_1_20' title='bbox 854 444 898 481; x_wconf 90' lang='lat' dir='ltr'><strong>et</strong></span> <span class='ocrx_word' id='word_1_21' title='bbox 935 449 1062 481; x_wconf 90' lang='lat' dir='ltr'><strong>suum</strong></span> <span class='ocrx_word' id='word_1_22' title='bbox 1130 432 1276 474; x_wconf 80' lang='lat' dir='ltr'><strong>uidem</strong></span> <span class='ocrx_word' id='word_1_23' title='bbox 1315 430 1494 494; x_wconf 78' lang='lat' dir='ltr'><strong>habent,</strong></span> 
     </span>
     <span class='ocr_line' id='line_1_5' title="bbox 171 486 1495 547; baseline -0.014 0"><span class='ocrx_word' id='word_1_24' title='bbox 171 504 357 547; x_wconf 91' lang='lat' dir='ltr'><strong>alienum</strong></span> <span class='ocrx_word' id='word_1_25' title='bbox 387 501 530 541; x_wconf 89' lang='lat' dir='ltr'><strong>autem</strong></span> <span class='ocrx_word' id='word_1_26' title='bbox 559 507 647 536; x_wconf 94' lang='lat' dir='ltr'><strong>non</strong></span> <span class='ocrx_word' id='word_1_27' title='bbox 677 492 758 535; x_wconf 92' lang='lat' dir='ltr'><strong>soli</strong></span> <span class='ocrx_word' id='word_1_28' title='bbox 786 496 1024 547; x_wconf 90' lang='lat' dir='ltr'><strong>appetunt,</strong></span> <span class='ocrx_word' id='word_1_29' title='bbox 1055 501 1101 531; x_wconf 91' lang='lat' dir='ltr'><strong>se</strong></span> <span class='ocrx_word' id='word_1_30' title='bbox 1162 499 1261 529; x_wconf 93' lang='lat' dir='ltr'><strong>cum</strong></span> <span class='ocrx_word' id='word_1_31' title='bbox 1293 486 1495 529; x_wconf 79' lang='lat' dir='ltr'><strong>omnibus</strong></span> 
     </span>
     <span class='ocr_line' id='line_1_6' title="bbox 171 540 1494 607; baseline -0.014 -4"><span class='ocrx_word' id='word_1_32' title='bbox 171 560 261 603; x_wconf 91' lang='lat' dir='ltr'><strong>suis</strong></span> <span class='ocrx_word' id='word_1_33' title='bbox 302 551 585 599; x_wconf 85' lang='lat' dir='ltr'><strong>coheredibus</strong></span> <span class='ocrx_word' id='word_1_34' title='bbox 625 546 864 601; x_wconf 89' lang='lat' dir='ltr'><strong>accipiunt.</strong></span> <span class='ocrx_word' id='word_1_35' title='bbox 933 551 979 590; x_wconf 89' lang='lat' dir='ltr'><strong>et</strong></span> <span class='ocrx_word' id='word_1_36' title='bbox 1017 545 1127 586; x_wconf 91' lang='lat' dir='ltr'><strong>haec</strong></span> <span class='ocrx_word' id='word_1_37' title='bbox 1152 542 1217 607; x_wconf 37' lang='lat' dir='ltr'><strong>’in</strong></span> <span class='ocrx_word' id='word_1_38' title='bbox 1258 540 1494 586; x_wconf 83' lang='lat' dir='ltr'><strong>heredibus</strong></span> 
     </span>
     <span class='ocr_line' id='line_1_7' title="bbox 173 597 1493 657; baseline -0.014 0"><span class='ocrx_word' id='word_1_39' title='bbox 173 619 217 657; x_wconf 84' lang='lat'><strong>11</strong></span> <span class='ocrx_word' id='word_1_40' title='bbox 289 604 587 655; x_wconf 90' lang='lat' dir='ltr'><strong>tantummodo</strong></span> <span class='ocrx_word' id='word_1_41' title='bbox 626 601 862 646; x_wconf 83' lang='lat' dir='ltr'><strong>statuenda</strong></span> <span class='ocrx_word' id='word_1_42' title='bbox 901 603 1017 645; x_wconf 86' lang='lat' dir='ltr'><strong>sunt.</strong></span> <span class='ocrx_word' id='word_1_43' title='bbox 1077 597 1165 642; x_wconf 90' lang='lat' dir='ltr'><strong>Ub1</strong></span> <span class='ocrx_word' id='word_1_44' title='bbox 1199 602 1349 641; x_wconf 91' lang='lat' dir='ltr'><strong>autem</strong></span> <span class='ocrx_word' id='word_1_45' title='bbox 1375 598 1493 652; x_wconf 89' lang='lat' dir='ltr'><strong>lega-</strong></span> 
     </span>
     <span class='ocr_line' id='line_1_8' title="bbox 172 653 1491 712; baseline -0.014 1"><span class='ocrx_word' id='word_1_46' title='bbox 172 669 271 712; x_wconf 89' lang='lat' dir='ltr'><strong>tarii</strong></span> <span class='ocrx_word' id='word_1_47' title='bbox 301 666 366 710; x_wconf 88' lang='lat' dir='ltr'><strong>vel</strong></span> <span class='ocrx_word' id='word_1_48' title='bbox 393 657 780 707; x_wconf 88' lang='lat' dir='ltr'><strong>fideicommissarii</strong></span> <span class='ocrx_word' id='word_1_49' title='bbox 810 656 896 699; x_wconf 92' lang='lat' dir='ltr'><strong>duo</strong></span> <span class='ocrx_word' id='word_1_50' title='bbox 926 655 1073 699; x_wconf 81' lang='lat' dir='ltr'><strong>forte²</strong></span> <span class='ocrx_word' id='word_1_51' title='bbox 1101 653 1169 697; x_wconf 88' lang='lat' dir='ltr'><strong>vel</strong></span> <span class='ocrx_word' id='word_1_52' title='bbox 1197 653 1350 709; x_wconf 89' lang='lat' dir='ltr'><strong>plures</strong></span> <span class='ocrx_word' id='word_1_53' title='bbox 1376 658 1491 707; x_wconf 90' lang='lat' dir='ltr'><strong>sunt,</strong></span> 
     </span>
     <span class='ocr_line' id='line_1_9' title="bbox 171 709 1493 780; baseline -0.011 -13"><span class='ocrx_word' id='word_1_54' title='bbox 171 724 325 780; x_wconf 90' lang='lat' dir='ltr'><strong>quibus</strong></span> <span class='ocrx_word' id='word_1_55' title='bbox 370 716 530 774; x_wconf 89' lang='lat' dir='ltr'><strong>aliquid</strong></span> <span class='ocrx_word' id='word_1_56' title='bbox 572 714 773 756; x_wconf 84' lang='lat' dir='ltr'><strong>relictum</strong></span> <span class='ocrx_word' id='word_1_57' title='bbox 811 712 889 762; x_wconf 85' lang='lat' dir='ltr'><strong>sit,</strong></span> <span class='ocrx_word' id='word_1_58' title='bbox 933 710 972 754; x_wconf 89' lang='lat' dir='ltr'><strong>si</strong></span> <span class='ocrx_word' id='word_1_59' title='bbox 1010 709 1184 765; x_wconf 89' lang='lat' dir='ltr'><strong>quidem</strong></span> <span class='ocrx_word' id='word_1_60' title='bbox 1222 710 1493 753; x_wconf 89' lang='lat' dir='ltr'><strong>coniunctim</strong></span> 
     </span>
     <span class='ocr_line' id='line_1_10' title="bbox 170 765 1491 829; baseline -0.011 -6"><span class='ocrx_word' id='word_1_61' title='bbox 170 782 251 823; x_wconf 92' lang='lat' dir='ltr'><strong>hoc</strong></span> <span class='ocrx_word' id='word_1_62' title='bbox 288 776 555 829; x_wconf 84' lang='lat' dir='ltr'><strong>relinquatur</strong></span> <span class='ocrx_word' id='word_1_63' title='bbox 594 774 636 812; x_wconf 91' lang='lat' dir='ltr'><strong>et</strong></span> <span class='ocrx_word' id='word_1_64' title='bbox 674 779 824 811; x_wconf 91' lang='lat' dir='ltr'><strong>omnes</strong></span> <span class='ocrx_word' id='word_1_65' title='bbox 853 766 1031 810; x_wconf 90' lang='lat' dir='ltr'><strong>veniant</strong></span> <span class='ocrx_word' id='word_1_66' title='bbox 1070 765 1126 809; x_wconf 91' lang='lat' dir='ltr'><strong>ad</strong></span> <span class='ocrx_word' id='word_1_67' title='bbox 1155 766 1371 820; x_wconf 86' lang='lat' dir='ltr'><strong>legatum,</strong></span> <span class='ocrx_word' id='word_1_68' title='bbox 1409 778 1491 820; x_wconf 91' lang='lat' dir='ltr'><strong>pro</strong></span> 
     </span>
     <span class='ocr_line' id='line_1_11' title="bbox 174 821 1491 888; baseline -0.011 -11"><span class='ocrx_word' id='word_1_69' title='bbox 174 840 251 880; x_wconf 86' lang='lat' dir='ltr'><strong>11a</strong></span> <span class='ocrx_word' id='word_1_70' title='bbox 307 844 386 875; x_wconf 91' lang='lat' dir='ltr'><strong>sua</strong></span> <span class='ocrx_word' id='word_1_71' title='bbox 426 827 625 884; x_wconf 86' lang='lat' dir='ltr'><strong>portione</strong></span> <span class='ocrx_word' id='word_1_72' title='bbox 669 823 851 888; x_wconf 76' lang='lat' dir='ltr'><strong>quisque</strong></span> <span class='ocrx_word' id='word_1_73' title='bbox 893 822 979 865; x_wconf 89' lang='lat' dir='ltr'><strong>hoc</strong></span> <span class='ocrx_word' id='word_1_74' title='bbox 1017 822 1192 865; x_wconf 88' lang='lat' dir='ltr'><strong>habeat.</strong></span> <span class='ocrx_word' id='word_1_75' title='bbox 1267 821 1345 864; x_wconf 86' lang='lat' dir='ltr'><strong>Sin</strong></span> <span class='ocrx_word' id='word_1_76' title='bbox 1388 834 1491 864; x_wconf 92' lang='lat' dir='ltr'><strong>vero</strong></span> 
     </span>
     <span class='ocr_line' id='line_1_12' title="bbox 167 877 1490 946; baseline -0.009 -14"><span class='ocrx_word' id='word_1_77' title='bbox 167 902 268 946; x_wconf 92' lang='lat' dir='ltr'><strong>pars</strong></span> <span class='ocrx_word' id='word_1_78' title='bbox 299 885 509 942; x_wconf 83' lang='lat' dir='ltr'><strong>quaedam</strong></span> <span class='ocrx_word' id='word_1_79' title='bbox 538 894 590 924; x_wconf 84' lang='lat' dir='ltr'><strong>ex</strong></span> <span class='ocrx_word' id='word_1_80' title='bbox 619 880 687 923; x_wconf 91' lang='lat' dir='ltr'><strong>his</strong></span> <span class='ocrx_word' id='word_1_81' title='bbox 718 878 914 933; x_wconf 82' lang='lat' dir='ltr'><strong>deficiat,</strong></span> <span class='ocrx_word' id='word_1_82' title='bbox 955 890 1052 922; x_wconf 89' lang='lat' dir='ltr'><strong>eam</strong></span> <span class='ocrx_word' id='word_1_83' title='bbox 1082 878 1304 928; x_wconf 91' lang='lat' dir='ltr'><strong>omnibus,</strong></span> <span class='ocrx_word' id='word_1_84' title='bbox 1343 877 1383 921; x_wconf 91' lang='lat' dir='ltr'><strong>si</strong></span> <span class='ocrx_word' id='word_1_85' title='bbox 1411 877 1490 920; x_wconf 89' lang='lat' dir='ltr'><strong>ha-</strong></span> 
     </span>
     <span class='ocr_line' id='line_1_13' title="bbox 171 933 1491 991; baseline -0.01 -2"><span class='ocrx_word' id='word_1_86' title='bbox 171 949 269 989; x_wconf 90' lang='lat' dir='ltr'><strong>bere</strong></span> <span class='ocrx_word' id='word_1_87' title='bbox 311 939 562 990; x_wconf 81' lang='lat' dir='ltr'><strong>maluerint,</strong></span> <span class='ocrx_word' id='word_1_88' title='bbox 607 948 686 991; x_wconf 87' lang='lat' dir='ltr'><strong>pro</strong></span> <span class='ocrx_word' id='word_1_89' title='bbox 726 933 842 978; x_wconf 87' lang='lat' dir='ltr'><strong>virili</strong></span> <span class='ocrx_word' id='word_1_90' title='bbox 876 934 1079 989; x_wconf 86' lang='lat' dir='ltr'><strong>portione</strong></span> <span class='ocrx_word' id='word_1_91' title='bbox 1119 947 1218 977; x_wconf 92' lang='lat' dir='ltr'><strong>cum</strong></span> <span class='ocrx_word' id='word_1_92' title='bbox 1255 933 1373 977; x_wconf 91' lang='lat' dir='ltr'><strong>omni</strong></span> <span class='ocrx_word' id='word_1_93' title='bbox 1409 946 1491 977; x_wconf 91' lang='lat' dir='ltr'><strong>suo</strong></span> 
     </span>
     <span class='ocr_line' id='line_1_14' title="bbox 168 988 1492 1044; baseline -0.01 0"><span class='ocrx_word' id='word_1_94' title='bbox 168 1012 294 1044; x_wconf 91' lang='lat' dir='ltr'><strong>onere</strong></span> <span class='ocrx_word' id='word_1_95' title='bbox 322 998 578 1041; x_wconf 82' lang='lat' dir='ltr'><strong>adcrescere</strong></span> <span class='ocrx_word' id='word_1_96' title='bbox 605 992 687 1044; x_wconf 89' lang='lat' dir='ltr'><strong>vel,</strong></span> <span class='ocrx_word' id='word_1_97' title='bbox 718 990 757 1034; x_wconf 92' lang='lat' dir='ltr'><strong>si</strong></span> <span class='ocrx_word' id='word_1_98' title='bbox 786 1002 935 1034; x_wconf 89' lang='lat' dir='ltr'><strong>omnes</strong></span> <span class='ocrx_word' id='word_1_99' title='bbox 964 990 1206 1042; x_wconf 92' lang='lat' dir='ltr'><strong>noluerint,</strong></span> <span class='ocrx_word' id='word_1_100' title='bbox 1236 994 1343 1032; x_wconf 90' lang='lat' dir='ltr'><strong>tunc</strong></span> <span class='ocrx_word' id='word_1_101' title='bbox 1372 988 1492 1044; x_wconf 92' lang='lat' dir='ltr'><strong>apud</strong></span> 
     </span>
     <span class='ocr_line' id='line_1_15' title="bbox 167 1045 1490 1101; baseline -0.009 -2"><span class='ocrx_word' id='word_1_102' title='bbox 167 1069 241 1099; x_wconf 91' lang='lat' dir='ltr'><strong>eos</strong></span> <span class='ocrx_word' id='word_1_103' title='bbox 278 1062 510 1100; x_wconf 89' lang='lat' dir='ltr'><strong>remanere,</strong></span> <span class='ocrx_word' id='word_1_104' title='bbox 557 1061 584 1090; x_wconf 93' lang='lat' dir='ltr'><strong>a</strong></span> <span class='ocrx_word' id='word_1_105' title='bbox 628 1046 788 1101; x_wconf 89' lang='lat' dir='ltr'><strong>quibus</strong></span> <span class='ocrx_word' id='word_1_106' title='bbox 827 1045 1084 1089; x_wconf 88' lang='lat' dir='ltr'><strong>derelictum</strong></span> <span class='ocrx_word' id='word_1_107' title='bbox 1122 1050 1209 1089; x_wconf 90' lang='lat' dir='ltr'><strong>est:</strong></span> <span class='ocrx_word' id='word_1_108' title='bbox 1249 1058 1350 1088; x_wconf 90' lang='lat' dir='ltr'><strong>cum</strong></span> <span class='ocrx_word' id='word_1_109' title='bbox 1387 1057 1490 1088; x_wconf 88' lang='lat' dir='ltr'><strong>vero</strong></span> 
     </span>
     <span class='ocr_line' id='line_1_16' title="bbox 166 1100 1489 1167; baseline -0.008 -13"><span class='ocrx_word' id='word_1_110' title='bbox 166 1110 337 1167; x_wconf 90' lang='lat' dir='ltr'><strong>quidam</strong></span> <span class='ocrx_word' id='word_1_111' title='bbox 375 1104 611 1155; x_wconf 88' lang='lat' dir='ltr'><strong>voluerint,</strong></span> <span class='ocrx_word' id='word_1_112' title='bbox 650 1101 826 1157; x_wconf 83' lang='lat' dir='ltr'><strong>quidam</strong></span> <span class='ocrx_word' id='word_1_113' title='bbox 854 1101 1097 1154; x_wconf 89' lang='lat' dir='ltr'><strong>noluerint,</strong></span> <span class='ocrx_word' id='word_1_114' title='bbox 1137 1100 1387 1145; x_wconf 88' lang='lat' dir='ltr'><strong>volentibus</strong></span> <span class='ocrx_word' id='word_1_115' title='bbox 1419 1113 1489 1143; x_wconf 89' lang='lat' dir='ltr'><strong>so-</strong></span> 
     </span>
     <span class='ocr_line' id='line_1_17' title="bbox 171 1156 1489 1210; baseline -0.008 0"><span class='ocrx_word' id='word_1_116' title='bbox 171 1166 243 1210; x_wconf 82' lang='lat' dir='ltr'><strong>11b</strong></span> <span class='ocrx_word' id='word_1_117' title='bbox 300 1161 514 1208; x_wconf 91' lang='lat' dir='ltr'><strong>lummodo</strong></span> <span class='ocrx_word' id='word_1_118' title='bbox 550 1159 595 1202; x_wconf 88' lang='lat' dir='ltr'><strong>id</strong></span> <span class='ocrx_word' id='word_1_119' title='bbox 632 1163 776 1202; x_wconf 92' lang='lat' dir='ltr'><strong>totum</strong></span> <span class='ocrx_word' id='word_1_120' title='bbox 813 1157 1036 1200; x_wconf 88' lang='lat' dir='ltr'><strong>accedere.</strong></span> <span class='ocrx_word' id='word_1_121' title='bbox 1099 1157 1175 1200; x_wconf 88' lang='lat' dir='ltr'><strong>Sin</strong></span> <span class='ocrx_word' id='word_1_122' title='bbox 1215 1161 1363 1199; x_wconf 92' lang='lat' dir='ltr'><strong>autem</strong></span> <span class='ocrx_word' id='word_1_123' title='bbox 1401 1156 1489 1199; x_wconf 88' lang='lat' dir='ltr'><strong>dis-</strong></span> 
     </span>
     <span class='ocr_line' id='line_1_18' title="bbox 164 1212 1492 1269; baseline -0.008 -4"><span class='ocrx_word' id='word_1_124' title='bbox 164 1221 341 1265; x_wconf 87' lang='lat' dir='ltr'><strong>iunctim</strong></span> <span class='ocrx_word' id='word_1_125' title='bbox 364 1217 495 1261; x_wconf 87' lang='lat' dir='ltr'><strong>fuerit</strong></span> <span class='ocrx_word' id='word_1_126' title='bbox 518 1215 734 1265; x_wconf 89' lang='lat' dir='ltr'><strong>relictum,</strong></span> <span class='ocrx_word' id='word_1_127' title='bbox 759 1214 796 1257; x_wconf 92' lang='lat' dir='ltr'><strong>si</strong></span> <span class='ocrx_word' id='word_1_128' title='bbox 819 1213 994 1269; x_wconf 90' lang='lat' dir='ltr'><strong>quidem</strong></span> <span class='ocrx_word' id='word_1_129' title='bbox 1020 1226 1170 1256; x_wconf 89' lang='lat' dir='ltr'><strong>omnes</strong></span> <span class='ocrx_word' id='word_1_130' title='bbox 1187 1214 1271 1256; x_wconf 92' lang='lat' dir='ltr'><strong>hoc</strong></span> <span class='ocrx_word' id='word_1_131' title='bbox 1288 1212 1492 1267; x_wconf 90' lang='lat' dir='ltr'><strong>accipere</strong></span> 
     </span>
     <span class='ocr_line' id='line_1_19' title="bbox 165 1270 1490 1331; baseline -0.008 -11"><span class='ocrx_word' id='word_1_132' title='bbox 165 1283 207 1319; x_wconf 91' lang='lat' dir='ltr'><strong>et</strong></span> <span class='ocrx_word' id='word_1_133' title='bbox 235 1274 456 1331; x_wconf 90' lang='lat' dir='ltr'><strong>potuerint</strong></span> <span class='ocrx_word' id='word_1_134' title='bbox 485 1277 528 1315; x_wconf 90' lang='lat' dir='ltr'><strong>et</strong></span> <span class='ocrx_word' id='word_1_135' title='bbox 556 1270 805 1323; x_wconf 88' lang='lat' dir='ltr'><strong>maluerint,</strong></span> <span class='ocrx_word' id='word_1_136' title='bbox 835 1282 962 1312; x_wconf 90' lang='lat' dir='ltr'><strong>suam</strong></span> <span class='ocrx_word' id='word_1_137' title='bbox 993 1270 1177 1323; x_wconf 91' lang='lat' dir='ltr'><strong>quisque</strong></span> <span class='ocrx_word' id='word_1_138' title='bbox 1205 1271 1378 1324; x_wconf 90' lang='lat' dir='ltr'><strong>partem</strong></span> <span class='ocrx_word' id='word_1_139' title='bbox 1409 1281 1490 1323; x_wconf 91' lang='lat' dir='ltr'><strong>pro</strong></span> 
     </span>
     <span class='ocr_line' id='line_1_20' title="bbox 164 1324 1492 1385; baseline -0.007 -10"><span class='ocrx_word' id='word_1_140' title='bbox 164 1332 271 1375; x_wconf 86' lang='lat' dir='ltr'><strong>virili</strong></span> <span class='ocrx_word' id='word_1_141' title='bbox 307 1330 506 1385; x_wconf 89' lang='lat' dir='ltr'><strong>portione</strong></span> <span class='ocrx_word' id='word_1_142' title='bbox 546 1326 769 1382; x_wconf 80' lang='lat' dir='ltr'><strong>accipiat³</strong></span> <span class='ocrx_word' id='word_1_143' title='bbox 807 1330 851 1368; x_wconf 91' lang='lat' dir='ltr'><strong>et</strong></span> <span class='ocrx_word' id='word_1_144' title='bbox 880 1338 970 1370; x_wconf 90' lang='lat' dir='ltr'><strong>non</strong></span> <span class='ocrx_word' id='word_1_145' title='bbox 999 1324 1081 1368; x_wconf 91' lang='lat' dir='ltr'><strong>sibi</strong></span> <span class='ocrx_word' id='word_1_146' title='bbox 1112 1324 1408 1376; x_wconf 85' lang='lat' dir='ltr'><strong>blandiantur,</strong></span> <span class='ocrx_word' id='word_1_147' title='bbox 1441 1326 1492 1367; x_wconf 90' lang='lat' dir='ltr'><strong>ut</strong></span> 
     </span>
     <span class='ocr_line' id='line_1_21' title="bbox 164 1379 1490 1440; baseline -0.005 -11"><span class='ocrx_word' id='word_1_148' title='bbox 164 1400 272 1430; x_wconf 89' lang='lat' dir='ltr'><strong>unus</strong></span> <span class='ocrx_word' id='word_1_149' title='bbox 309 1384 480 1440; x_wconf 92' lang='lat' dir='ltr'><strong>quidem</strong></span> <span class='ocrx_word' id='word_1_150' title='bbox 515 1396 630 1438; x_wconf 91' lang='lat' dir='ltr'><strong>rem,</strong></span> <span class='ocrx_word' id='word_1_151' title='bbox 675 1382 750 1425; x_wconf 88' lang='lat' dir='ltr'><strong>alii</strong></span> <span class='ocrx_word' id='word_1_152' title='bbox 785 1385 933 1425; x_wconf 91' lang='lat' dir='ltr'><strong>autem</strong></span> <span class='ocrx_word' id='word_1_153' title='bbox 972 1381 1133 1436; x_wconf 86' lang='lat' dir='ltr'><strong>singuli</strong></span> <span class='ocrx_word' id='word_1_154' title='bbox 1171 1380 1355 1424; x_wconf 88' lang='lat' dir='ltr'><strong>solidam</strong></span> <span class='ocrx_word' id='word_1_155' title='bbox 1394 1379 1490 1423; x_wconf 91' lang='lat' dir='ltr'><strong>eius</strong></span> 
     </span>
     <span class='ocr_line' id='line_1_22' title="bbox 159 1436 1489 1492; baseline -0.005 -7"><span class='ocrx_word' id='word_1_156' title='bbox 159 1443 220 1485; x_wconf 89' lang='lat' dir='ltr'><strong>rei</strong></span> <span class='ocrx_word' id='word_1_157' title='bbox 262 1440 609 1484; x_wconf 84' lang='lat' dir='ltr'><strong>aestimationem</strong></span> <span class='ocrx_word' id='word_1_158' title='bbox 647 1438 852 1492; x_wconf 90' lang='lat' dir='ltr'><strong>accipere</strong></span> <span class='ocrx_word' id='word_1_159' title='bbox 892 1436 1162 1489; x_wconf 90' lang='lat' dir='ltr'><strong>desiderent,</strong></span> <span class='ocrx_word' id='word_1_160' title='bbox 1201 1449 1301 1480; x_wconf 91' lang='lat' dir='ltr'><strong>cum</strong></span> <span class='ocrx_word' id='word_1_161' title='bbox 1336 1436 1489 1479; x_wconf 91' lang='lat' dir='ltr'><strong>huius-</strong></span> 
     </span>
     <span class='ocr_line' id='line_1_23' title="bbox 158 1493 1490 1551; baseline -0.005 -11"><span class='ocrx_word' id='word_1_162' title='bbox 158 1498 274 1541; x_wconf 91' lang='lat' dir='ltr'><strong>modi</strong></span> <span class='ocrx_word' id='word_1_163' title='bbox 311 1495 622 1551; x_wconf 87' lang='lat' dir='ltr'><strong>legatariorum</strong></span> <span class='ocrx_word' id='word_1_164' title='bbox 658 1493 885 1537; x_wconf 89' lang='lat' dir='ltr'><strong>avaritiam</strong></span> <span class='ocrx_word' id='word_1_165' title='bbox 921 1493 1163 1546; x_wconf 88' lang='lat' dir='ltr'><strong>antiquitas</strong></span> <span class='ocrx_word' id='word_1_166' title='bbox 1192 1493 1316 1535; x_wconf 90' lang='lat' dir='ltr'><strong>varia</strong></span> <span class='ocrx_word' id='word_1_167' title='bbox 1344 1496 1490 1535; x_wconf 88' lang='lat' dir='ltr'><strong>mente</strong></span> 
     </span>
     <span class='ocr_line' id='line_1_24' title="bbox 158 1548 1490 1608; baseline -0.004 -12"><span class='ocrx_word' id='word_1_168' title='bbox 158 1553 363 1608; x_wconf 83' lang='lat' dir='ltr'><strong>suscepit,</strong></span> <span class='ocrx_word' id='word_1_169' title='bbox 401 1553 448 1595; x_wconf 94' lang='lat' dir='ltr'><strong>in</strong></span> <span class='ocrx_word' id='word_1_170' title='bbox 477 1564 566 1597; x_wconf 90' lang='lat' dir='ltr'><strong>uno</strong></span> <span class='ocrx_word' id='word_1_171' title='bbox 596 1549 899 1595; x_wconf 88' lang='lat' dir='ltr'><strong>tantummodo</strong></span> <span class='ocrx_word' id='word_1_172' title='bbox 927 1561 1087 1603; x_wconf 87' lang='lat' dir='ltr'><strong>genere</strong></span> <span class='ocrx_word' id='word_1_173' title='bbox 1116 1548 1250 1603; x_wconf 88' lang='lat' dir='ltr'><strong>legati</strong></span> <span class='ocrx_word' id='word_1_174' title='bbox 1289 1560 1387 1591; x_wconf 89' lang='lat' dir='ltr'><strong>eam</strong></span> <span class='ocrx_word' id='word_1_175' title='bbox 1416 1560 1490 1591; x_wconf 89' lang='lat' dir='ltr'><strong>ac-</strong></span> 
     </span>
     <span class='ocr_line' id='line_1_25' title="bbox 157 1605 1490 1664; baseline -0.005 -12"><span class='ocrx_word' id='word_1_176' title='bbox 157 1610 343 1664; x_wconf 86' lang='lat' dir='ltr'><strong>cipiens,</strong></span> <span class='ocrx_word' id='word_1_177' title='bbox 387 1609 433 1650; x_wconf 90' lang='lat' dir='ltr'><strong>in</strong></span> <span class='ocrx_word' id='word_1_178' title='bbox 477 1608 574 1650; x_wconf 90' lang='lat' dir='ltr'><strong>aliis</strong></span> <span class='ocrx_word' id='word_1_179' title='bbox 618 1605 910 1661; x_wconf 88' lang='lat' dir='ltr'><strong>respuendam</strong></span> <span class='ocrx_word' id='word_1_180' title='bbox 954 1618 1050 1648; x_wconf 91' lang='lat' dir='ltr'><strong>esse</strong></span> <span class='ocrx_word' id='word_1_181' title='bbox 1094 1605 1372 1658; x_wconf 84' lang='lat' dir='ltr'><strong>existimans,</strong></span> <span class='ocrx_word' id='word_1_182' title='bbox 1409 1617 1490 1647; x_wconf 91' lang='lat' dir='ltr'><strong>nos</strong></span> 
     </span>
     <span class='ocr_line' id='line_1_26' title="bbox 156 1661 1489 1716; baseline -0.004 -8"><span class='ocrx_word' id='word_1_183' title='bbox 156 1671 302 1708; x_wconf 87' lang='lat' dir='ltr'><strong>autem</strong></span> <span class='ocrx_word' id='word_1_184' title='bbox 341 1663 589 1708; x_wconf 91' lang='lat' dir='ltr'><strong>omnimodo</strong></span> <span class='ocrx_word' id='word_1_185' title='bbox 630 1661 905 1716; x_wconf 86' lang='lat' dir='ltr'><strong>repellimus,</strong></span> <span class='ocrx_word' id='word_1_186' title='bbox 946 1674 1080 1704; x_wconf 90' lang='lat' dir='ltr'><strong>unam</strong></span> <span class='ocrx_word' id='word_1_187' title='bbox 1121 1661 1324 1704; x_wconf 91' lang='lat' dir='ltr'><strong>omnibus</strong></span> <span class='ocrx_word' id='word_1_188' title='bbox 1360 1667 1489 1703; x_wconf 88' lang='lat' dir='ltr'><strong>natu-</strong></span> 
     </span>
     <span class='ocr_line' id='line_1_27' title="bbox 155 1717 1489 1774; baseline -0.004 -10"><span class='ocrx_word' id='word_1_189' title='bbox 155 1734 249 1763; x_wconf 90' lang='lat' dir='ltr'><strong>ram</strong></span> <span class='ocrx_word' id='word_1_190' title='bbox 292 1720 446 1774; x_wconf 90' lang='lat' dir='ltr'><strong>legatis</strong></span> <span class='ocrx_word' id='word_1_191' title='bbox 492 1724 535 1762; x_wconf 93' lang='lat' dir='ltr'><strong>et</strong></span> <span class='ocrx_word' id='word_1_192' title='bbox 577 1717 923 1761; x_wconf 88' lang='lat' dir='ltr'><strong>fideicommissis</strong></span> <span class='ocrx_word' id='word_1_193' title='bbox 970 1717 1243 1772; x_wconf 87' lang='lat' dir='ltr'><strong>imponentes</strong></span> <span class='ocrx_word' id='word_1_194' title='bbox 1288 1719 1332 1759; x_wconf 90' lang='lat' dir='ltr'><strong>et</strong></span> <span class='ocrx_word' id='word_1_195' title='bbox 1376 1717 1489 1759; x_wconf 88' lang='lat' dir='ltr'><strong>anti-</strong></span> 
     </span>
     <span class='ocr_line' id='line_1_28' title="bbox 156 1772 1487 1832; baseline -0.004 -12"><span class='ocrx_word' id='word_1_196' title='bbox 156 1790 286 1832; x_wconf 90' lang='lat' dir='ltr'><strong>quam</strong></span> <span class='ocrx_word' id='word_1_197' title='bbox 322 1775 639 1819; x_wconf 85' lang='lat' dir='ltr'><strong>dissonantiam</strong></span> <span class='ocrx_word' id='word_1_198' title='bbox 677 1775 723 1816; x_wconf 94' lang='lat' dir='ltr'><strong>in</strong></span> <span class='ocrx_word' id='word_1_199' title='bbox 761 1785 894 1816; x_wconf 89' lang='lat' dir='ltr'><strong>unam</strong></span> <span class='ocrx_word' id='word_1_200' title='bbox 933 1773 1158 1816; x_wconf 86' lang='lat' dir='ltr'><strong>trahentes</strong></span> <span class='ocrx_word' id='word_1_201' title='bbox 1191 1772 1487 1816; x_wconf 88' lang='lat' dir='ltr'><strong>concordiam.</strong></span> 
     </span>
     <span class='ocr_line' id='line_1_29' title="bbox 161 1828 1491 1882; baseline -0.005 -6"><span class='ocrx_word' id='word_1_202' title='bbox 161 1837 238 1876; x_wconf 76' lang='lat'><strong>110</strong></span> <span class='ocrx_word' id='word_1_203' title='bbox 295 1832 415 1875; x_wconf 89' lang='lat' dir='ltr'><strong>Haec</strong></span> <span class='ocrx_word' id='word_1_204' title='bbox 455 1834 603 1875; x_wconf 88' lang='lat' dir='ltr'><strong>autem</strong></span> <span class='ocrx_word' id='word_1_205' title='bbox 641 1831 704 1872; x_wconf 92' lang='lat' dir='ltr'><strong>ita</strong></span> <span class='ocrx_word' id='word_1_206' title='bbox 746 1829 842 1872; x_wconf 89' lang='lat' dir='ltr'><strong>fieri</strong></span> <span class='ocrx_word' id='word_1_207' title='bbox 886 1830 1130 1882; x_wconf 90' lang='lat' dir='ltr'><strong>sancimus,</strong></span> <span class='ocrx_word' id='word_1_208' title='bbox 1176 1828 1262 1871; x_wconf 91' lang='lat' dir='ltr'><strong>nisi</strong></span> <span class='ocrx_word' id='word_1_209' title='bbox 1303 1833 1491 1872; x_wconf 87' lang='lat' dir='ltr'><strong>testator</strong></span> 
     </span>
     <span class='ocr_line' id='line_1_30' title="bbox 157 1884 1490 1944; baseline -0.005 -12"><span class='ocrx_word' id='word_1_210' title='bbox 157 1888 432 1944; x_wconf 87' lang='lat' dir='ltr'><strong>apertissime</strong></span> <span class='ocrx_word' id='word_1_211' title='bbox 461 1890 507 1931; x_wconf 91' lang='lat' dir='ltr'><strong>et</strong></span> <span class='ocrx_word' id='word_1_212' title='bbox 535 1887 776 1941; x_wconf 87' lang='lat' dir='ltr'><strong>expressim</strong></span> <span class='ocrx_word' id='word_1_213' title='bbox 805 1884 1085 1940; x_wconf 87' lang='lat' dir='ltr'><strong>disposuerit,</strong></span> <span class='ocrx_word' id='word_1_214' title='bbox 1128 1889 1178 1928; x_wconf 89' lang='lat' dir='ltr'><strong>ut</strong></span> <span class='ocrx_word' id='word_1_215' title='bbox 1208 1885 1287 1928; x_wconf 93' lang='lat' dir='ltr'><strong>uni</strong></span> <span class='ocrx_word' id='word_1_216' title='bbox 1317 1884 1490 1938; x_wconf 91' lang='lat' dir='ltr'><strong>quidem</strong></span> 
     </span>
     <span class='ocr_line' id='line_1_31' title="bbox 157 1940 1490 1995; baseline -0.005 -7"><span class='ocrx_word' id='word_1_217' title='bbox 157 1946 257 1988; x_wconf 81' lang='lat' dir='ltr'><strong>res⁴</strong></span> <span class='ocrx_word' id='word_1_218' title='bbox 293 1943 457 1995; x_wconf 90' lang='lat' dir='ltr'><strong>solida,</strong></span> <span class='ocrx_word' id='word_1_219' title='bbox 508 1943 607 1985; x_wconf 91' lang='lat' dir='ltr'><strong>aliis</strong></span> <span class='ocrx_word' id='word_1_220' title='bbox 646 1945 793 1984; x_wconf 90' lang='lat' dir='ltr'><strong>autem</strong></span> <span class='ocrx_word' id='word_1_221' title='bbox 833 1940 1080 1984; x_wconf 89' lang='lat' dir='ltr'><strong>aestimatio</strong></span> <span class='ocrx_word' id='word_1_222' title='bbox 1122 1940 1187 1983; x_wconf 89' lang='lat' dir='ltr'><strong>rei</strong></span> <span class='ocrx_word' id='word_1_223' title='bbox 1223 1940 1405 1995; x_wconf 88' lang='lat' dir='ltr'><strong>singulis</strong></span> <span class='ocrx_word' id='word_1_224' title='bbox 1443 1941 1490 1983; x_wconf 90' lang='lat' dir='ltr'><strong>in</strong></span> 
     </span>
     <span class='ocr_line' id='line_1_32' title="bbox 162 1996 1488 2053; baseline -0.003 -10"><span class='ocrx_word' id='word_1_225' title='bbox 162 1999 243 2043; x_wconf 82' lang='lat' dir='ltr'><strong>11d</strong></span> <span class='ocrx_word' id='word_1_226' title='bbox 300 2000 486 2043; x_wconf 90' lang='lat' dir='ltr'><strong>solidum</strong></span> <span class='ocrx_word' id='word_1_227' title='bbox 515 2001 779 2053; x_wconf 87' lang='lat' dir='ltr'><strong>praestetur.</strong></span> <span class='ocrx_word' id='word_1_228' title='bbox 830 1997 907 2040; x_wconf 88' lang='lat' dir='ltr'><strong>Sin</strong></span> <span class='ocrx_word' id='word_1_229' title='bbox 937 2009 1038 2040; x_wconf 91' lang='lat' dir='ltr'><strong>vero</strong></span> <span class='ocrx_word' id='word_1_230' title='bbox 1070 2010 1157 2039; x_wconf 88' lang='lat' dir='ltr'><strong>non</strong></span> <span class='ocrx_word' id='word_1_231' title='bbox 1188 2009 1340 2040; x_wconf 90' lang='lat' dir='ltr'><strong>omnes</strong></span> <span class='ocrx_word' id='word_1_232' title='bbox 1369 1996 1488 2051; x_wconf 87' lang='lat' dir='ltr'><strong>lega-</strong></span> 
     </span>
     <span class='ocr_line' id='line_1_33' title="bbox 157 2052 1489 2110; baseline -0.003 -12"><span class='ocrx_word' id='word_1_233' title='bbox 157 2056 268 2109; x_wconf 88' lang='lat' dir='ltr'><strong>tarii,</strong></span> <span class='ocrx_word' id='word_1_234' title='bbox 301 2056 460 2110; x_wconf 91' lang='lat' dir='ltr'><strong>quibus</strong></span> <span class='ocrx_word' id='word_1_235' title='bbox 492 2054 730 2109; x_wconf 89' lang='lat' dir='ltr'><strong>separatim</strong></span> <span class='ocrx_word' id='word_1_236' title='bbox 759 2066 830 2096; x_wconf 91' lang='lat' dir='ltr'><strong>res</strong></span> <span class='ocrx_word' id='word_1_237' title='bbox 861 2052 1015 2096; x_wconf 91' lang='lat' dir='ltr'><strong>relicta</strong></span> <span class='ocrx_word' id='word_1_238' title='bbox 1045 2052 1115 2104; x_wconf 86' lang='lat' dir='ltr'><strong>sit,</strong></span> <span class='ocrx_word' id='word_1_239' title='bbox 1145 2053 1190 2095; x_wconf 93' lang='lat' dir='ltr'><strong>in</strong></span> <span class='ocrx_word' id='word_1_240' title='bbox 1215 2053 1308 2098; x_wconf 85' lang='lat' dir='ltr'><strong>eius</strong></span> <span class='ocrx_word' id='word_1_241' title='bbox 1334 2052 1489 2107; x_wconf 89' lang='lat' dir='ltr'><strong>adqui-</strong></span> 
     </span>
     <span class='ocr_line' id='line_1_34' title="bbox 156 2108 1487 2163; baseline -0.004 -8"><span class='ocrx_word' id='word_1_242' title='bbox 156 2112 356 2155; x_wconf 82' lang='lat' dir='ltr'><strong>sitionem</strong></span> <span class='ocrx_word' id='word_1_243' title='bbox 395 2112 684 2161; x_wconf 85' lang='lat' dir='ltr'><strong>concurrant,</strong></span> <span class='ocrx_word' id='word_1_244' title='bbox 725 2109 803 2152; x_wconf 89' lang='lat' dir='ltr'><strong>sed</strong></span> <span class='ocrx_word' id='word_1_245' title='bbox 841 2122 955 2151; x_wconf 92' lang='lat' dir='ltr'><strong>unus</strong></span> <span class='ocrx_word' id='word_1_246' title='bbox 995 2108 1111 2151; x_wconf 88' lang='lat' dir='ltr'><strong>forte</strong></span> <span class='ocrx_word' id='word_1_247' title='bbox 1151 2121 1247 2151; x_wconf 90' lang='lat' dir='ltr'><strong>eam</strong></span> <span class='ocrx_word' id='word_1_248' title='bbox 1280 2108 1487 2163; x_wconf 88' lang='lat' dir='ltr'><strong>accipiat,</strong></span> 
     </span>
     <span class='ocr_line' id='line_1_35' title="bbox 155 2164 1488 2220; baseline -0.003 -9"><span class='ocrx_word' id='word_1_249' title='bbox 155 2168 266 2211; x_wconf 88' lang='lat' dir='ltr'><strong>haec</strong></span> <span class='ocrx_word' id='word_1_250' title='bbox 304 2167 445 2210; x_wconf 89' lang='lat' dir='ltr'><strong>solida</strong></span> <span class='ocrx_word' id='word_1_251' title='bbox 474 2166 568 2209; x_wconf 87' lang='lat' dir='ltr'><strong>eius</strong></span> <span class='ocrx_word' id='word_1_252' title='bbox 599 2166 679 2217; x_wconf 90' lang='lat' dir='ltr'><strong>sit,</strong></span> <span class='ocrx_word' id='word_1_253' title='bbox 722 2165 825 2220; x_wconf 88' lang='lat' dir='ltr'><strong>quia</strong></span> <span class='ocrx_word' id='word_1_254' title='bbox 858 2177 998 2207; x_wconf 88' lang='lat' dir='ltr'><strong>sermo</strong></span> <span class='ocrx_word' id='word_1_255' title='bbox 1030 2164 1255 2209; x_wconf 85' lang='lat' dir='ltr'><strong>testatoris</strong></span> <span class='ocrx_word' id='word_1_256' title='bbox 1286 2165 1488 2207; x_wconf 90' lang='lat' dir='ltr'><strong>omnibus</strong></span> 
     </span>
     <span class='ocr_line' id='line_1_36' title="bbox 155 2219 1487 2279; baseline -0.003 -13"><span class='ocrx_word' id='word_1_257' title='bbox 155 2224 296 2279; x_wconf 88' lang='lat' dir='ltr'><strong>prima</strong></span> <span class='ocrx_word' id='word_1_258' title='bbox 333 2222 447 2265; x_wconf 81' lang='lat' dir='ltr'><strong>facie</strong></span> <span class='ocrx_word' id='word_1_259' title='bbox 485 2221 672 2265; x_wconf 92' lang='lat' dir='ltr'><strong>solidum</strong></span> <span class='ocrx_word' id='word_1_260' title='bbox 709 2221 942 2274; x_wconf 83' lang='lat' dir='ltr'><strong>adsignare</strong></span> <span class='ocrx_word' id='word_1_261' title='bbox 971 2220 1164 2269; x_wconf 88' lang='lat' dir='ltr'><strong>videtur,</strong></span> <span class='ocrx_word' id='word_1_262' title='bbox 1204 2219 1301 2262; x_wconf 91' lang='lat' dir='ltr'><strong>aliis</strong></span> <span class='ocrx_word' id='word_1_263' title='bbox 1333 2232 1487 2275; x_wconf 90' lang='lat' dir='ltr'><strong>super-</strong></span> 
     </span>
     <span class='ocr_line' id='line_1_37' title="bbox 155 2276 1488 2331; baseline -0.004 -9"><span class='ocrx_word' id='word_1_264' title='bbox 155 2278 426 2322; x_wconf 88' lang='lat' dir='ltr'><strong>venientibus</strong></span> <span class='ocrx_word' id='word_1_265' title='bbox 466 2280 638 2331; x_wconf 88' lang='lat' dir='ltr'><strong>partem</strong></span> <span class='ocrx_word' id='word_1_266' title='bbox 677 2288 704 2318; x_wconf 88' lang='lat' dir='ltr'><strong>a</strong></span> <span class='ocrx_word' id='word_1_267' title='bbox 741 2277 891 2331; x_wconf 89' lang='lat' dir='ltr'><strong>priore</strong></span> <span class='ocrx_word' id='word_1_268' title='bbox 929 2276 1314 2329; x_wconf 87' lang='lat' dir='ltr'><strong>abstrahentibus,</strong></span> <span class='ocrx_word' id='word_1_269' title='bbox 1355 2282 1405 2318; x_wconf 90' lang='lat' dir='ltr'><strong>ut</strong></span> <span class='ocrx_word' id='word_1_270' title='bbox 1433 2288 1488 2318; x_wconf 85' lang='lat' dir='ltr'><strong>ex</strong></span> 
     </span>
     <span class='ocr_line' id='line_1_38' title="bbox 152 2331 1486 2388; baseline -0.001 -12"><span class='ocrx_word' id='word_1_271' title='bbox 152 2335 336 2379; x_wconf 89' lang='lat' dir='ltr'><strong>aliorum</strong></span> <span class='ocrx_word' id='word_1_272' title='bbox 367 2333 540 2388; x_wconf 89' lang='lat' dir='ltr'><strong>quidem</strong></span> <span class='ocrx_word' id='word_1_273' title='bbox 570 2344 791 2375; x_wconf 84' lang='lat' dir='ltr'><strong>concursu</strong></span> <span class='ocrx_word' id='word_1_274' title='bbox 819 2331 981 2386; x_wconf 90' lang='lat' dir='ltr'><strong>prioris</strong></span> <span class='ocrx_word' id='word_1_275' title='bbox 1017 2332 1207 2385; x_wconf 90' lang='lat' dir='ltr'><strong>legatum</strong></span> <span class='ocrx_word' id='word_1_276' title='bbox 1246 2331 1486 2382; x_wconf 90' lang='lat' dir='ltr'><strong>minuatur,</strong></span> 
     </span>
     <span class='ocr_line' id='line_1_39' title="bbox 153 2386 1486 2441; baseline -0.002 -8"><span class='ocrx_word' id='word_1_277' title='bbox 153 2391 219 2433; x_wconf 89' lang='lat' dir='ltr'><strong>sin</strong></span> <span class='ocrx_word' id='word_1_278' title='bbox 249 2402 349 2433; x_wconf 89' lang='lat' dir='ltr'><strong>vero</strong></span> <span class='ocrx_word' id='word_1_279' title='bbox 380 2401 506 2431; x_wconf 91' lang='lat' dir='ltr'><strong>nemo</strong></span> <span class='ocrx_word' id='word_1_280' title='bbox 537 2388 651 2431; x_wconf 91' lang='lat' dir='ltr'><strong>alius</strong></span> <span class='ocrx_word' id='word_1_281' title='bbox 681 2387 828 2430; x_wconf 90' lang='lat' dir='ltr'><strong>veniat</strong></span> <span class='ocrx_word' id='word_1_282' title='bbox 856 2387 924 2429; x_wconf 91' lang='lat' dir='ltr'><strong>vel</strong></span> <span class='ocrx_word' id='word_1_283' title='bbox 953 2388 1102 2430; x_wconf 88' lang='lat' dir='ltr'><strong>venire</strong></span> <span class='ocrx_word' id='word_1_284' title='bbox 1131 2386 1340 2441; x_wconf 91' lang='lat' dir='ltr'><strong>potuerit,</strong></span> <span class='ocrx_word' id='word_1_285' title='bbox 1379 2390 1486 2430; x_wconf 90' lang='lat' dir='ltr'><strong>tunc</strong></span> 
     </span>
     <span class='ocr_line' id='line_1_40' title="bbox 151 2442 1486 2498; baseline -0.002 -10"><span class='ocrx_word' id='word_1_286' title='bbox 151 2459 238 2489; x_wconf 91' lang='lat' dir='ltr'><strong>non</strong></span> <span class='ocrx_word' id='word_1_287' title='bbox 273 2449 490 2488; x_wconf 86' lang='lat' dir='ltr'><strong>vacuatur</strong></span> <span class='ocrx_word' id='word_1_288' title='bbox 528 2456 633 2498; x_wconf 91' lang='lat' dir='ltr'><strong>pars</strong></span> <span class='ocrx_word' id='word_1_289' title='bbox 673 2455 786 2498; x_wconf 91' lang='lat' dir='ltr'><strong>quae</strong></span> <span class='ocrx_word' id='word_1_290' title='bbox 826 2442 989 2487; x_wconf 85' lang='lat' dir='ltr'><strong>defecit</strong></span> <span class='ocrx_word' id='word_1_291' title='bbox 1026 2455 1108 2486; x_wconf 92' lang='lat' dir='ltr'><strong>nec</strong></span> <span class='ocrx_word' id='word_1_292' title='bbox 1148 2442 1224 2484; x_wconf 91' lang='lat' dir='ltr'><strong>alii</strong></span> <span class='ocrx_word' id='word_1_293' title='bbox 1253 2442 1486 2495; x_wconf 89' lang='lat' dir='ltr'><strong>adcrescit,</strong></span> 
     </span>
     <span class='ocr_line' id='line_1_41' title="bbox 154 2498 1484 2556; baseline -0.004 -11"><span class='ocrx_word' id='word_1_294' title='bbox 154 2505 202 2545; x_wconf 92' lang='lat' dir='ltr'><strong>ut</strong></span> <span class='ocrx_word' id='word_1_295' title='bbox 230 2502 322 2545; x_wconf 89' lang='lat' dir='ltr'><strong>eius</strong></span> <span class='ocrx_word' id='word_1_296' title='bbox 353 2501 429 2556; x_wconf 91' lang='lat' dir='ltr'><strong>qui</strong></span> <span class='ocrx_word' id='word_1_297' title='bbox 457 2500 623 2555; x_wconf 89' lang='lat' dir='ltr'><strong>primus</strong></span> <span class='ocrx_word' id='word_1_298' title='bbox 652 2499 827 2553; x_wconf 90' lang='lat' dir='ltr'><strong>accepit</strong></span> <span class='ocrx_word' id='word_1_299' title='bbox 861 2499 1051 2552; x_wconf 89' lang='lat' dir='ltr'><strong>legatum</strong></span> <span class='ocrx_word' id='word_1_300' title='bbox 1081 2509 1244 2553; x_wconf 85' lang='lat' dir='ltr'><strong>augere</strong></span> <span class='ocrx_word' id='word_1_301' title='bbox 1273 2498 1484 2552; x_wconf 90' lang='lat' dir='ltr'><strong>videatur,</strong></span> 
     </span>
     <span class='ocr_line' id='line_1_42' title="bbox 151 2554 1485 2613; baseline -0.001 -13"><span class='ocrx_word' id='word_1_302' title='bbox 151 2558 228 2601; x_wconf 90' lang='lat' dir='ltr'><strong>sed</strong></span> <span class='ocrx_word' id='word_1_303' title='bbox 258 2556 377 2613; x_wconf 89' lang='lat' dir='ltr'><strong>apud</strong></span> <span class='ocrx_word' id='word_1_304' title='bbox 404 2556 551 2612; x_wconf 91' lang='lat' dir='ltr'><strong>ipsum</strong></span> <span class='ocrx_word' id='word_1_305' title='bbox 582 2555 655 2610; x_wconf 90' lang='lat' dir='ltr'><strong>qui</strong></span> <span class='ocrx_word' id='word_1_306' title='bbox 683 2555 821 2597; x_wconf 88' lang='lat' dir='ltr'><strong>habet</strong></span> <span class='ocrx_word' id='word_1_307' title='bbox 849 2554 990 2597; x_wconf 89' lang='lat' dir='ltr'><strong>solida</strong></span> <span class='ocrx_word' id='word_1_308' title='bbox 1019 2566 1091 2598; x_wconf 92' lang='lat' dir='ltr'><strong>res</strong></span> <span class='ocrx_word' id='word_1_309' title='bbox 1114 2558 1291 2597; x_wconf 87' lang='lat' dir='ltr'><strong>maneat</strong></span> <span class='ocrx_word' id='word_1_310' title='bbox 1320 2554 1485 2598; x_wconf 89' lang='lat' dir='ltr'><strong>nullius</strong></span> 
     </span>
     <span class='ocr_line' id='line_1_43' title="bbox 155 2610 1484 2657; baseline -0.001 -2"><span class='ocrx_word' id='word_1_311' title='bbox 155 2619 229 2657; x_wconf 83' lang='lat' dir='ltr'><strong>11e</strong></span> <span class='ocrx_word' id='word_1_312' title='bbox 286 2626 506 2656; x_wconf 89' lang='lat' dir='ltr'><strong>concursu</strong></span> <span class='ocrx_word' id='word_1_313' title='bbox 536 2611 773 2654; x_wconf 90' lang='lat' dir='ltr'><strong>deminuta.</strong></span> <span class='ocrx_word' id='word_1_314' title='bbox 832 2610 894 2656; x_wconf 88' lang='lat' dir='ltr'><strong>Et</strong></span> <span class='ocrx_word' id='word_1_315' title='bbox 931 2610 1029 2654; x_wconf 91' lang='lat' dir='ltr'><strong>ideo</strong></span> <span class='ocrx_word' id='word_1_316' title='bbox 1063 2610 1102 2654; x_wconf 91' lang='lat' dir='ltr'><strong>si</strong></span> <span class='ocrx_word' id='word_1_317' title='bbox 1132 2623 1242 2654; x_wconf 91' lang='lat' dir='ltr'><strong>onus</strong></span> <span class='ocrx_word' id='word_1_318' title='bbox 1274 2610 1408 2654; x_wconf 89' lang='lat' dir='ltr'><strong>fuerit</strong></span> <span class='ocrx_word' id='word_1_319' title='bbox 1439 2610 1484 2654; x_wconf 90' lang='lat' dir='ltr'><strong>in</strong></span> 
     </span>
     <span class='ocr_line' id='line_1_44' title="bbox 152 2666 1484 2723; baseline -0.002 -12"><span class='ocrx_word' id='word_1_320' title='bbox 152 2682 385 2723; x_wconf 87' lang='lat' dir='ltr'><strong>personam</strong></span> <span class='ocrx_word' id='word_1_321' title='bbox 427 2669 543 2722; x_wconf 91' lang='lat' dir='ltr'><strong>eius,</strong></span> <span class='ocrx_word' id='word_1_322' title='bbox 589 2666 708 2722; x_wconf 90' lang='lat' dir='ltr'><strong>apud</strong></span> <span class='ocrx_word' id='word_1_323' title='bbox 747 2679 875 2722; x_wconf 87' lang='lat' dir='ltr'><strong>quem</strong></span> <span class='ocrx_word' id='word_1_324' title='bbox 914 2670 1112 2709; x_wconf 86' lang='lat' dir='ltr'><strong>remanet</strong></span> <span class='ocrx_word' id='word_1_325' title='bbox 1150 2667 1365 2722; x_wconf 86' lang='lat' dir='ltr'><strong>legatum,</strong></span> <span class='ocrx_word' id='word_1_326' title='bbox 1406 2667 1484 2709; x_wconf 87' lang='lat' dir='ltr'><strong>ad-</strong></span> 
     </span>
     <span class='ocr_line' id='line_1_45' title="bbox 155 2722 1485 2780; baseline -0.002 -13"><span class='ocrx_word' id='word_1_327' title='bbox 155 2726 388 2780; x_wconf 90' lang='lat' dir='ltr'><strong>scriptum,</strong></span> <span class='ocrx_word' id='word_1_328' title='bbox 432 2725 517 2767; x_wconf 93' lang='lat' dir='ltr'><strong>hoc</strong></span> <span class='ocrx_word' id='word_1_329' title='bbox 562 2723 810 2767; x_wconf 90' lang='lat' dir='ltr'><strong>omnimodo</strong></span> <span class='ocrx_word' id='word_1_330' title='bbox 864 2722 1125 2778; x_wconf 89' lang='lat' dir='ltr'><strong>adimpleat,</strong></span> <span class='ocrx_word' id='word_1_331' title='bbox 1177 2728 1227 2765; x_wconf 91' lang='lat' dir='ltr'><strong>ut</strong></span> <span class='ocrx_word' id='word_1_332' title='bbox 1269 2723 1485 2766; x_wconf 89' lang='lat' dir='ltr'><strong>voluntati</strong></span> 
     </span>
     <span class='ocr_line' id='line_1_46' title="bbox 158 2778 1484 2837; baseline 0 -16"><span class='ocrx_word' id='word_1_333' title='bbox 158 2786 199 2822; x_wconf 81' lang='grc'><strong>11</strong></span> <span class='ocrx_word' id='word_1_334' title='bbox 205 2781 240 2837; x_wconf 82' lang='lat' dir='ltr'><em>f</em></span> <span class='ocrx_word' id='word_1_335' title='bbox 294 2780 521 2824; x_wconf 89' lang='lat' dir='ltr'><strong>testatoris</strong></span> <span class='ocrx_word' id='word_1_336' title='bbox 550 2784 775 2835; x_wconf 88' lang='lat' dir='ltr'><strong>pareatur.</strong></span> <span class='ocrx_word' id='word_1_337' title='bbox 849 2778 926 2822; x_wconf 90' lang='lat' dir='ltr'><strong>Sin</strong></span> <span class='ocrx_word' id='word_1_338' title='bbox 955 2783 1104 2822; x_wconf 90' lang='lat' dir='ltr'><strong>autem</strong></span> <span class='ocrx_word' id='word_1_339' title='bbox 1142 2778 1199 2822; x_wconf 91' lang='lat' dir='ltr'><strong>ad</strong></span> <span class='ocrx_word' id='word_1_340' title='bbox 1239 2778 1484 2822; x_wconf 77' lang='lat' dir='ltr'><strong>deficIentis</strong></span> 
     </span>
     <span class='ocr_line' id='line_1_47' title="bbox 152 2834 1483 2892; baseline -0.001 -13"><span class='ocrx_word' id='word_1_341' title='bbox 152 2849 383 2892; x_wconf 85' lang='lat' dir='ltr'><strong>personam</strong></span> <span class='ocrx_word' id='word_1_342' title='bbox 422 2849 532 2880; x_wconf 92' lang='lat' dir='ltr'><strong>onus</strong></span> <span class='ocrx_word' id='word_1_343' title='bbox 573 2835 709 2878; x_wconf 87' lang='lat' dir='ltr'><strong>fuerit</strong></span> <span class='ocrx_word' id='word_1_344' title='bbox 738 2834 970 2887; x_wconf 91' lang='lat' dir='ltr'><strong>collatum,</strong></span> <span class='ocrx_word' id='word_1_345' title='bbox 1003 2835 1091 2878; x_wconf 90' lang='lat' dir='ltr'><strong>hoc</strong></span> <span class='ocrx_word' id='word_1_346' title='bbox 1118 2847 1209 2878; x_wconf 92' lang='lat' dir='ltr'><strong>non</strong></span> <span class='ocrx_word' id='word_1_347' title='bbox 1239 2835 1403 2878; x_wconf 89' lang='lat' dir='ltr'><strong>sentiat</strong></span> <span class='ocrx_word' id='word_1_348' title='bbox 1431 2835 1483 2889; x_wconf 93' lang='lat' dir='ltr'><strong>is,</strong></span> 
     </span>
     <span class='ocr_line' id='line_1_48' title="bbox 153 2890 1484 2947; baseline -0.002 -12"><span class='ocrx_word' id='word_1_349' title='bbox 153 2892 229 2947; x_wconf 90' lang='lat' dir='ltr'><strong>qui</strong></span> <span class='ocrx_word' id='word_1_350' title='bbox 271 2905 361 2936; x_wconf 93' lang='lat' dir='ltr'><strong>non</strong></span> <span class='ocrx_word' id='word_1_351' title='bbox 405 2892 618 2943; x_wconf 89' lang='lat' dir='ltr'><strong>alienum,</strong></span> <span class='ocrx_word' id='word_1_352' title='bbox 672 2890 751 2934; x_wconf 90' lang='lat' dir='ltr'><strong>sed</strong></span> <span class='ocrx_word' id='word_1_353' title='bbox 803 2903 932 2934; x_wconf 91' lang='lat' dir='ltr'><strong>suum</strong></span> <span class='ocrx_word' id='word_1_354' title='bbox 973 2890 1166 2946; x_wconf 87' lang='lat' dir='ltr'><strong>legatum</strong></span> <span class='ocrx_word' id='word_1_355' title='bbox 1207 2891 1484 2938; x_wconf 89' lang='lat' dir='ltr'><strong>imminutum</strong></span> 
     </span>
     <span class='ocr_line' id='line_1_49' title="bbox 156 2946 1483 3004; baseline 0 -14"><span class='ocrx_word' id='word_1_356' title='bbox 156 2951 238 3004; x_wconf 70' lang='lat'><strong>119</strong></span> <span class='ocrx_word' id='word_1_357' title='bbox 294 2948 439 2992; x_wconf 88' lang='lat' dir='ltr'><strong>habet.</strong></span> <span class='ocrx_word' id='word_1_358' title='bbox 494 2948 583 2991; x_wconf 86' lang='lat' dir='ltr'><strong>Et⁵</strong></span> <span class='ocrx_word' id='word_1_359' title='bbox 611 2946 836 2991; x_wconf 89' lang='lat' dir='ltr'><strong>varietatis</strong></span> <span class='ocrx_word' id='word_1_360' title='bbox 865 2961 956 2990; x_wconf 91' lang='lat' dir='ltr'><strong>non</strong></span> <span class='ocrx_word' id='word_1_361' title='bbox 983 2947 1030 2989; x_wconf 93' lang='lat' dir='ltr'><strong>in</strong></span> <span class='ocrx_word' id='word_1_362' title='bbox 1060 2947 1237 2990; x_wconf 90' lang='lat' dir='ltr'><strong>occulto</strong></span> <span class='ocrx_word' id='word_1_363' title='bbox 1268 2946 1327 2990; x_wconf 91' lang='lat' dir='ltr'><strong>sit</strong></span> <span class='ocrx_word' id='word_1_364' title='bbox 1355 2947 1483 3000; x_wconf 89' lang='lat' dir='ltr'><strong>ratio,</strong></span> 
     </span>
     <span class='ocr_line' id='line_1_50' title="bbox 153 3002 1483 3058; baseline -0.001 -11"><span class='ocrx_word' id='word_1_365' title='bbox 153 3017 250 3047; x_wconf 92' lang='lat' dir='ltr'><strong>cum</strong></span> <span class='ocrx_word' id='word_1_366' title='bbox 279 3004 375 3048; x_wconf 91' lang='lat' dir='ltr'><strong>ideo</strong></span> <span class='ocrx_word' id='word_1_367' title='bbox 398 3003 569 3047; x_wconf 92' lang='lat' dir='ltr'><strong>videtur</strong></span> <span class='ocrx_word' id='word_1_368' title='bbox 597 3008 784 3047; x_wconf 88' lang='lat' dir='ltr'><strong>testator</strong></span> <span class='ocrx_word' id='word_1_369' title='bbox 815 3002 1067 3046; x_wconf 89' lang='lat' dir='ltr'><strong>disiunctim</strong></span> <span class='ocrx_word' id='word_1_370' title='bbox 1096 3003 1207 3046; x_wconf 89' lang='lat' dir='ltr'><strong>haec</strong></span> <span class='ocrx_word' id='word_1_371' title='bbox 1236 3003 1483 3058; x_wconf 88' lang='lat' dir='ltr'><strong>reliquisse,</strong></span> 
     </span>
     <span class='ocr_line' id='line_1_51' title="bbox 150 3059 1480 3115; baseline -0.001 -13"><span class='ocrx_word' id='word_1_372' title='bbox 150 3063 201 3103; x_wconf 93' lang='lat' dir='ltr'><strong>ut</strong></span> <span class='ocrx_word' id='word_1_373' title='bbox 239 3060 539 3115; x_wconf 89' lang='lat' dir='ltr'><strong>unusquisque</strong></span> <span class='ocrx_word' id='word_1_374' title='bbox 576 3072 706 3104; x_wconf 91' lang='lat' dir='ltr'><strong>suum</strong></span> <span class='ocrx_word' id='word_1_375' title='bbox 743 3071 873 3113; x_wconf 91' lang='lat' dir='ltr'><strong>onus,</strong></span> <span class='ocrx_word' id='word_1_376' title='bbox 912 3072 1002 3103; x_wconf 91' lang='lat' dir='ltr'><strong>non</strong></span> <span class='ocrx_word' id='word_1_377' title='bbox 1032 3059 1221 3102; x_wconf 91' lang='lat' dir='ltr'><strong>alienum</strong></span> <span class='ocrx_word' id='word_1_378' title='bbox 1252 3063 1480 3114; x_wconf 85' lang='lat' dir='ltr'><strong>agnoscat.</strong></span> 
     </span>
     <span class='ocr_line' id='line_1_52' title="bbox 151 3114 1483 3167; baseline 0 -10"><span class='ocrx_word' id='word_1_379' title='bbox 151 3128 249 3158; x_wconf 90' lang='lat' dir='ltr'><strong>nam</strong></span> <span class='ocrx_word' id='word_1_380' title='bbox 293 3117 330 3159; x_wconf 90' lang='lat' dir='ltr'><strong>si</strong></span> <span class='ocrx_word' id='word_1_381' title='bbox 374 3116 642 3160; x_wconf 89' lang='lat' dir='ltr'><strong>contrarium</strong></span> <span class='ocrx_word' id='word_1_382' title='bbox 684 3116 884 3167; x_wconf 88' lang='lat' dir='ltr'><strong>volebat,</strong></span> <span class='ocrx_word' id='word_1_383' title='bbox 934 3116 1056 3158; x_wconf 88' lang='lat' dir='ltr'><strong>nulla</strong></span> <span class='ocrx_word' id='word_1_384' title='bbox 1101 3118 1198 3158; x_wconf 91' lang='lat' dir='ltr'><strong>erat</strong></span> <span class='ocrx_word' id='word_1_385' title='bbox 1241 3114 1483 3159; x_wconf 87' lang='lat' dir='ltr'><strong>difficultas</strong></span> 
     </span>
     <span class='ocr_line' id='line_1_53' title="bbox 159 3171 1483 3227; baseline 0.002 -14"><span class='ocrx_word' id='word_1_386' title='bbox 159 3175 203 3214; x_wconf 79' lang='lat'><strong>12</strong></span> <span class='ocrx_word' id='word_1_387' title='bbox 262 3172 524 3215; x_wconf 88' lang='lat' dir='ltr'><strong>coniunctim</strong></span> <span class='ocrx_word' id='word_1_388' title='bbox 564 3185 617 3216; x_wconf 91' lang='lat' dir='ltr'><strong>ea</strong></span> <span class='ocrx_word' id='word_1_389' title='bbox 652 3171 899 3227; x_wconf 87' lang='lat' dir='ltr'><strong>disponere.</strong></span> <span class='ocrx_word' id='word_1_390' title='bbox 960 3171 1082 3226; x_wconf 79' lang='lat' dir='ltr'><strong>Quae</strong></span> <span class='ocrx_word' id='word_1_391' title='bbox 1113 3176 1259 3217; x_wconf 88' lang='lat' dir='ltr'><strong>autem</strong></span> <span class='ocrx_word' id='word_1_392' title='bbox 1289 3171 1483 3226; x_wconf 85' lang='lat' dir='ltr'><strong>antiquis</strong></span> 
     </span>
     <span class='ocr_line' id='line_1_54' title="bbox 152 3227 1482 3283; baseline 0.002 -16"><span class='ocrx_word' id='word_1_393' title='bbox 152 3227 318 3280; x_wconf 86' lang='lat' dir='ltr'><strong>legibus</strong></span> <span class='ocrx_word' id='word_1_394' title='bbox 348 3228 468 3271; x_wconf 88' lang='lat' dir='ltr'><strong>dicta</strong></span> <span class='ocrx_word' id='word_1_395' title='bbox 505 3234 608 3272; x_wconf 89' lang='lat' dir='ltr'><strong>sunt</strong></span> <span class='ocrx_word' id='word_1_396' title='bbox 644 3229 698 3271; x_wconf 88' lang='lat' dir='ltr'><strong>de</strong></span> <span class='ocrx_word' id='word_1_397' title='bbox 734 3228 801 3271; x_wconf 90' lang='lat' dir='ltr'><strong>his</strong></span> <span class='ocrx_word' id='word_1_398' title='bbox 832 3240 945 3283; x_wconf 89' lang='lat' dir='ltr'><strong>quae</strong></span> <span class='ocrx_word' id='word_1_399' title='bbox 974 3233 1025 3271; x_wconf 92' lang='lat' dir='ltr'><strong>ut</strong></span> <span class='ocrx_word' id='word_1_400' title='bbox 1051 3227 1242 3283; x_wconf 86' lang='lat' dir='ltr'><strong>indignis</strong></span> <span class='ocrx_word' id='word_1_401' title='bbox 1271 3227 1482 3271; x_wconf 83' lang='lat' dir='ltr'><strong>auferun-</strong></span> 
     </span>
     <span class='ocr_line' id='line_1_55' title="bbox 154 3283 1483 3336; baseline 0.002 -13"><span class='ocrx_word' id='word_1_402' title='bbox 154 3287 238 3334; x_wconf 88' lang='lat' dir='ltr'><strong>tur,</strong></span> <span class='ocrx_word' id='word_1_403' title='bbox 283 3287 327 3325; x_wconf 92' lang='lat' dir='ltr'><strong>et</strong></span> <span class='ocrx_word' id='word_1_404' title='bbox 366 3296 446 3327; x_wconf 91' lang='lat' dir='ltr'><strong>nos</strong></span> <span class='ocrx_word' id='word_1_405' title='bbox 485 3284 615 3327; x_wconf 88' lang='lat' dir='ltr'><strong>simili</strong></span> <span class='ocrx_word' id='word_1_406' title='bbox 641 3284 772 3328; x_wconf 89' lang='lat' dir='ltr'><strong>modo</strong></span> <span class='ocrx_word' id='word_1_407' title='bbox 809 3284 978 3327; x_wconf 89' lang='lat' dir='ltr'><strong>intacta</strong></span> <span class='ocrx_word' id='word_1_408' title='bbox 1017 3296 1263 3336; x_wconf 86' lang='lat' dir='ltr'><strong>servamus,</strong></span> <span class='ocrx_word' id='word_1_409' title='bbox 1309 3283 1399 3327; x_wconf 88' lang='lat' dir='ltr'><strong>sive</strong></span> <span class='ocrx_word' id='word_1_410' title='bbox 1437 3284 1483 3326; x_wconf 95' lang='lat' dir='ltr'><strong>in</strong></span> 
     </span>
     <span class='ocr_line' id='line_1_56' title="bbox 153 3338 1480 3396; baseline 0.002 -16"><span class='ocrx_word' id='word_1_411' title='bbox 153 3339 350 3382; x_wconf 87' lang='lat' dir='ltr'><strong>nostrum</strong></span> <span class='ocrx_word' id='word_1_412' title='bbox 391 3338 546 3382; x_wconf 90' lang='lat' dir='ltr'><strong>fiscum</strong></span> <span class='ocrx_word' id='word_1_413' title='bbox 591 3340 679 3383; x_wconf 89' lang='lat' dir='ltr'><strong>sive</strong></span> <span class='ocrx_word' id='word_1_414' title='bbox 720 3340 768 3383; x_wconf 91' lang='lat' dir='ltr'><strong>in</strong></span> <span class='ocrx_word' id='word_1_415' title='bbox 807 3341 916 3384; x_wconf 88' lang='lat' dir='ltr'><strong>alias</strong></span> <span class='ocrx_word' id='word_1_416' title='bbox 953 3353 1166 3396; x_wconf 83' lang='lat' dir='ltr'><strong>personas</strong></span> <span class='ocrx_word' id='word_1_417' title='bbox 1210 3340 1480 3396; x_wconf 88' lang='lat' dir='ltr'><strong>perveniant.</strong></span> 
     </span>
     <span class='ocr_line' id='line_1_57' title="bbox 159 3392 1481 3451; baseline 0.002 -16"><span class='ocrx_word' id='word_1_418' title='bbox 159 3396 207 3436; x_wconf 88' lang='lat'><strong>13</strong></span> <span class='ocrx_word' id='word_1_419' title='bbox 266 3392 374 3436; x_wconf 89' lang='lat' dir='ltr'><strong>Cum</strong></span> <span class='ocrx_word' id='word_1_420' title='bbox 412 3398 555 3437; x_wconf 91' lang='lat' dir='ltr'><strong>autem</strong></span> <span class='ocrx_word' id='word_1_421' title='bbox 594 3396 639 3438; x_wconf 92' lang='lat' dir='ltr'><strong>in</strong></span> <span class='ocrx_word' id='word_1_422' title='bbox 677 3396 900 3450; x_wconf 90' lang='lat' dir='ltr'><strong>superiore</strong></span> <span class='ocrx_word' id='word_1_423' title='bbox 936 3399 1064 3451; x_wconf 89' lang='lat' dir='ltr'><strong>parte</strong></span> <span class='ocrx_word' id='word_1_424' title='bbox 1093 3396 1231 3451; x_wconf 81' lang='lat' dir='ltr'><strong>legis⁶</strong></span> <span class='ocrx_word' id='word_1_425' title='bbox 1269 3409 1359 3440; x_wconf 92' lang='lat' dir='ltr'><strong>non</strong></span> <span class='ocrx_word' id='word_1_426' title='bbox 1389 3395 1481 3439; x_wconf 85' lang='lat' dir='ltr'><strong>adi-</strong></span> 
     </span>
     <span class='ocr_line' id='line_1_58' title="bbox 153 3448 1484 3509; baseline 0.005 -19"><span class='ocrx_word' id='word_1_427' title='bbox 153 3452 242 3490; x_wconf 86' lang='lat' dir='ltr'><strong>tam</strong></span> <span class='ocrx_word' id='word_1_428' title='bbox 279 3448 566 3492; x_wconf 81' lang='lat' dir='ltr'><strong>hereditatem</strong></span> <span class='ocrx_word' id='word_1_429' title='bbox 619 3452 791 3494; x_wconf 91' lang='lat' dir='ltr'><strong>minime</strong></span> <span class='ocrx_word' id='word_1_430' title='bbox 842 3452 1103 3507; x_wconf 88' lang='lat' dir='ltr'><strong>quibusdam</strong></span> <span class='ocrx_word' id='word_1_431' title='bbox 1154 3452 1384 3509; x_wconf 86' lang='lat' dir='ltr'><strong>personis⁷</strong></span> <span class='ocrx_word' id='word_1_432' title='bbox 1426 3451 1484 3496; x_wconf 89' lang='lat' dir='ltr'><strong>ad</strong></span> 
     </span>
     <span class='ocr_line' id='line_1_59' title="bbox 153 3502 1482 3563; baseline 0.005 -18"><span class='ocrx_word' id='word_1_433' title='bbox 153 3502 333 3547; x_wconf 90' lang='lat' dir='ltr'><strong>heredes</strong></span> <span class='ocrx_word' id='word_1_434' title='bbox 363 3505 599 3547; x_wconf 85' lang='lat' dir='ltr'><strong>transmitti</strong></span> <span class='ocrx_word' id='word_1_435' title='bbox 629 3506 945 3561; x_wconf 91' lang='lat' dir='ltr'><strong>disposuimus,</strong></span> <span class='ocrx_word' id='word_1_436' title='bbox 978 3521 1160 3553; x_wconf 89' lang='lat' dir='ltr'><strong>necesse</strong></span> <span class='ocrx_word' id='word_1_437' title='bbox 1191 3513 1279 3563; x_wconf 87' lang='lat' dir='ltr'><strong>est,</strong></span> <span class='ocrx_word' id='word_1_438' title='bbox 1319 3508 1356 3552; x_wconf 89' lang='lat' dir='ltr'><strong>si</strong></span> <span class='ocrx_word' id='word_1_439' title='bbox 1387 3508 1482 3563; x_wconf 90' lang='lat' dir='ltr'><strong>quis</strong></span> 
     </span>
     <span class='ocr_line' id='line_1_60' title="bbox 154 3559 1483 3620; baseline 0.004 -17"><span class='ocrx_word' id='word_1_440' title='bbox 154 3559 339 3603; x_wconf 91' lang='lat' dir='ltr'><strong>solidam</strong></span> <span class='ocrx_word' id='word_1_441' title='bbox 381 3560 667 3604; x_wconf 88' lang='lat' dir='ltr'><strong>hereditatem</strong></span> <span class='ocrx_word' id='word_1_442' title='bbox 704 3575 792 3605; x_wconf 93' lang='lat' dir='ltr'><strong>non</strong></span> <span class='ocrx_word' id='word_1_443' title='bbox 830 3563 1005 3618; x_wconf 89' lang='lat' dir='ltr'><strong>adierit,</strong></span> <span class='ocrx_word' id='word_1_444' title='bbox 1049 3565 1188 3613; x_wconf 83' lang='lat' dir='ltr'><strong>hanc,</strong></span> <span class='ocrx_word' id='word_1_445' title='bbox 1231 3566 1268 3608; x_wconf 90' lang='lat' dir='ltr'><strong>si</strong></span> <span class='ocrx_word' id='word_1_446' title='bbox 1308 3564 1483 3620; x_wconf 90' lang='lat' dir='ltr'><strong>quidem</strong></span> 
     </span>
     <span class='ocr_line' id='line_1_61' title="bbox 152 3615 1481 3680; baseline 0.004 -22"><span class='ocrx_word' id='word_1_447' title='bbox 152 3615 325 3680; x_wconf 47' lang='lat' dir='ltr'><strong>habeat·</strong></span> <span class='ocrx_word' id='word_1_448' title='bbox 345 3616 651 3668; x_wconf 89' lang='lat' dir='ltr'><strong>substitutum,</strong></span> <span class='ocrx_word' id='word_1_449' title='bbox 692 3617 748 3659; x_wconf 89' lang='lat' dir='ltr'><strong>ad</strong></span> <span class='ocrx_word' id='word_1_450' title='bbox 778 3631 888 3670; x_wconf 91' lang='lat' dir='ltr'><strong>eum,</strong></span> <span class='ocrx_word' id='word_1_451' title='bbox 920 3620 957 3662; x_wconf 92' lang='lat' dir='ltr'><strong>si</strong></span> <span class='ocrx_word' id='word_1_452' title='bbox 986 3620 1170 3664; x_wconf 90' lang='lat' dir='ltr'><strong>voluerit</strong></span> <span class='ocrx_word' id='word_1_453' title='bbox 1199 3626 1244 3664; x_wconf 93' lang='lat' dir='ltr'><strong>et</strong></span> <span class='ocrx_word' id='word_1_454' title='bbox 1272 3622 1481 3676; x_wconf 87' lang='lat' dir='ltr'><strong>potuerit,</strong></span> 
     </span>
     <span class='ocr_line' id='line_1_62' title="bbox 151 3672 1482 3729; baseline 0 -9"><span class='ocrx_word' id='word_1_455' title='bbox 151 3683 389 3726; x_wconf 80' lang='lat' dir='ltr'><strong>pervemre-</strong></span> <span class='ocrx_word' id='word_1_456' title='bbox 460 3672 576 3727; x_wconf 86' lang='lat' dir='ltr'><strong>quod</strong></span> <span class='ocrx_word' id='word_1_457' title='bbox 620 3673 656 3715; x_wconf 81' lang='lat' dir='ltr'><strong>si</strong></span> <span class='ocrx_word' id='word_1_458' title='bbox 695 3673 778 3719; x_wconf 87' lang='lat' dir='ltr'><strong>hoc</strong></span> <span class='ocrx_word' id='word_1_459' title='bbox 818 3688 904 3719; x_wconf 88' lang='lat' dir='ltr'><strong>non</strong></span> <span class='ocrx_word' id='word_1_460' title='bbox 946 3677 1025 3729; x_wconf 88' lang='lat' dir='ltr'><strong>sit,</strong></span> <span class='ocrx_word' id='word_1_461' title='bbox 1071 3678 1139 3720; x_wconf 90' lang='lat' dir='ltr'><strong>vel</strong></span> <span class='ocrx_word' id='word_1_462' title='bbox 1174 3678 1230 3721; x_wconf 91' lang='lat' dir='ltr'><strong>ab</strong></span> <span class='ocrx_word' id='word_1_463' title='bbox 1270 3677 1482 3721; x_wconf 83' lang='lat' dir='ltr'><strong>intestato</strong></span> 
     </span>
     <span class='ocr_line' id='line_1_63' title="bbox 152 3729 1481 3785; baseline 0.005 -15"><span class='ocrx_word' id='word_1_464' title='bbox 152 3739 430 3771; x_wconf 90' lang='lat' dir='ltr'><strong>successores</strong></span> <span class='ocrx_word' id='word_1_465' title='bbox 474 3741 569 3771; x_wconf 89' lang='lat' dir='ltr'><strong>eam</strong></span> <span class='ocrx_word' id='word_1_466' title='bbox 606 3729 824 3783; x_wconf 87' lang='lat' dir='ltr'><strong>accipiant</strong></span> <span class='ocrx_word' id='word_1_467' title='bbox 859 3730 944 3785; x_wconf 91' lang='lat' dir='ltr'><strong>vel,</strong></span> <span class='ocrx_word' id='word_1_468' title='bbox 984 3733 1023 3776; x_wconf 93' lang='lat' dir='ltr'><strong>si</strong></span> <span class='ocrx_word' id='word_1_469' title='bbox 1054 3734 1164 3776; x_wconf 91' lang='lat' dir='ltr'><strong>nulli</strong></span> <span class='ocrx_word' id='word_1_470' title='bbox 1193 3733 1283 3776; x_wconf 90' lang='lat' dir='ltr'><strong>sint</strong></span> <span class='ocrx_word' id='word_1_471' title='bbox 1311 3733 1379 3776; x_wconf 91' lang='lat' dir='ltr'><strong>vel</strong></span> <span class='ocrx_word' id='word_1_472' title='bbox 1407 3745 1481 3776; x_wconf 87' lang='lat' dir='ltr'><strong>ac-</strong></span> 
     </span>
     <span class='ocr_line' id='line_1_64' title="bbox 151 3782 1484 3845; baseline 0.007 -21"><span class='ocrx_word' id='word_1_473' title='bbox 151 3782 297 3838; x_wconf 90' lang='lat' dir='ltr'><strong>cipere</strong></span> <span class='ocrx_word' id='word_1_474' title='bbox 326 3784 484 3828; x_wconf 92' lang='lat' dir='ltr'><strong>nolunt</strong></span> <span class='ocrx_word' id='word_1_475' title='bbox 519 3784 585 3827; x_wconf 90' lang='lat' dir='ltr'><strong>vel</strong></span> <span class='ocrx_word' id='word_1_476' title='bbox 617 3784 762 3839; x_wconf 88' lang='lat' dir='ltr'><strong>aliquo</strong></span> <span class='ocrx_word' id='word_1_477' title='bbox 792 3786 917 3830; x_wconf 89' lang='lat' dir='ltr'><strong>modo</strong></span> <span class='ocrx_word' id='word_1_478' title='bbox 947 3801 1035 3831; x_wconf 91' lang='lat' dir='ltr'><strong>non</strong></span> <span class='ocrx_word' id='word_1_479' title='bbox 1064 3790 1257 3845; x_wconf 76' lang='lat' dir='ltr'><strong>capiant,</strong></span> <span class='ocrx_word' id='word_1_480' title='bbox 1287 3793 1396 3832; x_wconf 89' lang='lat' dir='ltr'><strong>tunc</strong></span> <span class='ocrx_word' id='word_1_481' title='bbox 1426 3788 1484 3832; x_wconf 87' lang='lat' dir='ltr'><strong>ad</strong></span> 
     </span>
     <span class='ocr_line' id='line_1_65' title="bbox 154 3841 1482 3889; baseline 0.007 -8"><span class='ocrx_word' id='word_1_482' title='bbox 154 3843 203 3881; x_wconf 89' lang='grc'><strong>14</strong></span> <span class='ocrx_word' id='word_1_483' title='bbox 272 3844 474 3883; x_wconf 91' lang='lat' dir='ltr'><strong>nostrum</strong></span> <span class='ocrx_word' id='word_1_484' title='bbox 526 3841 744 3883; x_wconf 90' lang='lat' dir='ltr'><strong>aerarium</strong></span> <span class='ocrx_word' id='word_1_485' title='bbox 800 3841 1066 3887; x_wconf 89' lang='lat' dir='ltr'><strong>devolvatur.</strong></span> <span class='ocrx_word' id='word_1_486' title='bbox 1157 3846 1282 3889; x_wconf 90' lang='lat' dir='ltr'><strong>Haec</strong></span> <span class='ocrx_word' id='word_1_487' title='bbox 1333 3850 1482 3889; x_wconf 86' lang='lat' dir='ltr'><strong>autem</strong></span> 
     </span>
     <span class='ocr_line' id='line_1_66' title="bbox 150 3895 1479 3945; baseline 0.004 -8"><span class='ocrx_word' id='word_1_488' title='bbox 150 3895 295 3937; x_wconf 91' lang='lat' dir='ltr'><strong>omnia</strong></span> <span class='ocrx_word' id='word_1_489' title='bbox 336 3895 483 3939; x_wconf 92' lang='lat' dir='ltr'><strong>locum</strong></span> <span class='ocrx_word' id='word_1_490' title='bbox 526 3895 690 3940; x_wconf 91' lang='lat' dir='ltr'><strong>habere</strong></span> <span class='ocrx_word' id='word_1_491' title='bbox 730 3909 955 3942; x_wconf 88' lang='lat' dir='ltr'><strong>censemus</strong></span> <span class='ocrx_word' id='word_1_492' title='bbox 992 3902 1083 3943; x_wconf 91' lang='lat' dir='ltr'><strong>tam</strong></span> <span class='ocrx_word' id='word_1_493' title='bbox 1121 3901 1168 3944; x_wconf 93' lang='lat' dir='ltr'><strong>in</strong></span> <span class='ocrx_word' id='word_1_494' title='bbox 1204 3901 1479 3945; x_wconf 85' lang='lat' dir='ltr'><strong>testamentis</strong></span> 
     </span>
     <span class='ocr_line' id='line_1_67' title="bbox 150 3950 1480 4012; baseline 0.006 -20"><span class='ocrx_word' id='word_1_495' title='bbox 150 3950 239 3993; x_wconf 88' lang='lat' dir='ltr'><strong>sive</strong></span> <span class='ocrx_word' id='word_1_496' title='bbox 268 3951 446 4006; x_wconf 90' lang='lat' dir='ltr'><strong>scriptis</strong></span> <span class='ocrx_word' id='word_1_497' title='bbox 477 3951 567 3995; x_wconf 90' lang='lat' dir='ltr'><strong>sive</strong></span> <span class='ocrx_word' id='word_1_498' title='bbox 597 3952 690 3995; x_wconf 91' lang='lat' dir='ltr'><strong>sine</strong></span> <span class='ocrx_word' id='word_1_499' title='bbox 721 3953 898 4007; x_wconf 84' lang='lat' dir='ltr'><strong>scriptis</strong></span> <span class='ocrx_word' id='word_1_500' title='bbox 927 3954 1091 4001; x_wconf 89' lang='lat' dir='ltr'><strong>habitis</strong></span> <span class='ocrx_word' id='word_1_501' title='bbox 1120 3970 1251 4012; x_wconf 85' lang='lat' dir='ltr'><strong>quam</strong></span> <span class='ocrx_word' id='word_1_502' title='bbox 1285 3957 1328 3999; x_wconf 88' lang='lat' dir='ltr'><strong>in</strong></span> <span class='ocrx_word' id='word_1_503' title='bbox 1361 3958 1480 4001; x_wconf 82' lang='lat' dir='ltr'><strong>codi-</strong></span> 
     </span>
     <span class='ocr_line' id='line_1_68' title="bbox 151 4006 1481 4065; baseline 0.008 -17"><span class='ocrx_word' id='word_1_504' title='bbox 151 4006 259 4049; x_wconf 90' lang='lat' dir='ltr'><strong>cillis</strong></span> <span class='ocrx_word' id='word_1_505' title='bbox 289 4011 332 4049; x_wconf 92' lang='lat' dir='ltr'><strong>et</strong></span> <span class='ocrx_word' id='word_1_506' title='bbox 361 4007 478 4050; x_wconf 92' lang='lat' dir='ltr'><strong>omni</strong></span> <span class='ocrx_word' id='word_1_507' title='bbox 507 4007 659 4051; x_wconf 93' lang='lat' dir='ltr'><strong>ultimo</strong></span> <span class='ocrx_word' id='word_1_508' title='bbox 691 4008 830 4063; x_wconf 87' lang='lat' dir='ltr'><strong>elogio</strong></span> <span class='ocrx_word' id='word_1_509' title='bbox 856 4009 923 4052; x_wconf 90' lang='lat' dir='ltr'><strong>vel</strong></span> <span class='ocrx_word' id='word_1_510' title='bbox 952 4011 989 4054; x_wconf 90' lang='lat' dir='ltr'><strong>si</strong></span> <span class='ocrx_word' id='word_1_511' title='bbox 1018 4012 1122 4065; x_wconf 87' lang='lat' dir='ltr'><strong>quid</strong></span> <span class='ocrx_word' id='word_1_512' title='bbox 1153 4015 1207 4056; x_wconf 90' lang='lat' dir='ltr'><strong>ab</strong></span> <span class='ocrx_word' id='word_1_513' title='bbox 1223 4017 1240 4041; x_wconf 79' lang='lat'>⁸</span> <span class='ocrx_word' id='word_1_514' title='bbox 1267 4014 1481 4057; x_wconf 84' lang='lat' dir='ltr'><strong>intestato</strong></span> 
     </span>
     <span class='ocr_line' id='line_1_69' title="bbox 148 4061 1480 4113; baseline 0.006 -9"><span class='ocrx_word' id='word_1_515' title='bbox 148 4061 281 4105; x_wconf 90' lang='lat' dir='ltr'><strong>fuerit</strong></span> <span class='ocrx_word' id='word_1_516' title='bbox 318 4062 575 4106; x_wconf 89' lang='lat' dir='ltr'><strong>derelictum</strong></span> <span class='ocrx_word' id='word_1_517' title='bbox 613 4075 696 4108; x_wconf 90' lang='lat' dir='ltr'><strong>nec</strong></span> <span class='ocrx_word' id='word_1_518' title='bbox 735 4077 824 4108; x_wconf 87' lang='lat' dir='ltr'><strong>non</strong></span> <span class='ocrx_word' id='word_1_519' title='bbox 855 4064 899 4107; x_wconf 91' lang='lat' dir='ltr'><strong>in</strong></span> <span class='ocrx_word' id='word_1_520' title='bbox 928 4069 1078 4111; x_wconf 79' lang='lat' dir='ltr'><strong>mortis</strong></span> <span class='ocrx_word' id='word_1_521' title='bbox 1111 4081 1247 4113; x_wconf 89' lang='lat' dir='ltr'><strong>causa</strong></span> <span class='ocrx_word' id='word_1_522' title='bbox 1277 4068 1480 4113; x_wconf 90' lang='lat' dir='ltr'><strong>donatio-</strong></span> 
     </span>
     <span class='ocr_line' id='line_1_70' title="bbox 153 4119 1479 4181; baseline 0.005 -21"><span class='ocrx_word' id='word_1_523' title='bbox 153 4121 233 4181; x_wconf 74' lang='lat' dir='ltr'><strong>1.4a</strong></span> <span class='ocrx_word' id='word_1_524' title='bbox 291 4119 434 4162; x_wconf 89' lang='lat' dir='ltr'><strong>nibus.</strong></span> <span class='ocrx_word' id='word_1_525' title='bbox 491 4119 683 4162; x_wconf 87' lang='lat' dir='ltr'><strong>Tantum</strong></span> <span class='ocrx_word' id='word_1_526' title='bbox 714 4120 875 4168; x_wconf 88' lang='lat' dir='ltr'><strong>etenim</strong></span> <span class='ocrx_word' id='word_1_527' title='bbox 904 4122 1029 4166; x_wconf 91' lang='lat' dir='ltr'><strong>nobis</strong></span> <span class='ocrx_word' id='word_1_528' title='bbox 1062 4127 1262 4179; x_wconf 83' lang='lat' dir='ltr'><strong>superest</strong></span> <span class='ocrx_word' id='word_1_529' title='bbox 1290 4126 1479 4168; x_wconf 88' lang='lat' dir='ltr'><strong>clemen·</strong></span> 
     </span>
     <span class='ocr_line' id='line_1_71' title="bbox 148 4174 1481 4227; baseline 0.008 -13"><span class='ocrx_word' id='word_1_530' title='bbox 148 4177 248 4226; x_wconf 79' lang='lat' dir='ltr'><strong>tiae,</strong></span> <span class='ocrx_word' id='word_1_531' title='bbox 294 4174 410 4227; x_wconf 91' lang='lat' dir='ltr'><strong>quod</strong></span> <span class='ocrx_word' id='word_1_532' title='bbox 453 4175 643 4219; x_wconf 84' lang='lat' dir='ltr'><strong>scientes</strong></span> <span class='ocrx_word' id='word_1_533' title='bbox 683 4176 815 4219; x_wconf 90' lang='lat' dir='ltr'><strong>etiam</strong></span> <span class='ocrx_word' id='word_1_534' title='bbox 853 4175 1003 4220; x_wconf 87' lang='lat' dir='ltr'><strong>fiscum</strong></span> <span class='ocrx_word' id='word_1_535' title='bbox 1047 4187 1242 4223; x_wconf 60' lang='lat' dir='ltr'><strong>nostrum</strong></span> <span class='ocrx_word' id='word_1_536' title='bbox 1279 4181 1481 4224; x_wconf 89' lang='lat' dir='ltr'><strong>ultimum</strong></span> 
     </span>
     <span class='ocr_line' id='line_1_72' title="bbox 149 4228 1481 4288; baseline 0.008 -18"><span class='ocrx_word' id='word_1_537' title='bbox 149 4228 206 4271; x_wconf 88' lang='lat' dir='ltr'><strong>ad</strong></span> <span class='ocrx_word' id='word_1_538' title='bbox 247 4229 513 4274; x_wconf 90' lang='lat' dir='ltr'><strong>caducorum</strong></span> <span class='ocrx_word' id='word_1_539' title='bbox 541 4231 880 4275; x_wconf 90' lang='lat' dir='ltr'><strong>vindicationem</strong></span> <span class='ocrx_word' id='word_1_540' title='bbox 910 4236 1076 4288; x_wconf 88' lang='lat' dir='ltr'><strong>vocari,</strong></span> <span class='ocrx_word' id='word_1_541' title='bbox 1117 4241 1265 4279; x_wconf 89' lang='lat' dir='ltr'><strong>tamen</strong></span> <span class='ocrx_word' id='word_1_542' title='bbox 1305 4249 1388 4280; x_wconf 90' lang='lat' dir='ltr'><strong>nec</strong></span> <span class='ocrx_word' id='word_1_543' title='bbox 1416 4236 1481 4280; x_wconf 88' lang='lat' dir='ltr'><strong>illi</strong></span> 
     </span>
     <span class='ocr_line' id='line_1_73' title="bbox 148 4285 1478 4383; baseline 0.008 -57"><span class='ocrx_word' id='word_1_544' title='bbox 148 4285 422 4383; x_wconf 54' lang='lat' dir='ltr'><strong>pepercimus</strong></span> <span class='ocrx_word' id='word_1_545' title='bbox 477 4299 559 4331; x_wconf 92' lang='lat' dir='ltr'><strong>nec</strong></span> <span class='ocrx_word' id='word_1_546' title='bbox 606 4289 859 4343; x_wconf 83' lang='lat' dir='ltr'><strong>Augustum</strong></span> <span class='ocrx_word' id='word_1_547' title='bbox 899 4289 1168 4345; x_wconf 88' lang='lat' dir='ltr'><strong>privilegium</strong></span> <span class='ocrx_word' id='word_1_548' title='bbox 1209 4305 1478 4345; x_wconf 84' lang='lat' dir='ltr'><strong>exercemus,</strong></span> 
     </span>
     <span class='ocr_line' id='line_1_74' title="bbox 149 4341 1478 4404; baseline 0.008 -21"><span class='ocrx_word' id='word_1_549' title='bbox 149 4352 195 4382; x_wconf 89' lang='lat' dir='ltr'><strong>se</strong></span> <span class='ocrx_word' id='word_1_550' title='bbox 257 4341 374 4396; x_wconf 88' lang='lat' dir='ltr'><strong>quod</strong></span> <span class='ocrx_word' id='word_1_551' title='bbox 405 4343 693 4387; x_wconf 91' lang='lat' dir='ltr'><strong>communiter</strong></span> <span class='ocrx_word' id='word_1_552' title='bbox 710 4344 923 4387; x_wconf 89' lang='lat' dir='ltr'><strong>&#39;omnibus</strong></span> <span class='ocrx_word' id='word_1_553' title='bbox 952 4346 1145 4399; x_wconf 88' lang='lat' dir='ltr'><strong>prodest,</strong></span> <span class='ocrx_word' id='word_1_554' title='bbox 1181 4348 1267 4392; x_wconf 92' lang='lat' dir='ltr'><strong>hoc</strong></span> <span class='ocrx_word' id='word_1_555' title='bbox 1296 4349 1360 4392; x_wconf 90' lang='lat' dir='ltr'><strong>rei</strong></span> <span class='ocrx_word' id='word_1_556' title='bbox 1389 4349 1478 4404; x_wconf 89' lang='lat' dir='ltr'><strong>pri-</strong></span> 
     </span>
    </p>
   </div>
   <div class='ocr_carea' id='block_1_3' title="bbox 150 4480 768 4694">
    <p class='ocr_par' dir='ltr' id='par_1_3' title="bbox 150 4480 768 4694">
     <span class='ocr_line' id='line_1_75' title="bbox 150 4480 768 4533; baseline 0.01 -14"><span class='ocrx_word' id='word_1_557' title='bbox 150 4480 198 4528; x_wconf 84' lang='lat'><strong>(1)</strong></span> <span class='ocrx_word' id='word_1_558' title='bbox 234 4482 291 4521; x_wconf 81' lang='lat' dir='ltr'><strong>sic</strong></span> <span class='ocrx_word' id='word_1_559' title='bbox 331 4482 392 4533; x_wconf 84' lang='lat' dir='ltr'><strong>M,</strong></span> <span class='ocrx_word' id='word_1_560' title='bbox 437 4481 653 4522; x_wconf 82' lang='lat' dir='ltr'><strong>disiunctis</strong></span> <span class='ocrx_word' id='word_1_561' title='bbox 696 4482 768 4525; x_wconf 78' lang='lat' dir='ltr'><strong>CR</strong></span> 
     </span>
     <span class='ocr_line' id='line_1_76' title="bbox 151 4536 682 4590; baseline 0.011 -16"><span class='ocrx_word' id='word_1_562' title='bbox 151 4536 204 4582; x_wconf 88' lang='lat'><strong>(3)</strong></span> <span class='ocrx_word' id='word_1_563' title='bbox 235 4538 291 4575; x_wconf 87' lang='lat' dir='ltr'><strong>sic</strong></span> <span class='ocrx_word' id='word_1_564' title='bbox 308 4537 368 4587; x_wconf 70' lang='lat' dir='ltr'>M</span> <span class='ocrx_word' id='word_1_565' title='bbox 384 4538 590 4590; x_wconf 87' lang='lat' dir='ltr'><strong>accipiant</strong></span> <span class='ocrx_word' id='word_1_566' title='bbox 611 4539 682 4580; x_wconf 82' lang='lat' dir='ltr'><strong>CR</strong></span> 
     </span>
     <span class='ocr_line' id='line_1_77' title="bbox 152 4588 626 4640; baseline 0.015 -15"><span class='ocrx_word' id='word_1_567' title='bbox 152 4588 220 4626; x_wconf 87' lang='lat' dir='ltr'><strong>sed</strong></span> <span class='ocrx_word' id='word_1_568' title='bbox 257 4590 332 4640; x_wconf 70' lang='lat' dir='ltr'><strong>Ra,</strong></span> <span class='ocrx_word' id='word_1_569' title='bbox 373 4592 441 4631; x_wconf 89' lang='lat' dir='ltr'><strong>sed</strong></span> <span class='ocrx_word' id='word_1_570' title='bbox 481 4597 527 4631; x_wconf 86' lang='lat' dir='ltr'><strong>ut</strong></span> <span class='ocrx_word' id='word_1_571' title='bbox 568 4592 626 4633; x_wconf 76' lang='lat' dir='ltr'><strong>R¹³</strong></span> 
     </span>
     <span class='ocr_line' id='line_1_78' title="bbox 154 4644 610 4694; baseline 0.015 -13"><span class='ocrx_word' id='word_1_572' title='bbox 154 4646 209 4693; x_wconf 43' lang='grc' dir='ltr'><strong>(ἡ)</strong></span> <span class='ocrx_word' id='word_1_573' title='bbox 240 4644 287 4682; x_wconf 77' lang='lat' dir='ltr'><strong>ab</strong></span> <span class='ocrx_word' id='word_1_574' title='bbox 326 4649 365 4694; x_wconf 60' lang='lat' dir='ltr'><strong>(J,</strong></span> <span class='ocrx_word' id='word_1_575' title='bbox 399 4647 458 4685; x_wconf 80' lang='lat' dir='ltr'><strong>vel</strong></span> <span class='ocrx_word' id='word_1_576' title='bbox 490 4647 540 4687; x_wconf 78' lang='lat' dir='ltr'><strong>ab</strong></span> <span class='ocrx_word' id='word_1_577' title='bbox 570 4649 610 4688; x_wconf 80' lang='lat' dir='ltr'><em>R</em></span> 
     </span>
    </p>
   </div>
   <div class='ocr_carea' id='block_1_4' title="bbox 726 4485 1483 4706">
    <p class='ocr_par' dir='ltr' id='par_1_4' title="bbox 726 4485 1483 4706">
     <span class='ocr_line' id='line_1_79' title="bbox 908 4485 1483 4537; baseline -0.009 -3"><span class='ocrx_word' id='word_1_578' title='bbox 908 4485 963 4535; x_wconf 78' lang='lat'><strong>(2)</strong></span> <span class='ocrx_word' id='word_1_579' title='bbox 1003 4485 1107 4525; x_wconf 84' lang='lat' dir='ltr'><strong>forte</strong></span> <span class='ocrx_word' id='word_1_580' title='bbox 1146 4485 1220 4537; x_wconf 62' lang='lat' dir='ltr'><strong>leb,</strong></span> <span class='ocrx_word' id='word_1_581' title='bbox 1260 4489 1344 4528; x_wconf 84' lang='lat' dir='ltr'><strong>fere</strong></span> <span class='ocrx_word' id='word_1_582' title='bbox 1388 4488 1483 4529; x_wconf 68' lang='lat' dir='ltr'><strong>CRa</strong></span> 
     </span>
     <span class='ocr_line' id='line_1_80' title="bbox 768 4537 1222 4593; baseline 0.002 -12"><span class='ocrx_word' id='word_1_583' title='bbox 768 4541 824 4590; x_wconf 79' lang='lat'><strong>(4)</strong></span> <span class='ocrx_word' id='word_1_584' title='bbox 852 4553 914 4579; x_wconf 83' lang='lat' dir='ltr'><strong>res</strong></span> <span class='ocrx_word' id='word_1_585' title='bbox 930 4537 1005 4590; x_wconf 69' lang='lat' dir='ltr'><strong>Rb,</strong></span> <span class='ocrx_word' id='word_1_586' title='bbox 1035 4554 1107 4593; x_wconf 89' lang='lat' dir='ltr'><strong>per</strong></span> <span class='ocrx_word' id='word_1_587' title='bbox 1129 4543 1222 4582; x_wconf 63' lang='lat' dir='ltr'><strong>CR!²</strong></span> 
     </span>
     <span class='ocr_line' id='line_1_81' title="bbox 753 4596 1480 4651; baseline -0.007 -9"><span class='ocrx_word' id='word_1_588' title='bbox 753 4596 809 4646; x_wconf 76' lang='grc' dir='ltr'><strong>(ὅ)</strong></span> <span class='ocrx_word' id='word_1_589' title='bbox 844 4601 861 4641; x_wconf 65' lang='grc'>9</span> <span class='ocrx_word' id='word_1_590' title='bbox 897 4606 916 4636; x_wconf 84' lang='grc'><strong>5</strong></span> <span class='ocrx_word' id='word_1_591' title='bbox 1048 4599 1102 4644; x_wconf 77' lang='grc' dir='ltr'><strong>(ἵ)</strong></span> <span class='ocrx_word' id='word_1_592' title='bbox 1142 4601 1318 4650; x_wconf 75' lang='lat' dir='ltr'><strong>exeeptis</strong></span> <span class='ocrx_word' id='word_1_593' title='bbox 1347 4601 1480 4651; x_wconf 78' lang='lat' dir='ltr'><strong>suppl.</strong></span> 
     </span>
     <span class='ocr_line' id='line_1_82' title="bbox 726 4651 1478 4706; baseline 0.007 -15"><span class='ocrx_word' id='word_1_594' title='bbox 726 4651 781 4702; x_wconf 65' lang='lat' dir='ltr'><strong>(a)</strong></span> <span class='ocrx_word' id='word_1_595' title='bbox 813 4651 855 4690; x_wconf 82' lang='grc' dir='ltr'><em>Β</em></span> <span class='ocrx_word' id='word_1_596' title='bbox 887 4654 952 4703; x_wconf 82' lang='lat'><strong>35,</strong></span> <span class='ocrx_word' id='word_1_597' title='bbox 983 4661 1035 4704; x_wconf 75' lang='lat'><strong>14,</strong></span> <span class='ocrx_word' id='word_1_598' title='bbox 1067 4662 1122 4694; x_wconf 78' lang='lat'><strong>117</strong></span> <span class='ocrx_word' id='word_1_599' title='bbox 1240 4659 1311 4702; x_wconf 82' lang='grc' dir='ltr'><strong>(ιο)</strong></span> <span class='ocrx_word' id='word_1_600' title='bbox 1352 4656 1386 4692; x_wconf 86' lang='grc' dir='ltr'><strong>Ι,’</strong></span> <span class='ocrx_word' id='word_1_601' title='bbox 1414 4657 1478 4706; x_wconf 70' lang='lat'><strong>44,</strong></span> 
     </span>
    </p>
   </div>
   <div class='ocr_carea' id='block_1_5' title="bbox 1308 4545 1484 4595">
    <p class='ocr_par' dir='ltr' id='par_1_5' title="bbox 1308 4545 1484 4595">
     <span class='ocr_line' id='line_1_83' title="bbox 1308 4545 1484 4595; baseline -0.023 -8"><span class='ocrx_word' id='word_1_602' title='bbox 1308 4545 1363 4595; x_wconf 75' lang='grc'><strong>(5)</strong></span> <span class='ocrx_word' id='word_1_603' title='bbox 1380 4547 1421 4583; x_wconf 83' lang='lat' dir='ltr'><strong>et</strong></span> <span class='ocrx_word' id='word_1_604' title='bbox 1440 4545 1484 4593; x_wconf 82' lang='lat'><strong>0,</strong></span> 
     </span>
    </p>
   </div>
   <div class='ocr_carea' id='block_1_6' title="bbox 1483 167 1585 225">
    <p class='ocr_par' dir='ltr' id='par_1_6' title="bbox 1483 167 1585 225">
     <span class='ocr_line' id='line_1_84' title="bbox 1483 167 1585 225; baseline 0.01 -1"><span class='ocrx_word' id='word_1_605' title='bbox 1483 167 1585 225; x_wconf 81' lang='lat'><strong>282</strong></span> 
     </span>
    </p>
   </div>
   <div class='ocr_carea' id='block_1_7' title="bbox 1518 4074 1527 4403">
    <p class='ocr_par' dir='ltr' id='par_1_7' title="bbox 1518 4074 1527 4403">
     <span class='ocr_line' id='line_1_85' title="bbox 1518 4074 1527 4403; baseline 0 0"><span class='ocrx_word' id='word_1_606' title='bbox 1518 4074 1527 4403; x_wconf 85' lang='grc' dir='ltr'>Ι</span> 
     </span>
    </p>
   </div>
   <div class='ocr_carea' id='block_1_8' title="bbox 1521 4490 1530 4692">
    <p class='ocr_par' dir='ltr' id='par_1_8' title="bbox 1521 4490 1530 4692">
     <span class='ocr_line' id='line_1_86' title="bbox 1521 4490 1530 4692; baseline 0 104"><span class='ocrx_word' id='word_1_607' title='bbox 1521 4490 1530 4692; x_wconf 95' lang='lat' dir='ltr'><strong> </strong></span> 
     </span>
    </p>
   </div>
   <div class='ocr_carea' id='block_1_9' title="bbox 2221 185 2908 226">
    <p class='ocr_par' dir='ltr' id='par_1_9' title="bbox 2221 185 2908 226">
     <span class='ocr_line' id='line_1_87' title="bbox 2221 185 2908 226; baseline 0.004 -4"><span class='ocrx_word' id='word_1_608' title='bbox 2221 186 2294 223; x_wconf 86' lang='lat' dir='ltr'><strong>DE</strong></span> <span class='ocrx_word' id='word_1_609' title='bbox 2330 185 2561 225; x_wconf 77' lang='lat' dir='ltr'>CADUOIS</span> <span class='ocrx_word' id='word_1_610' title='bbox 2597 185 2908 226; x_wconf 81' lang='lat' dir='ltr'>TOLLENDIS</span> 
     </span>
    </p>
   </div>
   <div class='ocr_carea' id='block_1_10' title="bbox 1576 321 2913 937">
    <p class='ocr_par' dir='ltr' id='par_1_10' title="bbox 1576 321 2913 937">
     <span class='ocr_line' id='line_1_88' title="bbox 1583 321 2910 379; baseline 0.005 -17"><span class='ocrx_word' id='word_1_611' title='bbox 1583 322 1710 363; x_wconf 88' lang='lat' dir='ltr'><strong>vatae</strong></span> <span class='ocrx_word' id='word_1_612' title='bbox 1745 323 1926 365; x_wconf 85' lang='lat' dir='ltr'><strong>nostrae</strong></span> <span class='ocrx_word' id='word_1_613' title='bbox 1962 322 2141 366; x_wconf 90' lang='lat' dir='ltr'><strong>utilitati</strong></span> <span class='ocrx_word' id='word_1_614' title='bbox 2177 321 2512 378; x_wconf 89' lang='lat' dir='ltr'><strong>praeferendum</strong></span> <span class='ocrx_word' id='word_1_615' title='bbox 2542 335 2639 369; x_wconf 87' lang='lat' dir='ltr'><strong>esse</strong></span> <span class='ocrx_word' id='word_1_616' title='bbox 2668 337 2910 379; x_wconf 85' lang='lat' dir='ltr'><strong>censemus,</strong></span> 
     </span>
     <span class='ocr_line' id='line_1_89' title="bbox 1581 377 2910 434; baseline 0.005 -16"><span class='ocrx_word' id='word_1_617' title='bbox 1581 379 1781 419; x_wconf 90' lang='lat' dir='ltr'><strong>nostrum</strong></span> <span class='ocrx_word' id='word_1_618' title='bbox 1811 388 1907 420; x_wconf 90' lang='lat' dir='ltr'><strong>esse</strong></span> <span class='ocrx_word' id='word_1_619' title='bbox 1935 379 2162 434; x_wconf 85' lang='lat' dir='ltr'><strong>proprium</strong></span> <span class='ocrx_word' id='word_1_620' title='bbox 2201 377 2499 422; x_wconf 90' lang='lat' dir='ltr'><strong>subiectorum</strong></span> <span class='ocrx_word' id='word_1_621' title='bbox 2530 380 2802 424; x_wconf 91' lang='lat' dir='ltr'><strong>commodum</strong></span> <span class='ocrx_word' id='word_1_622' title='bbox 2829 381 2910 424; x_wconf 90' lang='lat' dir='ltr'><strong>im-</strong></span> 
     </span>
     <span class='ocr_line' id='line_1_90' title="bbox 1586 430 2911 490; baseline 0.005 -16"><span class='ocrx_word' id='word_1_623' title='bbox 1586 434 1634 474; x_wconf 85' lang='lat'><strong>15</strong></span> <span class='ocrx_word' id='word_1_624' title='bbox 1693 430 1918 486; x_wconf 89' lang='lat' dir='ltr'><strong>perialiter</strong></span> <span class='ocrx_word' id='word_1_625' title='bbox 1945 433 2258 478; x_wconf 84' lang='lat' dir='ltr'><strong>existimantes.</strong></span> <span class='ocrx_word' id='word_1_626' title='bbox 2318 432 2488 475; x_wconf 86' lang='lat' dir='ltr'><strong>Locum</strong></span> <span class='ocrx_word' id='word_1_627' title='bbox 2517 437 2663 478; x_wconf 87' lang='lat' dir='ltr'><strong>autem</strong></span> <span class='ocrx_word' id='word_1_628' title='bbox 2691 435 2796 480; x_wconf 89' lang='lat' dir='ltr'><strong>huic</strong></span> <span class='ocrx_word' id='word_1_629' title='bbox 2823 436 2911 490; x_wconf 88' lang='lat' dir='ltr'><strong>legi</strong></span> 
     </span>
     <span class='ocr_line' id='line_1_91' title="bbox 1580 486 2909 548; baseline 0.005 -19"><span class='ocrx_word' id='word_1_630' title='bbox 1580 486 1889 530; x_wconf 89' lang='lat' dir='ltr'><strong>constituimus</strong></span> <span class='ocrx_word' id='word_1_631' title='bbox 1925 487 1972 531; x_wconf 92' lang='lat' dir='ltr'><strong>in</strong></span> <span class='ocrx_word' id='word_1_632' title='bbox 2008 489 2078 533; x_wconf 89' lang='lat' dir='ltr'><strong>his</strong></span> <span class='ocrx_word' id='word_1_633' title='bbox 2109 489 2419 533; x_wconf 89' lang='lat' dir='ltr'><strong>defunctorum</strong></span> <span class='ocrx_word' id='word_1_634' title='bbox 2449 488 2626 543; x_wconf 71' lang='lat' dir='ltr'><strong>elogiis,</strong></span> <span class='ocrx_word' id='word_1_635' title='bbox 2646 503 2758 545; x_wconf 86' lang='lat' dir='ltr'><strong>quae</strong></span> <span class='ocrx_word' id='word_1_636' title='bbox 2785 496 2909 548; x_wconf 89' lang='lat' dir='ltr'><strong>post-</strong></span> 
     </span>
     <span class='ocr_line' id='line_1_92' title="bbox 1579 541 2910 598; baseline 0.006 -14"><span class='ocrx_word' id='word_1_637' title='bbox 1579 541 1665 586; x_wconf 89' lang='lat' dir='ltr'><strong>hac</strong></span> <span class='ocrx_word' id='word_1_638' title='bbox 1707 542 1954 598; x_wconf 86' lang='lat' dir='ltr'><strong>composita</strong></span> <span class='ocrx_word' id='word_1_639' title='bbox 1983 544 2166 589; x_wconf 86' lang='lat' dir='ltr'><strong>fuerint:</strong></span> <span class='ocrx_word' id='word_1_640' title='bbox 2207 544 2450 588; x_wconf 90' lang='lat' dir='ltr'><strong>anteriores</strong></span> <span class='ocrx_word' id='word_1_641' title='bbox 2482 544 2641 587; x_wconf 89' lang='lat' dir='ltr'><strong>etenim</strong></span> <span class='ocrx_word' id='word_1_642' title='bbox 2670 557 2801 591; x_wconf 87' lang='lat' dir='ltr'><strong>casus</strong></span> <span class='ocrx_word' id='word_1_643' title='bbox 2829 560 2910 591; x_wconf 92' lang='lat' dir='ltr'><strong>suo</strong></span> 
     </span>
     <span class='ocr_line' id='line_1_93' title="bbox 1587 597 2911 647; baseline 0.004 -5"><span class='ocrx_word' id='word_1_644' title='bbox 1587 602 1633 642; x_wconf 84' lang='lat'><strong>16</strong></span> <span class='ocrx_word' id='word_1_645' title='bbox 1691 597 1838 641; x_wconf 88' lang='lat' dir='ltr'><strong>Marte</strong></span> <span class='ocrx_word' id='word_1_646' title='bbox 1876 598 2125 644; x_wconf 89' lang='lat' dir='ltr'><strong>discurrere</strong></span> <span class='ocrx_word' id='word_1_647' title='bbox 2164 599 2461 644; x_wconf 88' lang='lat' dir='ltr'><strong>concedimus.</strong></span> <span class='ocrx_word' id='word_1_648' title='bbox 2527 599 2651 643; x_wconf 91' lang='lat' dir='ltr'><strong>Haec</strong></span> <span class='ocrx_word' id='word_1_649' title='bbox 2680 602 2827 647; x_wconf 89' lang='lat' dir='ltr'><strong>omnia</strong></span> <span class='ocrx_word' id='word_1_650' title='bbox 2855 603 2911 646; x_wconf 90' lang='lat' dir='ltr'><strong>ad</strong></span> 
     </span>
     <span class='ocr_line' id='line_1_94' title="bbox 1578 655 2913 712; baseline 0.004 -16"><span class='ocrx_word' id='word_1_651' title='bbox 1578 666 1681 707; x_wconf 88' lang='lat' dir='ltr'><strong>vos,</strong></span> <span class='ocrx_word' id='word_1_652' title='bbox 1717 658 1867 708; x_wconf 89' lang='lat' dir='ltr'><strong>patres</strong></span> <span class='ocrx_word' id='word_1_653' title='bbox 1897 656 2158 712; x_wconf 90' lang='lat' dir='ltr'><strong>conscripti,</strong></span> <span class='ocrx_word' id='word_1_654' title='bbox 2196 656 2400 700; x_wconf 82' lang='lat' dir='ltr'><strong>duximus</strong></span> <span class='ocrx_word' id='word_1_655' title='bbox 2438 667 2534 698; x_wconf 90' lang='lat' dir='ltr'><strong>esse</strong></span> <span class='ocrx_word' id='word_1_656' title='bbox 2573 655 2832 709; x_wconf 87' lang='lat' dir='ltr'><strong>sancienda,</strong></span> <span class='ocrx_word' id='word_1_657' title='bbox 2861 661 2913 702; x_wconf 87' lang='lat' dir='ltr'><strong>ut</strong></span> 
     </span>
     <span class='ocr_line' id='line_1_95' title="bbox 1578 708 2911 768; baseline 0.004 -17"><span class='ocrx_word' id='word_1_658' title='bbox 1578 708 1743 752; x_wconf 92' lang='lat' dir='ltr'><strong>nemini</strong></span> <span class='ocrx_word' id='word_1_659' title='bbox 1764 713 1944 754; x_wconf 88' lang='lat' dir='ltr'><strong>maneat</strong></span> <span class='ocrx_word' id='word_1_660' title='bbox 1964 709 2215 766; x_wconf 88' lang='lat' dir='ltr'><strong>incognitus</strong></span> <span class='ocrx_word' id='word_1_661' title='bbox 2238 715 2419 755; x_wconf 89' lang='lat' dir='ltr'><strong>nostrae</strong></span> <span class='ocrx_word' id='word_1_662' title='bbox 2434 710 2756 754; x_wconf 91' lang='lat' dir='ltr'><strong>benivolentiae</strong></span> <span class='ocrx_word' id='word_1_663' title='bbox 2770 713 2911 768; x_wconf 83' lang='lat' dir='ltr'><strong>labor,</strong></span> 
     </span>
     <span class='ocr_line' id='line_1_96' title="bbox 1578 764 2912 821; baseline 0.003 -12"><span class='ocrx_word' id='word_1_664' title='bbox 1578 765 1657 809; x_wconf 88' lang='lat' dir='ltr'><strong>sed</strong></span> <span class='ocrx_word' id='word_1_665' title='bbox 1696 764 1851 808; x_wconf 89' lang='lat' dir='ltr'><strong>edictis</strong></span> <span class='ocrx_word' id='word_1_666' title='bbox 1892 778 1947 808; x_wconf 86' lang='lat' dir='ltr'><strong>ex</strong></span> <span class='ocrx_word' id='word_1_667' title='bbox 1985 767 2278 812; x_wconf 88' lang='lat' dir='ltr'><strong>sollemnitate</strong></span> <span class='ocrx_word' id='word_1_668' title='bbox 2317 780 2343 810; x_wconf 90' lang='lat' dir='ltr'><strong>a</strong></span> <span class='ocrx_word' id='word_1_669' title='bbox 2381 767 2543 810; x_wconf 91' lang='lat' dir='ltr'><strong>nostris</strong></span> <span class='ocrx_word' id='word_1_670' title='bbox 2584 766 2912 821; x_wconf 85' lang='lat' dir='ltr'><strong>magistratibus</strong></span> 
     </span>
     <span class='ocr_line' id='line_1_97' title="bbox 1576 820 2912 877; baseline 0.002 -13"><span class='ocrx_word' id='word_1_671' title='bbox 1576 820 1818 877; x_wconf 90' lang='lat' dir='ltr'><strong>propositis</strong></span> <span class='ocrx_word' id='word_1_672' title='bbox 1849 822 2054 867; x_wconf 88' lang='lat' dir='ltr'><strong>omnibus</strong></span> <span class='ocrx_word' id='word_1_673' title='bbox 2082 823 2347 867; x_wconf 89' lang='lat' dir='ltr'><strong>innotescat.</strong></span> <span class='ocrx_word' id='word_1_674' title='bbox 2408 821 2462 866; x_wconf 89' lang='lat' dir='ltr'><strong>D.</strong></span> <span class='ocrx_word' id='word_1_675' title='bbox 2494 821 2535 865; x_wconf 76' lang='lat' dir='ltr'><strong>lc.</strong></span> <span class='ocrx_word' id='word_1_676' title='bbox 2562 820 2662 866; x_wconf 84' lang='lat' dir='ltr'><strong>Iun.</strong></span> <span class='ocrx_word' id='word_1_677' title='bbox 2697 821 2912 867; x_wconf 85' lang='lat' dir='ltr'><strong>Constan-</strong></span> 
     </span>
     <span class='ocr_line' id='line_1_98' title="bbox 1579 876 2912 937; baseline 0.002 -17"><span class='ocrx_word' id='word_1_678' title='bbox 1579 876 1773 933; x_wconf 81' lang='lat' dir='ltr'><strong>tinopoli</strong></span> <span class='ocrx_word' id='word_1_679' title='bbox 1812 876 1885 920; x_wconf 87' lang='lat' dir='ltr'><strong>dn.</strong></span> <span class='ocrx_word' id='word_1_680' title='bbox 1918 876 2172 923; x_wconf 83' lang='lat' dir='ltr'><strong>Iustiniano</strong></span> <span class='ocrx_word' id='word_1_681' title='bbox 2204 894 2289 937; x_wconf 91' lang='lat' dir='ltr'><strong>pp.</strong></span> <span class='ocrx_word' id='word_1_682' title='bbox 2320 880 2370 923; x_wconf 94' lang='lat' dir='ltr'><strong>A.</strong></span> <span class='ocrx_word' id='word_1_683' title='bbox 2406 889 2495 921; x_wconf 74' lang='grc' dir='ltr'><strong>ιη]</strong></span> <span class='ocrx_word' id='word_1_684' title='bbox 2531 883 2574 922; x_wconf 84' lang='lat' dir='ltr'><strong>et</strong></span> <span class='ocrx_word' id='word_1_685' title='bbox 2612 876 2808 922; x_wconf 83' lang='lat' dir='ltr'><strong>Paulino</strong></span> <span class='ocrx_word' id='word_1_686' title='bbox 2848 891 2912 923; x_wconf 82' lang='lat' dir='ltr'><strong>vo.</strong></span> 
     </span>
    </p>
   </div>
   <div class='ocr_carea' id='block_1_11' title="bbox 1577 937 2912 987">
    <p class='ocr_par' dir='ltr' id='par_1_11' title="bbox 1577 937 2912 987">
     <span class='ocr_line' id='line_1_99' title="bbox 1577 937 2912 987; baseline 0.001 -10"><span class='ocrx_word' id='word_1_687' title='bbox 1577 947 1721 977; x_wconf 83' lang='lat' dir='ltr'><strong>conss.</strong></span> <span class='ocrx_word' id='word_1_688' title='bbox 2725 937 2782 987; x_wconf 89' lang='lat' dir='ltr'><strong>[a.</strong></span> <span class='ocrx_word' id='word_1_689' title='bbox 2814 938 2912 986; x_wconf 82' lang='lat'>534]</span> 
     </span>
    </p>
   </div>
   <div class='ocr_carea' id='block_1_12' title="bbox 2192 1105 2297 1152">
    <p class='ocr_par' dir='ltr' id='par_1_12' title="bbox 2192 1105 2297 1152">
     <span class='ocr_line' id='line_1_100' title="bbox 2192 1105 2297 1152; baseline 0 0"><span class='ocrx_word' id='word_1_690' title='bbox 2192 1105 2297 1152; x_wconf 92' lang='lat' dir='ltr'><strong>LII.</strong></span> 
     </span>
    </p>
   </div>
   <div class='ocr_carea' id='block_1_13' title="bbox 1577 1186 2914 1284">
    <p class='ocr_par' dir='ltr' id='par_1_13' title="bbox 1577 1186 2914 1284">
     <span class='ocr_line' id='line_1_101' title="bbox 1577 1186 2914 1232; baseline 0.001 -5"><span class='ocrx_word' id='word_1_691' title='bbox 1577 1188 1651 1228; x_wconf 85' lang='lat' dir='ltr'><strong>DE</strong></span> <span class='ocrx_word' id='word_1_692' title='bbox 1691 1187 1786 1227; x_wconf 90' lang='lat' dir='ltr'><strong>HIS</strong></span> <span class='ocrx_word' id='word_1_693' title='bbox 1830 1187 1928 1232; x_wconf 85' lang='lat' dir='ltr'><strong>QUI</strong></span> <span class='ocrx_word' id='word_1_694' title='bbox 1966 1187 2119 1227; x_wconf 80' lang='lat' dir='ltr'>ANTE</span> <span class='ocrx_word' id='word_1_695' title='bbox 2158 1187 2408 1228; x_wconf 85' lang='lat' dir='ltr'><strong>APE-RTAS</strong></span> <span class='ocrx_word' id='word_1_696' title='bbox 2445 1186 2699 1228; x_wconf 84' lang='lat' dir='ltr'>TABULAS</span> <span class='ocrx_word' id='word_1_697' title='bbox 2737 1187 2914 1228; x_wconf 76' lang='lat' dir='ltr'>HERE-</span> 
     </span>
     <span class='ocr_line' id='line_1_102' title="bbox 1882 1242 2601 1284; baseline 0.001 -1"><span class='ocrx_word' id='word_1_698' title='bbox 1882 1242 2121 1283; x_wconf 85' lang='lat' dir='ltr'>DITATES</span> <span class='ocrx_word' id='word_1_699' title='bbox 2151 1242 2601 1284; x_wconf 82' lang='lat' dir='ltr'><strong>TRANSMITTUNT.</strong></span> 
     </span>
    </p>
   </div>
   <div class='ocr_carea' id='block_1_14' title="bbox 1562 1323 2918 2615">
    <p class='ocr_par' dir='ltr' id='par_1_14' title="bbox 1562 1323 2918 2615">
     <span class='ocr_line' id='line_1_103' title="bbox 1635 1323 2916 1383; baseline -0.002 -12"><span class='ocrx_word' id='word_1_700' title='bbox 1635 1325 1658 1372; x_wconf 90' lang='lat'>1</span> <span class='ocrx_word' id='word_1_701' title='bbox 1696 1323 1862 1383; x_wconf 83' lang='lat' dir='ltr'><strong>⁹Impp.</strong></span> <span class='ocrx_word' id='word_1_702' title='bbox 1897 1323 2174 1368; x_wconf 75' lang='lat' dir='ltr'><strong>Theodosius</strong></span> <span class='ocrx_word' id='word_1_703' title='bbox 2211 1328 2254 1367; x_wconf 86' lang='lat' dir='ltr'><strong>et</strong></span> <span class='ocrx_word' id='word_1_704' title='bbox 2294 1323 2636 1369; x_wconf 78' lang='lat' dir='ltr'><strong>Valentinianus</strong></span> <span class='ocrx_word' id='word_1_705' title='bbox 2670 1326 2761 1368; x_wconf 88' lang='lat' dir='ltr'><strong>AA.</strong></span> <span class='ocrx_word' id='word_1_706' title='bbox 2794 1323 2916 1369; x_wconf 87' lang='lat' dir='ltr'><strong>Hor-</strong></span> 
     </span>
     <span class='ocr_line' id='line_1_104' title="bbox 1575 1379 2914 1439; baseline 0.001 -14"><span class='ocrx_word' id='word_1_707' title='bbox 1575 1381 1745 1425; x_wconf 70' lang='lat' dir='ltr'><strong>misdae</strong></span> <span class='ocrx_word' id='word_1_708' title='bbox 1765 1395 1850 1439; x_wconf 89' lang='lat' dir='ltr'><strong>pp.</strong></span> <span class='ocrx_word' id='word_1_709' title='bbox 1897 1380 1984 1424; x_wconf 91' lang='lat' dir='ltr'><strong>Per</strong></span> <span class='ocrx_word' id='word_1_710' title='bbox 2013 1380 2132 1424; x_wconf 90' lang='lat' dir='ltr'><strong>hanc</strong></span> <span class='ocrx_word' id='word_1_711' title='bbox 2160 1379 2363 1423; x_wconf 90' lang='lat' dir='ltr'><strong>iubemus</strong></span> <span class='ocrx_word' id='word_1_712' title='bbox 2392 1381 2663 1425; x_wconf 89' lang='lat' dir='ltr'><strong>sanctionem</strong></span> <span class='ocrx_word' id='word_1_713' title='bbox 2692 1381 2737 1424; x_wconf 90' lang='lat' dir='ltr'><strong>in</strong></span> <span class='ocrx_word' id='word_1_714' title='bbox 2766 1386 2914 1437; x_wconf 84' lang='lat' dir='ltr'><strong>poste-</strong></span> 
     </span>
     <span class='ocr_line' id='line_1_105' title="bbox 1576 1436 2916 1493; baseline 0.001 -13"><span class='ocrx_word' id='word_1_715' title='bbox 1576 1451 1673 1481; x_wconf 88' lang='lat' dir='ltr'><strong>rum</strong></span> <span class='ocrx_word' id='word_1_716' title='bbox 1702 1438 1816 1481; x_wconf 89' lang='lat' dir='ltr'><strong>filios</strong></span> <span class='ocrx_word' id='word_1_717' title='bbox 1847 1450 1927 1481; x_wconf 89' lang='lat' dir='ltr'><strong>seu</strong></span> <span class='ocrx_word' id='word_1_718' title='bbox 1955 1436 2086 1488; x_wconf 88' lang='lat' dir='ltr'><strong>filias,</strong></span> <span class='ocrx_word' id='word_1_719' title='bbox 2117 1437 2303 1492; x_wconf 90' lang='lat' dir='ltr'><strong>nepotes</strong></span> <span class='ocrx_word' id='word_1_720' title='bbox 2333 1440 2412 1479; x_wconf 91' lang='lat' dir='ltr'><strong>aut</strong></span> <span class='ocrx_word' id='word_1_721' title='bbox 2441 1440 2618 1492; x_wconf 85' lang='lat' dir='ltr'><strong>neptes,</strong></span> <span class='ocrx_word' id='word_1_722' title='bbox 2647 1442 2916 1493; x_wconf 84' lang='lat' dir='ltr'><strong>pronepotes</strong></span> 
     </span>
     <span class='ocr_line' id='line_1_106' title="bbox 1576 1492 2915 1550; baseline -0.001 -13"><span class='ocrx_word' id='word_1_723' title='bbox 1576 1499 1654 1537; x_wconf 93' lang='lat' dir='ltr'><strong>aut</strong></span> <span class='ocrx_word' id='word_1_724' title='bbox 1694 1498 1934 1550; x_wconf 89' lang='lat' dir='ltr'><strong>proneptes</strong></span> <span class='ocrx_word' id='word_1_725' title='bbox 1974 1506 2001 1536; x_wconf 90' lang='lat' dir='ltr'><strong>a</strong></span> <span class='ocrx_word' id='word_1_726' title='bbox 2039 1496 2167 1548; x_wconf 91' lang='lat' dir='ltr'><strong>patre</strong></span> <span class='ocrx_word' id='word_1_727' title='bbox 2199 1492 2267 1535; x_wconf 90' lang='lat' dir='ltr'><strong>vel</strong></span> <span class='ocrx_word' id='word_1_728' title='bbox 2307 1504 2335 1534; x_wconf 90' lang='lat' dir='ltr'><strong>a</strong></span> <span class='ocrx_word' id='word_1_729' title='bbox 2373 1496 2531 1546; x_wconf 86' lang='lat' dir='ltr'><strong>matre,</strong></span> <span class='ocrx_word' id='word_1_730' title='bbox 2577 1506 2658 1537; x_wconf 91' lang='lat' dir='ltr'><strong>avo</strong></span> <span class='ocrx_word' id='word_1_731' title='bbox 2697 1492 2764 1536; x_wconf 89' lang='lat' dir='ltr'><strong>vel</strong></span> <span class='ocrx_word' id='word_1_732' title='bbox 2802 1493 2915 1546; x_wconf 87' lang='lat' dir='ltr'><strong>avia,</strong></span> 
     </span>
     <span class='ocr_line' id='line_1_107' title="bbox 1576 1548 2918 1606; baseline -0.001 -13"><span class='ocrx_word' id='word_1_733' title='bbox 1576 1563 1741 1606; x_wconf 88' lang='lat' dir='ltr'><strong>proavo</strong></span> <span class='ocrx_word' id='word_1_734' title='bbox 1773 1550 1840 1593; x_wconf 91' lang='lat' dir='ltr'><strong>vel</strong></span> <span class='ocrx_word' id='word_1_735' title='bbox 1870 1549 2055 1606; x_wconf 89' lang='lat' dir='ltr'><strong>proavia</strong></span> <span class='ocrx_word' id='word_1_736' title='bbox 2083 1548 2276 1604; x_wconf 89' lang='lat' dir='ltr'><strong>scriptos</strong></span> <span class='ocrx_word' id='word_1_737' title='bbox 2305 1548 2514 1602; x_wconf 89' lang='lat' dir='ltr'><strong>heredes,</strong></span> <span class='ocrx_word' id='word_1_738' title='bbox 2555 1548 2660 1592; x_wconf 89' lang='lat' dir='ltr'><strong>licet</strong></span> <span class='ocrx_word' id='word_1_739' title='bbox 2698 1561 2789 1592; x_wconf 91' lang='lat' dir='ltr'><strong>non</strong></span> <span class='ocrx_word' id='word_1_740' title='bbox 2827 1549 2918 1593; x_wconf 86' lang='lat' dir='ltr'><strong>sint</strong></span> 
     </span>
     <span class='ocr_line' id='line_1_108' title="bbox 1575 1604 2918 1657; baseline -0.001 -7"><span class='ocrx_word' id='word_1_741' title='bbox 1575 1606 1762 1650; x_wconf 90' lang='lat' dir='ltr'><strong>invicem</strong></span> <span class='ocrx_word' id='word_1_742' title='bbox 1800 1605 2053 1657; x_wconf 90' lang='lat' dir='ltr'><strong>substituti,</strong></span> <span class='ocrx_word' id='word_1_743' title='bbox 2093 1617 2171 1648; x_wconf 90' lang='lat' dir='ltr'><strong>seu</strong></span> <span class='ocrx_word' id='word_1_744' title='bbox 2212 1617 2313 1647; x_wconf 89' lang='lat' dir='ltr'><strong>cum</strong></span> <span class='ocrx_word' id='word_1_745' title='bbox 2355 1605 2576 1649; x_wconf 87' lang='lat' dir='ltr'><strong>extraneis</strong></span> <span class='ocrx_word' id='word_1_746' title='bbox 2606 1617 2684 1648; x_wconf 92' lang='lat' dir='ltr'><strong>seu</strong></span> <span class='ocrx_word' id='word_1_747' title='bbox 2715 1604 2800 1648; x_wconf 89' lang='lat' dir='ltr'><strong>soli</strong></span> <span class='ocrx_word' id='word_1_748' title='bbox 2829 1605 2918 1648; x_wconf 86' lang='lat' dir='ltr'><strong>sint</strong></span> 
     </span>
     <span class='ocr_line' id='line_1_109' title="bbox 1576 1660 2918 1716; baseline 0 -11"><span class='ocrx_word' id='word_1_749' title='bbox 1576 1663 1767 1706; x_wconf 87' lang='lat' dir='ltr'><strong>instituti</strong></span> <span class='ocrx_word' id='word_1_750' title='bbox 1804 1668 1848 1705; x_wconf 89' lang='lat' dir='ltr'><strong>et</strong></span> <span class='ocrx_word' id='word_1_751' title='bbox 1887 1665 1990 1705; x_wconf 92' lang='lat' dir='ltr'><strong>ante</strong></span> <span class='ocrx_word' id='word_1_752' title='bbox 2031 1664 2211 1716; x_wconf 89' lang='lat' dir='ltr'><strong>apertas</strong></span> <span class='ocrx_word' id='word_1_753' title='bbox 2250 1660 2428 1704; x_wconf 89' lang='lat' dir='ltr'><strong>tabulas</strong></span> <span class='ocrx_word' id='word_1_754' title='bbox 2469 1660 2687 1715; x_wconf 91' lang='lat' dir='ltr'><strong>defuncti,</strong></span> <span class='ocrx_word' id='word_1_755' title='bbox 2741 1661 2832 1704; x_wconf 90' lang='lat' dir='ltr'><strong>sive</strong></span> <span class='ocrx_word' id='word_1_756' title='bbox 2869 1673 2918 1705; x_wconf 85' lang='lat' dir='ltr'><strong>se</strong></span> 
     </span>
     <span class='ocr_line' id='line_1_110' title="bbox 1576 1716 2915 1773; baseline -0.002 -10"><span class='ocrx_word' id='word_1_757' title='bbox 1576 1718 1779 1763; x_wconf 89' lang='lat' dir='ltr'><strong>noverint</strong></span> <span class='ocrx_word' id='word_1_758' title='bbox 1807 1718 1996 1773; x_wconf 90' lang='lat' dir='ltr'><strong>scriptos</strong></span> <span class='ocrx_word' id='word_1_759' title='bbox 2026 1716 2210 1760; x_wconf 88' lang='lat' dir='ltr'><strong>heredes</strong></span> <span class='ocrx_word' id='word_1_760' title='bbox 2242 1717 2331 1759; x_wconf 89' lang='lat' dir='ltr'><strong>sive</strong></span> <span class='ocrx_word' id='word_1_761' title='bbox 2365 1716 2684 1771; x_wconf 86' lang='lat' dir='ltr'><strong>ignoraverint,</strong></span> <span class='ocrx_word' id='word_1_762' title='bbox 2724 1717 2771 1760; x_wconf 91' lang='lat' dir='ltr'><strong>in</strong></span> <span class='ocrx_word' id='word_1_763' title='bbox 2807 1717 2915 1760; x_wconf 89' lang='lat' dir='ltr'><strong>libe-</strong></span> 
     </span>
     <span class='ocr_line' id='line_1_111' title="bbox 1575 1772 2915 1829; baseline -0.001 -11"><span class='ocrx_word' id='word_1_764' title='bbox 1575 1788 1649 1819; x_wconf 92' lang='lat' dir='ltr'><strong>ros</strong></span> <span class='ocrx_word' id='word_1_765' title='bbox 1690 1788 1808 1829; x_wconf 91' lang='lat' dir='ltr'><strong>suos,</strong></span> <span class='ocrx_word' id='word_1_766' title='bbox 1856 1773 2173 1828; x_wconf 89' lang='lat' dir='ltr'><strong>cuiuscumque</strong></span> <span class='ocrx_word' id='word_1_767' title='bbox 2213 1772 2302 1815; x_wconf 88' lang='lat' dir='ltr'><strong>sint</strong></span> <span class='ocrx_word' id='word_1_768' title='bbox 2341 1786 2473 1816; x_wconf 87' lang='lat' dir='ltr'><strong>sexus</strong></span> <span class='ocrx_word' id='word_1_769' title='bbox 2514 1774 2583 1817; x_wconf 92' lang='lat' dir='ltr'><strong>vel</strong></span> <span class='ocrx_word' id='word_1_770' title='bbox 2619 1773 2796 1829; x_wconf 85' lang='lat' dir='ltr'><strong>gradus,</strong></span> <span class='ocrx_word' id='word_1_771' title='bbox 2841 1772 2915 1817; x_wconf 90' lang='lat' dir='ltr'><strong>de-</strong></span> 
     </span>
     <span class='ocr_line' id='line_1_112' title="bbox 1575 1829 2916 1884; baseline -0.001 -10"><span class='ocrx_word' id='word_1_772' title='bbox 1575 1831 1775 1874; x_wconf 88' lang='lat' dir='ltr'><strong>relictam</strong></span> <span class='ocrx_word' id='word_1_773' title='bbox 1821 1830 1904 1874; x_wconf 91' lang='lat' dir='ltr'><strong>sibi</strong></span> <span class='ocrx_word' id='word_1_774' title='bbox 1947 1829 2258 1872; x_wconf 88' lang='lat' dir='ltr'><strong>hereditariam</strong></span> <span class='ocrx_word' id='word_1_775' title='bbox 2300 1829 2547 1883; x_wconf 90' lang='lat' dir='ltr'><strong>portionem</strong></span> <span class='ocrx_word' id='word_1_776' title='bbox 2593 1842 2726 1884; x_wconf 88' lang='lat' dir='ltr'><strong>posse</strong></span> <span class='ocrx_word' id='word_1_777' title='bbox 2750 1834 2916 1882; x_wconf 23' lang='lat' dir='ltr'><strong>,trans-</strong></span> 
     </span>
     <span class='ocr_line' id='line_1_113' title="bbox 1574 1884 2918 1940; baseline -0.001 -10"><span class='ocrx_word' id='word_1_778' title='bbox 1574 1888 1750 1930; x_wconf 90' lang='lat' dir='ltr'><strong>mittere</strong></span> <span class='ocrx_word' id='word_1_779' title='bbox 1776 1891 2127 1939; x_wconf 89' lang='lat' dir='ltr'><strong>memoratasque</strong></span> <span class='ocrx_word' id='word_1_780' title='bbox 2151 1897 2379 1940; x_wconf 87' lang='lat' dir='ltr'><strong>personas,</strong></span> <span class='ocrx_word' id='word_1_781' title='bbox 2408 1884 2446 1928; x_wconf 91' lang='lat' dir='ltr'><strong>si</strong></span> <span class='ocrx_word' id='word_1_782' title='bbox 2464 1889 2609 1927; x_wconf 91' lang='lat' dir='ltr'><strong>tamen</strong></span> <span class='ocrx_word' id='word_1_783' title='bbox 2627 1885 2918 1929; x_wconf 89' lang='lat' dir='ltr'><strong>hereditatem</strong></span> 
     </span>
     <span class='ocr_line' id='line_1_114' title="bbox 1576 1940 2918 1996; baseline -0.002 -9"><span class='ocrx_word' id='word_1_784' title='bbox 1576 1956 1664 1987; x_wconf 91' lang='lat' dir='ltr'><strong>non</strong></span> <span class='ocrx_word' id='word_1_785' title='bbox 1688 1945 1911 1996; x_wconf 88' lang='lat' dir='ltr'><strong>recusant,</strong></span> <span class='ocrx_word' id='word_1_786' title='bbox 1938 1941 2061 1984; x_wconf 89' lang='lat' dir='ltr'><strong>nulla</strong></span> <span class='ocrx_word' id='word_1_787' title='bbox 2075 1940 2328 1984; x_wconf 90' lang='lat' dir='ltr'><strong>huiusmodi</strong></span> <span class='ocrx_word' id='word_1_788' title='bbox 2347 1940 2696 1996; x_wconf 86' lang='lat' dir='ltr'><strong>praescriptione</strong></span> <span class='ocrx_word' id='word_1_789' title='bbox 2712 1942 2918 1985; x_wconf 92' lang='lat' dir='ltr'><strong>obstante</strong></span> 
     </span>
     <span class='ocr_line' id='line_1_115' title="bbox 1576 1996 2917 2053; baseline -0.002 -11"><span class='ocrx_word' id='word_1_790' title='bbox 1576 2000 1660 2043; x_wconf 92' lang='lat' dir='ltr'><strong>sibi</strong></span> <span class='ocrx_word' id='word_1_791' title='bbox 1689 2004 1911 2053; x_wconf 88' lang='lat' dir='ltr'><strong>tamquam</strong></span> <span class='ocrx_word' id='word_1_792' title='bbox 1942 1997 2135 2040; x_wconf 88' lang='lat' dir='ltr'><strong>debitam</strong></span> <span class='ocrx_word' id='word_1_793' title='bbox 2164 1996 2405 2040; x_wconf 84' lang='lat' dir='ltr'><strong>vindicare:</strong></span> <span class='ocrx_word' id='word_1_794' title='bbox 2439 1998 2556 2051; x_wconf 90' lang='lat' dir='ltr'><strong>quod</strong></span> <span class='ocrx_word' id='word_1_795' title='bbox 2586 1996 2755 2040; x_wconf 87' lang='lat' dir='ltr'><strong>scilicet</strong></span> <span class='ocrx_word' id='word_1_796' title='bbox 2781 1996 2917 2041; x_wconf 87' lang='lat' dir='ltr'><strong>etiam</strong></span> 
     </span>
     <span class='ocr_line' id='line_1_116' title="bbox 1575 2052 2916 2110; baseline -0.002 -11"><span class='ocrx_word' id='word_1_797' title='bbox 1575 2067 1708 2110; x_wconf 91' lang='lat' dir='ltr'><strong>super</strong></span> <span class='ocrx_word' id='word_1_798' title='bbox 1743 2054 1900 2110; x_wconf 85' lang='lat' dir='ltr'><strong>legatis</strong></span> <span class='ocrx_word' id='word_1_799' title='bbox 1938 2067 2018 2097; x_wconf 90' lang='lat' dir='ltr'><strong>seu</strong></span> <span class='ocrx_word' id='word_1_800' title='bbox 2055 2052 2406 2096; x_wconf 90' lang='lat' dir='ltr'><strong>fideicommissis</strong></span> <span class='ocrx_word' id='word_1_801' title='bbox 2443 2065 2471 2095; x_wconf 87' lang='lat' dir='ltr'><strong>a</strong></span> <span class='ocrx_word' id='word_1_802' title='bbox 2508 2057 2637 2107; x_wconf 92' lang='lat' dir='ltr'><strong>patre</strong></span> <span class='ocrx_word' id='word_1_803' title='bbox 2664 2052 2734 2096; x_wconf 89' lang='lat' dir='ltr'><strong>vel</strong></span> <span class='ocrx_word' id='word_1_804' title='bbox 2761 2057 2916 2104; x_wconf 90' lang='lat' dir='ltr'><strong>matre,</strong></span> 
     </span>
     <span class='ocr_line' id='line_1_117' title="bbox 1575 2108 2917 2165; baseline -0.003 -11"><span class='ocrx_word' id='word_1_805' title='bbox 1575 2124 1656 2154; x_wconf 91' lang='lat' dir='ltr'><strong>avo</strong></span> <span class='ocrx_word' id='word_1_806' title='bbox 1699 2111 1768 2154; x_wconf 87' lang='lat' dir='ltr'><strong>vel</strong></span> <span class='ocrx_word' id='word_1_807' title='bbox 1811 2110 1929 2162; x_wconf 90' lang='lat' dir='ltr'><strong>avia,</strong></span> <span class='ocrx_word' id='word_1_808' title='bbox 1974 2122 2140 2165; x_wconf 88' lang='lat' dir='ltr'><strong>proavo</strong></span> <span class='ocrx_word' id='word_1_809' title='bbox 2178 2108 2247 2151; x_wconf 89' lang='lat' dir='ltr'><strong>vel</strong></span> <span class='ocrx_word' id='word_1_810' title='bbox 2285 2108 2468 2163; x_wconf 89' lang='lat' dir='ltr'><strong>proavia</strong></span> <span class='ocrx_word' id='word_1_811' title='bbox 2507 2108 2729 2152; x_wconf 91' lang='lat' dir='ltr'><strong>derelictis</strong></span> <span class='ocrx_word' id='word_1_812' title='bbox 2769 2108 2917 2152; x_wconf 89' lang='lat' dir='ltr'><strong>locum</strong></span> 
     </span>
     <span class='ocr_line' id='line_1_118' title="bbox 1574 2163 2915 2220; baseline -0.003 -10"><span class='ocrx_word' id='word_1_813' title='bbox 1574 2168 1730 2210; x_wconf 88' lang='lat' dir='ltr'><strong>habet:</strong></span> <span class='ocrx_word' id='word_1_814' title='bbox 1773 2167 1812 2210; x_wconf 93' lang='lat' dir='ltr'><strong>si</strong></span> <span class='ocrx_word' id='word_1_815' title='bbox 1841 2165 2018 2220; x_wconf 89' lang='lat' dir='ltr'><strong>quidem</strong></span> <span class='ocrx_word' id='word_1_816' title='bbox 2046 2163 2354 2219; x_wconf 89' lang='lat' dir='ltr'><strong>perindignum</strong></span> <span class='ocrx_word' id='word_1_817' title='bbox 2385 2168 2454 2206; x_wconf 90' lang='lat' dir='ltr'><strong>est</strong></span> <span class='ocrx_word' id='word_1_818' title='bbox 2482 2163 2690 2207; x_wconf 88' lang='lat' dir='ltr'><strong>fortuitas</strong></span> <span class='ocrx_word' id='word_1_819' title='bbox 2723 2164 2780 2208; x_wconf 92' lang='lat' dir='ltr'><strong>ob</strong></span> <span class='ocrx_word' id='word_1_820' title='bbox 2811 2175 2915 2207; x_wconf 92' lang='lat' dir='ltr'><strong>cau-</strong></span> 
     </span>
     <span class='ocr_line' id='line_1_119' title="bbox 1575 2223 2918 2276; baseline -0.002 -10"><span class='ocrx_word' id='word_1_821' title='bbox 1575 2236 1647 2266; x_wconf 87' lang='lat' dir='ltr'><strong>sas</strong></span> <span class='ocrx_word' id='word_1_822' title='bbox 1663 2223 1732 2267; x_wconf 89' lang='lat' dir='ltr'><strong>vel</strong></span> <span class='ocrx_word' id='word_1_823' title='bbox 1756 2235 1887 2266; x_wconf 88' lang='lat' dir='ltr'><strong>casus</strong></span> <span class='ocrx_word' id='word_1_824' title='bbox 1912 2223 2129 2264; x_wconf 90' lang='lat' dir='ltr'><strong>humanos</strong></span> <span class='ocrx_word' id='word_1_825' title='bbox 2153 2224 2338 2274; x_wconf 91' lang='lat' dir='ltr'><strong>nepotes</strong></span> <span class='ocrx_word' id='word_1_826' title='bbox 2355 2224 2435 2262; x_wconf 88' lang='lat' dir='ltr'><strong>aut</strong></span> <span class='ocrx_word' id='word_1_827' title='bbox 2453 2223 2622 2274; x_wconf 88' lang='lat' dir='ltr'><strong>neptes,</strong></span> <span class='ocrx_word' id='word_1_828' title='bbox 2648 2224 2918 2276; x_wconf 84' lang='lat' dir='ltr'><strong>pronepotes</strong></span> 
     </span>
     <span class='ocr_line' id='line_1_120' title="bbox 1573 2274 2917 2333; baseline -0.002 -12"><span class='ocrx_word' id='word_1_829' title='bbox 1573 2282 1652 2322; x_wconf 90' lang='lat' dir='ltr'><strong>aut</strong></span> <span class='ocrx_word' id='word_1_830' title='bbox 1680 2280 1920 2333; x_wconf 86' lang='lat' dir='ltr'><strong>proneptes</strong></span> <span class='ocrx_word' id='word_1_831' title='bbox 1951 2277 2070 2320; x_wconf 88' lang='lat' dir='ltr'><strong>avita</strong></span> <span class='ocrx_word' id='word_1_832' title='bbox 2090 2276 2159 2319; x_wconf 91' lang='lat' dir='ltr'><strong>vel</strong></span> <span class='ocrx_word' id='word_1_833' title='bbox 2188 2274 2391 2330; x_wconf 90' lang='lat' dir='ltr'><strong>proavita</strong></span> <span class='ocrx_word' id='word_1_834' title='bbox 2411 2274 2694 2320; x_wconf 87' lang='lat' dir='ltr'><strong>successione</strong></span> <span class='ocrx_word' id='word_1_835' title='bbox 2718 2274 2917 2318; x_wconf 86' lang='lat' dir='ltr'><strong>fraudari</strong></span> 
     </span>
     <span class='ocr_line' id='line_1_121' title="bbox 1573 2330 2918 2388; baseline -0.001 -12"><span class='ocrx_word' id='word_1_836' title='bbox 1573 2335 1771 2388; x_wconf 85' lang='lat' dir='ltr'><strong>aliosque</strong></span> <span class='ocrx_word' id='word_1_837' title='bbox 1809 2333 2022 2376; x_wconf 91' lang='lat' dir='ltr'><strong>adversus</strong></span> <span class='ocrx_word' id='word_1_838' title='bbox 2063 2332 2226 2376; x_wconf 88' lang='lat' dir='ltr'><strong>avitum</strong></span> <span class='ocrx_word' id='word_1_839' title='bbox 2257 2330 2324 2373; x_wconf 89' lang='lat' dir='ltr'><strong>vel</strong></span> <span class='ocrx_word' id='word_1_840' title='bbox 2363 2330 2615 2385; x_wconf 90' lang='lat' dir='ltr'><strong>proavitum</strong></span> <span class='ocrx_word' id='word_1_841' title='bbox 2653 2330 2918 2375; x_wconf 88' lang='lat' dir='ltr'><strong>desiderium</strong></span> 
     </span>
     <span class='ocr_line' id='line_1_122' title="bbox 1573 2386 2915 2442; baseline -0.001 -10"><span class='ocrx_word' id='word_1_842' title='bbox 1573 2390 1641 2433; x_wconf 88' lang='lat' dir='ltr'><strong>vel</strong></span> <span class='ocrx_word' id='word_1_843' title='bbox 1669 2389 1921 2432; x_wconf 89' lang='lat' dir='ltr'><strong>institutum</strong></span> <span class='ocrx_word' id='word_1_844' title='bbox 1951 2389 2178 2442; x_wconf 88' lang='lat' dir='ltr'><strong>insperato</strong></span> <span class='ocrx_word' id='word_1_845' title='bbox 2216 2386 2349 2440; x_wconf 87' lang='lat' dir='ltr'><strong>legati</strong></span> <span class='ocrx_word' id='word_1_846' title='bbox 2389 2386 2616 2431; x_wconf 89' lang='lat' dir='ltr'><strong>commodo</strong></span> <span class='ocrx_word' id='word_1_847' title='bbox 2647 2388 2715 2431; x_wconf 91' lang='lat' dir='ltr'><strong>vel</strong></span> <span class='ocrx_word' id='word_1_848' title='bbox 2743 2387 2915 2431; x_wconf 89' lang='lat' dir='ltr'><strong>heredi-</strong></span> 
     </span>
     <span class='ocr_line' id='line_1_123' title="bbox 1571 2442 2916 2500; baseline -0.001 -12"><span class='ocrx_word' id='word_1_849' title='bbox 1571 2445 1675 2489; x_wconf 90' lang='lat' dir='ltr'><strong>tatis</strong></span> <span class='ocrx_word' id='word_1_850' title='bbox 1703 2445 1909 2500; x_wconf 88' lang='lat' dir='ltr'><strong>gaudere.</strong></span> <span class='ocrx_word' id='word_1_851' title='bbox 1959 2444 2155 2487; x_wconf 91' lang='lat' dir='ltr'><strong>habeant</strong></span> <span class='ocrx_word' id='word_1_852' title='bbox 2184 2455 2287 2486; x_wconf 92' lang='lat' dir='ltr'><strong>vero</strong></span> <span class='ocrx_word' id='word_1_853' title='bbox 2318 2442 2532 2486; x_wconf 89' lang='lat' dir='ltr'><strong>solacium</strong></span> <span class='ocrx_word' id='word_1_854' title='bbox 2561 2443 2766 2487; x_wconf 89' lang='lat' dir='ltr'><strong>tristitiae</strong></span> <span class='ocrx_word' id='word_1_855' title='bbox 2795 2456 2916 2497; x_wconf 83' lang='lat' dir='ltr'><strong>suae,</strong></span> 
     </span>
     <span class='ocr_line' id='line_1_124' title="bbox 1573 2498 2914 2557; baseline -0.001 -13"><span class='ocrx_word' id='word_1_856' title='bbox 1573 2501 1733 2557; x_wconf 92' lang='lat' dir='ltr'><strong>quibus</strong></span> <span class='ocrx_word' id='word_1_857' title='bbox 1771 2506 1840 2544; x_wconf 87' lang='lat' dir='ltr'><strong>est</strong></span> <span class='ocrx_word' id='word_1_858' title='bbox 1875 2500 2031 2544; x_wconf 90' lang='lat' dir='ltr'><strong>merito</strong></span> <span class='ocrx_word' id='word_1_859' title='bbox 2064 2498 2394 2543; x_wconf 90' lang='lat' dir='ltr'><strong>consulendum.</strong></span> <span class='ocrx_word' id='word_1_860' title='bbox 2453 2498 2508 2543; x_wconf 90' lang='lat' dir='ltr'><strong>D.</strong></span> <span class='ocrx_word' id='word_1_861' title='bbox 2542 2510 2610 2543; x_wconf 78' lang='grc' dir='ltr'><strong>ΠΙ</strong></span> <span class='ocrx_word' id='word_1_862' title='bbox 2635 2513 2739 2543; x_wconf 89' lang='lat' dir='ltr'><strong>non.</strong></span> <span class='ocrx_word' id='word_1_863' title='bbox 2769 2499 2914 2557; x_wconf 80' lang='lat' dir='ltr'><strong>April.</strong></span> 
     </span>
     <span class='ocr_line' id='line_1_125' title="bbox 1562 2555 2915 2615; baseline -0.001 -15"><span class='ocrx_word' id='word_1_864' title='bbox 1562 2563 1677 2615; x_wconf 86' lang='lat' dir='ltr'><strong>post</strong></span> <span class='ocrx_word' id='word_1_865' title='bbox 1704 2556 1986 2601; x_wconf 80' lang='lat' dir='ltr'><strong>consulatum</strong></span> <span class='ocrx_word' id='word_1_866' title='bbox 2017 2555 2294 2613; x_wconf 73' lang='lat' dir='ltr'><strong>Protoqenis</strong></span> <span class='ocrx_word' id='word_1_867' title='bbox 2322 2560 2366 2599; x_wconf 82' lang='lat' dir='ltr'><strong>et</strong></span> <span class='ocrx_word' id='word_1_868' title='bbox 2394 2555 2573 2599; x_wconf 78' lang='lat' dir='ltr'><strong>Asterii.</strong></span> <span class='ocrx_word' id='word_1_869' title='bbox 2729 2559 2784 2609; x_wconf 91' lang='lat' dir='ltr'><strong>[a.</strong></span> <span class='ocrx_word' id='word_1_870' title='bbox 2816 2555 2915 2611; x_wconf 84' lang='lat'>450]</span> 
     </span>
    </p>
   </div>
   <div class='ocr_carea' id='block_1_15' title="bbox 2158 2727 2332 2775">
    <p class='ocr_par' dir='ltr' id='par_1_15' title="bbox 2158 2727 2332 2775">
     <span class='ocr_line' id='line_1_126' title="bbox 2158 2727 2332 2775; baseline -0.006 0"><span class='ocrx_word' id='word_1_871' title='bbox 2158 2727 2332 2775; x_wconf 89' lang='lat' dir='ltr'><strong>LIII.¹⁰</strong></span> 
     </span>
    </p>
   </div>
   <div class='ocr_carea' id='block_1_16' title="bbox 1618 2808 2863 2906">
    <p class='ocr_par' dir='ltr' id='par_1_16' title="bbox 1618 2808 2863 2906">
     <span class='ocr_line' id='line_1_127' title="bbox 1618 2808 2863 2906; baseline -0.001 -55"><span class='ocrx_word' id='word_1_872' title='bbox 1618 2810 1848 2857; x_wconf 83' lang='lat' dir='ltr'><strong>QUANDO</strong></span> <span class='ocrx_word' id='word_1_873' title='bbox 1881 2810 2011 2850; x_wconf 88' lang='lat' dir='ltr'>DIES</span> <span class='ocrx_word' id='word_1_874' title='bbox 2040 2808 2398 2906; x_wconf 44' lang='lat' dir='ltr'>LEGggssIgEL</span> <span class='ocrx_word' id='word_1_875' title='bbox 2430 2809 2863 2850; x_wconf 86' lang='lat' dir='ltr'>FIDEICOMMISSI</span> 
     </span>
    </p>
   </div>
   <div class='ocr_carea' id='block_1_17' title="bbox 1565 2946 2915 4403">
    <p class='ocr_par' dir='ltr' id='par_1_17' title="bbox 1567 2946 2915 3224">
     <span class='ocr_line' id='line_1_128' title="bbox 1629 2946 2910 3006; baseline -0.002 -13"><span class='ocrx_word' id='word_1_876' title='bbox 1629 2948 1652 2994; x_wconf 87' lang='lat'>1</span> <span class='ocrx_word' id='word_1_877' title='bbox 1706 2947 1851 3006; x_wconf 90' lang='lat' dir='ltr'><strong>Impp.</strong></span> <span class='ocrx_word' id='word_1_878' title='bbox 1900 2946 2090 2992; x_wconf 85' lang='lat' dir='ltr'><strong>Severus</strong></span> <span class='ocrx_word' id='word_1_879' title='bbox 2140 2952 2185 2991; x_wconf 84' lang='lat' dir='ltr'><strong>et</strong></span> <span class='ocrx_word' id='word_1_880' title='bbox 2226 2946 2483 2990; x_wconf 76' lang='lat' dir='ltr'><strong>Antoninus</strong></span> <span class='ocrx_word' id='word_1_881' title='bbox 2526 2946 2618 2990; x_wconf 87' lang='lat' dir='ltr'><strong>AA.</strong></span> <span class='ocrx_word' id='word_1_882' title='bbox 2663 2946 2910 3005; x_wconf 74' lang='lat' dir='ltr'><strong>Ayrippae.</strong></span> 
     </span>
     <span class='ocr_line' id='line_1_129' title="bbox 1570 3001 2914 3060; baseline -0.001 -12"><span class='ocrx_word' id='word_1_883' title='bbox 1570 3005 1617 3048; x_wconf 92' lang='lat' dir='ltr'><strong>Si</strong></span> <span class='ocrx_word' id='word_1_884' title='bbox 1656 3004 1921 3060; x_wconf 87' lang='lat' dir='ltr'><strong>competenti</strong></span> <span class='ocrx_word' id='word_1_885' title='bbox 1958 3003 2093 3047; x_wconf 91' lang='lat' dir='ltr'><strong>iudici</strong></span> <span class='ocrx_word' id='word_1_886' title='bbox 2127 3014 2277 3046; x_wconf 90' lang='lat' dir='ltr'><strong>annua</strong></span> <span class='ocrx_word' id='word_1_887' title='bbox 2306 3002 2451 3058; x_wconf 83' lang='lat' dir='ltr'><strong>legata</strong></span> <span class='ocrx_word' id='word_1_888' title='bbox 2479 3002 2547 3046; x_wconf 91' lang='lat' dir='ltr'><strong>vel</strong></span> <span class='ocrx_word' id='word_1_889' title='bbox 2575 3001 2914 3047; x_wconf 86' lang='lat' dir='ltr'><strong>fideicommissa</strong></span> 
     </span>
     <span class='ocr_line' id='line_1_130' title="bbox 1567 3057 2915 3116; baseline -0.003 -12"><span class='ocrx_word' id='word_1_890' title='bbox 1567 3061 1650 3104; x_wconf 89' lang='lat' dir='ltr'><strong>tibi</strong></span> <span class='ocrx_word' id='word_1_891' title='bbox 1693 3061 1850 3104; x_wconf 88' lang='lat' dir='ltr'><strong>relicta</strong></span> <span class='ocrx_word' id='word_1_892' title='bbox 1893 3059 2172 3116; x_wconf 87' lang='lat' dir='ltr'><strong>probaveris,</strong></span> <span class='ocrx_word' id='word_1_893' title='bbox 2227 3061 2284 3104; x_wconf 91' lang='lat' dir='ltr'><strong>ab</strong></span> <span class='ocrx_word' id='word_1_894' title='bbox 2327 3058 2453 3102; x_wconf 87' lang='lat' dir='ltr'><strong>initio</strong></span> <span class='ocrx_word' id='word_1_895' title='bbox 2498 3057 2716 3115; x_wconf 89' lang='lat' dir='ltr'><strong>cuiusque</strong></span> <span class='ocrx_word' id='word_1_896' title='bbox 2732 3059 2764 3085; x_wconf 88' lang='lat'><strong>¹¹</strong></span> <span class='ocrx_word' id='word_1_897' title='bbox 2809 3059 2915 3103; x_wconf 88' lang='lat' dir='ltr'><strong>anni</strong></span> 
     </span>
     <span class='ocr_line' id='line_1_131' title="bbox 1569 3112 2914 3172; baseline -0.002 -11"><span class='ocrx_word' id='word_1_898' title='bbox 1569 3117 1769 3172; x_wconf 88' lang='lat' dir='ltr'><strong>exigendi</strong></span> <span class='ocrx_word' id='word_1_899' title='bbox 1812 3129 1865 3160; x_wconf 91' lang='lat' dir='ltr'><strong>ea</strong></span> <span class='ocrx_word' id='word_1_900' title='bbox 1908 3115 2094 3161; x_wconf 87' lang='lat' dir='ltr'><strong>habebis</strong></span> <span class='ocrx_word' id='word_1_901' title='bbox 2145 3114 2429 3172; x_wconf 56' lang='lat' dir='ltr'><strong>facultatem.</strong></span> <span class='ocrx_word' id='word_1_902' title='bbox 2502 3112 2804 3172; x_wconf 75' lang='lat' dir='ltr'><strong>Supposita¹²</strong></span> <span class='ocrx_word' id='word_1_903' title='bbox 2847 3125 2914 3158; x_wconf 84' lang='lat'><strong>111</strong></span> 
     </span>
     <span class='ocr_line' id='line_1_132' title="bbox 1568 3169 2912 3224; baseline -0.003 -7"><span class='ocrx_word' id='word_1_904' title='bbox 1568 3172 1610 3217; x_wconf 79' lang='lat' dir='ltr'><strong>lc.</strong></span> <span class='ocrx_word' id='word_1_905' title='bbox 1643 3172 1744 3218; x_wconf 80' lang='lat' dir='ltr'><strong>Iun.</strong></span> <span class='ocrx_word' id='word_1_906' title='bbox 1778 3171 2028 3217; x_wconf 80' lang='lat' dir='ltr'><strong>Saturnino</strong></span> <span class='ocrx_word' id='word_1_907' title='bbox 2059 3176 2103 3215; x_wconf 85' lang='lat' dir='ltr'><strong>et</strong></span> <span class='ocrx_word' id='word_1_908' title='bbox 2133 3169 2265 3214; x_wconf 83' lang='lat' dir='ltr'><strong>Gallo</strong></span> <span class='ocrx_word' id='word_1_909' title='bbox 2296 3183 2439 3214; x_wconf 74' lang='lat' dir='ltr'><strong>cons-5.</strong></span> <span class='ocrx_word' id='word_1_910' title='bbox 2725 3173 2782 3224; x_wconf 85' lang='lat' dir='ltr'><strong>[a.</strong></span> <span class='ocrx_word' id='word_1_911' title='bbox 2819 3173 2912 3223; x_wconf 82' lang='lat'>198]</span> 
     </span>
    </p>

    <p class='ocr_par' dir='ltr' id='par_1_18' title="bbox 1566 3225 2913 3559">
     <span class='ocr_line' id='line_1_133' title="bbox 1625 3225 2912 3282; baseline -0.004 -8"><span class='ocrx_word' id='word_1_912' title='bbox 1625 3227 1656 3275; x_wconf 87' lang='lat'><strong>2</strong></span> <span class='ocrx_word' id='word_1_913' title='bbox 1704 3227 1829 3273; x_wconf 87' lang='lat' dir='ltr'><strong>Idem</strong></span> <span class='ocrx_word' id='word_1_914' title='bbox 1869 3228 1961 3272; x_wconf 87' lang='lat' dir='ltr'><strong>AA.</strong></span> <span class='ocrx_word' id='word_1_915' title='bbox 2002 3225 2178 3271; x_wconf 82' lang='lat' dir='ltr'><strong>Prisco.</strong></span> <span class='ocrx_word' id='word_1_916' title='bbox 2252 3227 2420 3282; x_wconf 88' lang='lat' dir='ltr'><strong>Agrum</strong></span> <span class='ocrx_word' id='word_1_917' title='bbox 2464 3225 2666 3282; x_wconf 90' lang='lat' dir='ltr'><strong>pluribus</strong></span> <span class='ocrx_word' id='word_1_918' title='bbox 2710 3225 2912 3270; x_wconf 90' lang='lat' dir='ltr'><strong>relictum</strong></span> 
     </span>
     <span class='ocr_line' id='line_1_134' title="bbox 1568 3281 2913 3335; baseline -0.002 -6"><span class='ocrx_word' id='word_1_919' title='bbox 1568 3285 1825 3329; x_wconf 88' lang='lat' dir='ltr'><strong>nominatim</strong></span> <span class='ocrx_word' id='word_1_920' title='bbox 1867 3282 2255 3328; x_wconf 89' lang='lat' dir='ltr'><strong>animadvertimus</strong></span> <span class='ocrx_word' id='word_1_921' title='bbox 2295 3287 2341 3326; x_wconf 92' lang='lat' dir='ltr'><strong>et</strong></span> <span class='ocrx_word' id='word_1_922' title='bbox 2385 3285 2584 3335; x_wconf 90' lang='lat' dir='ltr'><strong>cautum,</strong></span> <span class='ocrx_word' id='word_1_923' title='bbox 2627 3286 2678 3326; x_wconf 91' lang='lat' dir='ltr'><strong>ut</strong></span> <span class='ocrx_word' id='word_1_924' title='bbox 2715 3281 2775 3326; x_wconf 89' lang='lat' dir='ltr'><strong>ad</strong></span> <span class='ocrx_word' id='word_1_925' title='bbox 2813 3295 2913 3326; x_wconf 89' lang='lat' dir='ltr'><strong>eum</strong></span> 
     </span>
     <span class='ocr_line' id='line_1_135' title="bbox 1569 3337 2913 3397; baseline -0.003 -12"><span class='ocrx_word' id='word_1_926' title='bbox 1569 3342 1644 3397; x_wconf 92' lang='lat' dir='ltr'><strong>qui</strong></span> <span class='ocrx_word' id='word_1_927' title='bbox 1683 3340 1999 3397; x_wconf 85' lang='lat' dir='ltr'><strong>supervixisset</strong></span> <span class='ocrx_word' id='word_1_928' title='bbox 2037 3352 2108 3384; x_wconf 93' lang='lat' dir='ltr'><strong>res</strong></span> <span class='ocrx_word' id='word_1_929' title='bbox 2145 3339 2400 3395; x_wconf 89' lang='lat' dir='ltr'><strong>pertineret.</strong></span> <span class='ocrx_word' id='word_1_930' title='bbox 2468 3339 2732 3394; x_wconf 88' lang='lat' dir='ltr'><strong>quicumque</strong></span> <span class='ocrx_word' id='word_1_931' title='bbox 2777 3337 2913 3393; x_wconf 86' lang='lat' dir='ltr'><strong>igitur</strong></span> 
     </span>
     <span class='ocr_line' id='line_1_136' title="bbox 1566 3394 2911 3450; baseline -0.002 -9"><span class='ocrx_word' id='word_1_932' title='bbox 1566 3398 1605 3441; x_wconf 90' lang='lat' dir='ltr'><strong>is</strong></span> <span class='ocrx_word' id='word_1_933' title='bbox 1634 3397 1743 3450; x_wconf 81' lang='lat' dir='ltr'><strong>fuit,</strong></span> <span class='ocrx_word' id='word_1_934' title='bbox 1784 3397 1842 3441; x_wconf 91' lang='lat' dir='ltr'><strong>ad</strong></span> <span class='ocrx_word' id='word_1_935' title='bbox 1879 3395 2083 3440; x_wconf 89' lang='lat' dir='ltr'><strong>heredem</strong></span> <span class='ocrx_word' id='word_1_936' title='bbox 2120 3409 2249 3439; x_wconf 90' lang='lat' dir='ltr'><strong>suum</strong></span> <span class='ocrx_word' id='word_1_937' title='bbox 2286 3394 2526 3439; x_wconf 86' lang='lat' dir='ltr'><strong>dominium</strong></span> <span class='ocrx_word' id='word_1_938' title='bbox 2555 3394 2801 3439; x_wconf 88' lang='lat' dir='ltr'><strong>transmisit</strong></span> <span class='ocrx_word' id='word_1_939' title='bbox 2828 3406 2911 3439; x_wconf 88' lang='lat' dir='ltr'><strong>nec</strong></span> 
     </span>
     <span class='ocr_line' id='line_1_137' title="bbox 1566 3449 2908 3508; baseline -0.003 -11"><span class='ocrx_word' id='word_1_940' title='bbox 1566 3454 1646 3498; x_wconf 91' lang='lat' dir='ltr'><strong>tali</strong></span> <span class='ocrx_word' id='word_1_941' title='bbox 1662 3455 1696 3481; x_wconf 83' lang='lat'><strong>¹³</strong></span> <span class='ocrx_word' id='word_1_942' title='bbox 1732 3452 2072 3497; x_wconf 90' lang='lat' dir='ltr'><strong>fideicommisso</strong></span> <span class='ocrx_word' id='word_1_943' title='bbox 2113 3451 2414 3507; x_wconf 87' lang='lat' dir='ltr'><strong>adstringitur.</strong></span> <span class='ocrx_word' id='word_1_944' title='bbox 2484 3449 2578 3494; x_wconf 89' lang='grc' dir='ltr'><strong>ΡΡ.</strong></span> <span class='ocrx_word' id='word_1_945' title='bbox 2611 3462 2682 3494; x_wconf 70' lang='lat' dir='ltr'><strong>xv</strong></span> <span class='ocrx_word' id='word_1_946' title='bbox 2715 3449 2758 3494; x_wconf 84' lang='lat' dir='ltr'><strong>Ic.</strong></span> <span class='ocrx_word' id='word_1_947' title='bbox 2794 3451 2908 3508; x_wconf 74' lang='lat' dir='ltr'><strong>Auq.</strong></span> 
     </span>
     <span class='ocr_line' id='line_1_138' title="bbox 1571 3508 2907 3559; baseline -0.004 -5"><span class='ocrx_word' id='word_1_948' title='bbox 1571 3510 1723 3556; x_wconf 80' lang='lat' dir='ltr'><strong>Cilone</strong></span> <span class='ocrx_word' id='word_1_949' title='bbox 1751 3515 1796 3553; x_wconf 86' lang='lat' dir='ltr'><strong>et</strong></span> <span class='ocrx_word' id='word_1_950' title='bbox 1824 3508 1996 3553; x_wconf 85' lang='lat' dir='ltr'><strong>Libone</strong></span> <span class='ocrx_word' id='word_1_951' title='bbox 2026 3521 2170 3551; x_wconf 82' lang='lat' dir='ltr'><strong>conss.</strong></span> <span class='ocrx_word' id='word_1_952' title='bbox 2719 3509 2775 3558; x_wconf 89' lang='lat' dir='ltr'><strong>[a.</strong></span> <span class='ocrx_word' id='word_1_953' title='bbox 2809 3509 2907 3559; x_wconf 75' lang='lat'>204]</span> 
     </span>
    </p>

    <p class='ocr_par' dir='ltr' id='par_1_19' title="bbox 1565 3561 2911 3894">
     <span class='ocr_line' id='line_1_139' title="bbox 1624 3561 2911 3628; baseline -0.005 -17"><span class='ocrx_word' id='word_1_954' title='bbox 1624 3563 1654 3612; x_wconf 87' lang='lat'><strong>3</strong></span> <span class='ocrx_word' id='word_1_955' title='bbox 1693 3563 1818 3610; x_wconf 85' lang='lat' dir='ltr'><strong>Idem</strong></span> <span class='ocrx_word' id='word_1_956' title='bbox 1857 3565 1950 3608; x_wconf 86' lang='lat' dir='ltr'><strong>AA.</strong></span> <span class='ocrx_word' id='word_1_957' title='bbox 1987 3563 2153 3608; x_wconf 77' lang='lat' dir='ltr'><strong>Aeliae.</strong></span> <span class='ocrx_word' id='word_1_958' title='bbox 2222 3562 2270 3606; x_wconf 86' lang='lat' dir='ltr'><strong>Si</strong></span> <span class='ocrx_word' id='word_1_959' title='bbox 2308 3562 2575 3606; x_wconf 88' lang='lat' dir='ltr'><strong>Pontianilla</strong></span> <span class='ocrx_word' id='word_1_960' title='bbox 2613 3561 2812 3628; x_wconf 88' lang='lat' dir='ltr'><strong>pervenit</strong></span> <span class='ocrx_word' id='word_1_961' title='bbox 2853 3561 2911 3605; x_wconf 87' lang='lat' dir='ltr'><strong>ad</strong></span> 
     </span>
     <span class='ocr_line' id='line_1_140' title="bbox 1569 3617 2907 3675; baseline -0.003 -9"><span class='ocrx_word' id='word_1_962' title='bbox 1569 3635 1664 3666; x_wconf 90' lang='lat' dir='ltr'><strong>eam</strong></span> <span class='ocrx_word' id='word_1_963' title='bbox 1694 3625 1896 3675; x_wconf 89' lang='lat' dir='ltr'><strong>aetatem,</strong></span> <span class='ocrx_word' id='word_1_964' title='bbox 1939 3621 2011 3663; x_wconf 93' lang='lat' dir='ltr'><strong>cui</strong></span> <span class='ocrx_word' id='word_1_965' title='bbox 2038 3619 2230 3674; x_wconf 87' lang='lat' dir='ltr'><strong>legatum</strong></span> <span class='ocrx_word' id='word_1_966' title='bbox 2264 3623 2342 3662; x_wconf 89' lang='lat' dir='ltr'><strong>aut</strong></span> <span class='ocrx_word' id='word_1_967' title='bbox 2371 3618 2756 3662; x_wconf 78' lang='lat' dir='ltr'><strong>fideicommissum</strong></span> <span class='ocrx_word' id='word_1_968' title='bbox 2785 3617 2907 3662; x_wconf 88' lang='lat' dir='ltr'><strong>dela-</strong></span> 
     </span>
     <span class='ocr_line' id='line_1_141' title="bbox 1565 3673 2911 3732; baseline -0.003 -10"><span class='ocrx_word' id='word_1_969' title='bbox 1565 3683 1660 3722; x_wconf 92' lang='lat' dir='ltr'><strong>tum</strong></span> <span class='ocrx_word' id='word_1_970' title='bbox 1690 3681 1798 3730; x_wconf 88' lang='lat' dir='ltr'><strong>erat,</strong></span> <span class='ocrx_word' id='word_1_971' title='bbox 1828 3676 2087 3732; x_wconf 89' lang='lat' dir='ltr'><strong>petitionem</strong></span> <span class='ocrx_word' id='word_1_972' title='bbox 2109 3675 2166 3719; x_wconf 90' lang='lat' dir='ltr'><strong>ad</strong></span> <span class='ocrx_word' id='word_1_973' title='bbox 2187 3674 2372 3718; x_wconf 88' lang='lat' dir='ltr'><strong>heredes</strong></span> <span class='ocrx_word' id='word_1_974' title='bbox 2397 3674 2652 3728; x_wconf 89' lang='lat' dir='ltr'><strong>transmisit,</strong></span> <span class='ocrx_word' id='word_1_975' title='bbox 2682 3673 2786 3718; x_wconf 92' lang='lat' dir='ltr'><strong>licet</strong></span> <span class='ocrx_word' id='word_1_976' title='bbox 2806 3677 2911 3718; x_wconf 87' lang='lat' dir='ltr'><strong>ante</strong></span> 
     </span>
     <span class='ocr_line' id='line_1_142' title="bbox 1567 3729 2908 3788; baseline -0.004 -9"><span class='ocrx_word' id='word_1_977' title='bbox 1567 3733 1828 3785; x_wconf 90' lang='lat' dir='ltr'><strong>decesserit,</strong></span> <span class='ocrx_word' id='word_1_978' title='bbox 1874 3745 2006 3788; x_wconf 90' lang='lat' dir='ltr'><strong>quam</strong></span> <span class='ocrx_word' id='word_1_979' title='bbox 2051 3743 2185 3775; x_wconf 92' lang='lat' dir='ltr'><strong>conse</strong></span> <span class='ocrx_word' id='word_1_980' title='bbox 2218 3734 2398 3775; x_wconf 91' lang='lat' dir='ltr'><strong>ueretur</strong></span> <span class='ocrx_word' id='word_1_981' title='bbox 2443 3730 2635 3786; x_wconf 88' lang='lat' dir='ltr'><strong>legatum</strong></span> <span class='ocrx_word' id='word_1_982' title='bbox 2679 3729 2746 3774; x_wconf 90' lang='lat' dir='ltr'><strong>vel</strong></span> <span class='ocrx_word' id='word_1_983' title='bbox 2783 3729 2908 3774; x_wconf 89' lang='lat' dir='ltr'><strong>fidei-</strong></span> 
     </span>
     <span class='ocr_line' id='line_1_143' title="bbox 1570 3745 2910 3844; baseline -0.004 -9"><span class='ocrx_word' id='word_1_984' title='bbox 1570 3789 1863 3835; x_wconf 90' lang='lat' dir='ltr'><strong>commissum.</strong></span> <span class='ocrx_word' id='word_1_985' title='bbox 1952 3786 2045 3831; x_wconf 87' lang='grc' dir='ltr'><strong>ΡΡ.</strong></span> <span class='ocrx_word' id='word_1_986' title='bbox 2100 3799 2130 3830; x_wconf 80' lang='lat' dir='ltr'><strong><em>V</em></strong></span> <span class='ocrx_word' id='word_1_987' title='bbox 2180 3745 2223 3831; x_wconf 52' lang='lat' dir='ltr'><strong>lg.</strong></span> <span class='ocrx_word' id='word_1_988' title='bbox 2269 3788 2383 3844; x_wconf 73' lang='lat' dir='ltr'><strong>Auq.</strong></span> <span class='ocrx_word' id='word_1_989' title='bbox 2441 3785 2594 3831; x_wconf 78' lang='lat' dir='ltr'><strong>Cilone</strong></span> <span class='ocrx_word' id='word_1_990' title='bbox 2643 3791 2688 3831; x_wconf 82' lang='lat' dir='ltr'><strong>et</strong></span> <span class='ocrx_word' id='word_1_991' title='bbox 2738 3784 2910 3830; x_wconf 82' lang='lat' dir='ltr'><strong>Libone</strong></span> 
     </span>
     <span class='ocr_line' id='line_1_144' title="bbox 1568 3845 2904 3894; baseline -0.004 -4"><span class='ocrx_word' id='word_1_992' title='bbox 1568 3859 1712 3891; x_wconf 85' lang='lat' dir='ltr'><strong>conss.</strong></span> <span class='ocrx_word' id='word_1_993' title='bbox 2378 3883 2380 3885; x_wconf 92' lang='lat'><strong>.</strong></span> <span class='ocrx_word' id='word_1_994' title='bbox 2723 3845 2779 3894; x_wconf 91' lang='lat' dir='ltr'><strong>[a.</strong></span> <span class='ocrx_word' id='word_1_995' title='bbox 2808 3845 2904 3892; x_wconf 76' lang='lat'><strong>204]</strong></span> 
     </span>
    </p>

    <p class='ocr_par' dir='ltr' id='par_1_20' title="bbox 1565 3897 2907 4171">
     <span class='ocr_line' id='line_1_145' title="bbox 1623 3897 2907 3948; baseline -0.004 -3"><span class='ocrx_word' id='word_1_996' title='bbox 1623 3900 1656 3948; x_wconf 89' lang='grc'>4</span> <span class='ocrx_word' id='word_1_997' title='bbox 1687 3899 1811 3944; x_wconf 83' lang='lat' dir='ltr'><strong>Idem</strong></span> <span class='ocrx_word' id='word_1_998' title='bbox 1848 3899 1940 3944; x_wconf 88' lang='lat' dir='ltr'><strong>AA.</strong></span> <span class='ocrx_word' id='word_1_999' title='bbox 1981 3899 2190 3943; x_wconf 79' lang='lat' dir='ltr'><strong>Ammiae.</strong></span> <span class='ocrx_word' id='word_1_1000' title='bbox 2264 3898 2375 3942; x_wconf 85' lang='lat' dir='ltr'><strong>Cum</strong></span> <span class='ocrx_word' id='word_1_1001' title='bbox 2416 3898 2545 3942; x_wconf 86' lang='lat' dir='ltr'><strong>uxori</strong></span> <span class='ocrx_word' id='word_1_1002' title='bbox 2589 3910 2695 3942; x_wconf 91' lang='lat' dir='ltr'><strong>usus</strong></span> <span class='ocrx_word' id='word_1_1003' title='bbox 2733 3897 2907 3941; x_wconf 81' lang='lat' dir='ltr'><strong>fructus</strong></span> 
     </span>
     <span class='ocr_line' id='line_1_146' title="bbox 1566 3952 2905 4011; baseline -0.004 -10"><span class='ocrx_word' id='word_1_1004' title='bbox 1566 3956 1694 4001; x_wconf 87' lang='lat' dir='ltr'><strong>fundi</strong></span> <span class='ocrx_word' id='word_1_1005' title='bbox 1720 3955 1894 4011; x_wconf 88' lang='lat' dir='ltr'><strong>legatur</strong></span> <span class='ocrx_word' id='word_1_1006' title='bbox 1923 3959 1967 3999; x_wconf 91' lang='lat' dir='ltr'><strong>et</strong></span> <span class='ocrx_word' id='word_1_1007' title='bbox 1996 3955 2091 4000; x_wconf 90' lang='lat' dir='ltr'><strong>eius</strong></span> <span class='ocrx_word' id='word_1_1008' title='bbox 2120 3954 2385 4011; x_wconf 87' lang='lat' dir='ltr'><strong>proprietas,</strong></span> <span class='ocrx_word' id='word_1_1009' title='bbox 2421 3967 2520 3998; x_wconf 92' lang='lat' dir='ltr'><strong>cum</strong></span> <span class='ocrx_word' id='word_1_1010' title='bbox 2548 3953 2711 3997; x_wconf 89' lang='lat' dir='ltr'><strong>liberos</strong></span> <span class='ocrx_word' id='word_1_1011' title='bbox 2739 3952 2905 3996; x_wconf 87' lang='lat' dir='ltr'><strong>habue-</strong></span> 
     </span>
     <span class='ocr_line' id='line_1_147' title="bbox 1566 4007 2905 4067; baseline -0.004 -11"><span class='ocrx_word' id='word_1_1012' title='bbox 1566 4014 1637 4065; x_wconf 90' lang='lat' dir='ltr'><strong>rit,</strong></span> <span class='ocrx_word' id='word_1_1013' title='bbox 1663 4014 1769 4056; x_wconf 89' lang='lat' dir='ltr'><strong>nato</strong></span> <span class='ocrx_word' id='word_1_1014' title='bbox 1795 4011 1885 4055; x_wconf 92' lang='lat' dir='ltr'><strong>filio</strong></span> <span class='ocrx_word' id='word_1_1015' title='bbox 1917 4011 2066 4055; x_wconf 89' lang='lat' dir='ltr'><strong>statim</strong></span> <span class='ocrx_word' id='word_1_1016' title='bbox 2089 4024 2170 4067; x_wconf 90' lang='lat' dir='ltr'><strong>pro</strong></span> <span class='ocrx_word' id='word_1_1017' title='bbox 2203 4010 2374 4055; x_wconf 90' lang='lat' dir='ltr'><strong>rietatis</strong></span> <span class='ocrx_word' id='word_1_1018' title='bbox 2397 4010 2438 4053; x_wconf 91' lang='lat' dir='ltr'><strong>le</strong></span> <span class='ocrx_word' id='word_1_1019' title='bbox 2467 4010 2530 4053; x_wconf 89' lang='lat' dir='ltr'><strong>ati</strong></span> <span class='ocrx_word' id='word_1_1020' title='bbox 2560 4009 2652 4053; x_wconf 86' lang='lat' dir='ltr'><strong>dies</strong></span> <span class='ocrx_word' id='word_1_1021' title='bbox 2682 4007 2796 4053; x_wconf 88' lang='lat' dir='ltr'><strong>cedit</strong></span> <span class='ocrx_word' id='word_1_1022' title='bbox 2822 4020 2905 4053; x_wconf 89' lang='lat' dir='ltr'><strong>nec</strong></span> 
     </span>
     <span class='ocr_line' id='line_1_148' title="bbox 1567 4063 2904 4124; baseline -0.003 -12"><span class='ocrx_word' id='word_1_1023' title='bbox 1567 4069 1803 4124; x_wconf 89' lang='lat' dir='ltr'><strong>quicquam</strong></span> <span class='ocrx_word' id='word_1_1024' title='bbox 1834 4067 1981 4120; x_wconf 90' lang='lat' dir='ltr'><strong>obest,</strong></span> <span class='ocrx_word' id='word_1_1025' title='bbox 2019 4068 2058 4112; x_wconf 91' lang='lat' dir='ltr'><strong>si</strong></span> <span class='ocrx_word' id='word_1_1026' title='bbox 2093 4067 2132 4111; x_wconf 91' lang='lat' dir='ltr'><strong>is</strong></span> <span class='ocrx_word' id='word_1_1027' title='bbox 2193 4065 2361 4111; x_wconf 87' lang='lat' dir='ltr'><strong>ecedat.</strong></span> <span class='ocrx_word' id='word_1_1028' title='bbox 2463 4063 2514 4109; x_wconf 93' lang='lat' dir='ltr'><strong>P.</strong></span> <span class='ocrx_word' id='word_1_1029' title='bbox 2546 4064 2588 4109; x_wconf 81' lang='lat' dir='ltr'><strong>lc.</strong></span> <span class='ocrx_word' id='word_1_1030' title='bbox 2620 4066 2734 4120; x_wconf 74' lang='lat' dir='ltr'><strong>Auq.</strong></span> <span class='ocrx_word' id='word_1_1031' title='bbox 2765 4063 2904 4108; x_wconf 79' lang='lat' dir='ltr'><strong>Anto-</strong></span> 
     </span>
     <span class='ocr_line' id='line_1_149' title="bbox 1565 4122 2902 4171; baseline -0.004 -3"><span class='ocrx_word' id='word_1_1032' title='bbox 1565 4124 1675 4169; x_wconf 77' lang='lat' dir='ltr'><strong>nino</strong></span> <span class='ocrx_word' id='word_1_1033' title='bbox 1704 4124 1757 4168; x_wconf 89' lang='lat' dir='ltr'><strong>A.</strong></span> <span class='ocrx_word' id='word_1_1034' title='bbox 1790 4135 1860 4166; x_wconf 82' lang='lat' dir='ltr'><strong>JJJ</strong></span> <span class='ocrx_word' id='word_1_1035' title='bbox 1886 4131 1928 4167; x_wconf 79' lang='lat' dir='ltr'><strong>et</strong></span> <span class='ocrx_word' id='word_1_1036' title='bbox 1960 4122 2071 4168; x_wconf 78' lang='lat' dir='ltr'><strong>Geta</strong></span> <span class='ocrx_word' id='word_1_1037' title='bbox 2100 4124 2204 4168; x_wconf 81' lang='lat' dir='ltr'><strong>item</strong></span> <span class='ocrx_word' id='word_1_1038' title='bbox 2235 4134 2304 4165; x_wconf 81' lang='lat' dir='ltr'><strong>III</strong></span> <span class='ocrx_word' id='word_1_1039' title='bbox 2330 4135 2474 4166; x_wconf 81' lang='lat' dir='ltr'><strong>conss.</strong></span> <span class='ocrx_word' id='word_1_1040' title='bbox 2717 4122 2773 4171; x_wconf 89' lang='lat' dir='ltr'><strong>[a.</strong></span> <span class='ocrx_word' id='word_1_1041' title='bbox 2807 4122 2902 4171; x_wconf 79' lang='lat'>208]</span> 
     </span>
    </p>

    <p class='ocr_par' dir='ltr' id='par_1_21' title="bbox 1566 4173 2903 4403">
     <span class='ocr_line' id='line_1_150' title="bbox 1622 4173 2901 4237; baseline -0.006 -12"><span class='ocrx_word' id='word_1_1042' title='bbox 1622 4179 1651 4225; x_wconf 85' lang='lat'>5</span> <span class='ocrx_word' id='word_1_1043' title='bbox 1692 4178 1806 4237; x_wconf 90' lang='lat' dir='ltr'><strong>Imp.</strong></span> <span class='ocrx_word' id='word_1_1044' title='bbox 1837 4179 2101 4224; x_wconf 79' lang='lat' dir='ltr'><strong>Alexander</strong></span> <span class='ocrx_word' id='word_1_1045' title='bbox 2139 4180 2190 4222; x_wconf 91' lang='lat' dir='ltr'><strong>A.</strong></span> <span class='ocrx_word' id='word_1_1046' title='bbox 2225 4177 2443 4222; x_wconf 80' lang='lat' dir='ltr'><strong>Maximo.</strong></span> <span class='ocrx_word' id='word_1_1047' title='bbox 2511 4176 2583 4220; x_wconf 86' lang='lat' dir='ltr'><strong>Ex</strong></span> <span class='ocrx_word' id='word_1_1048' title='bbox 2621 4173 2691 4217; x_wconf 91' lang='lat' dir='ltr'><strong>his</strong></span> <span class='ocrx_word' id='word_1_1049' title='bbox 2731 4174 2901 4218; x_wconf 88' lang='lat' dir='ltr'><strong>verbis:</strong></span> 
     </span>
     <span class='ocr_line' id='line_1_151' title="bbox 1566 4230 2902 4290; baseline -0.004 -11"><span class='ocrx_word' id='word_1_1050' title='bbox 1566 4235 1646 4279; x_wconf 88' lang='lat' dir='ltr'><strong>‘do</strong></span> <span class='ocrx_word' id='word_1_1051' title='bbox 1675 4235 1772 4290; x_wconf 86' lang='lat' dir='ltr'><strong>lego</strong></span> <span class='ocrx_word' id='word_1_1052' title='bbox 1789 4235 1941 4279; x_wconf 89' lang='lat' dir='ltr'><strong>Aeliae</strong></span> <span class='ocrx_word' id='word_1_1053' title='bbox 1969 4235 2204 4279; x_wconf 85' lang='lat' dir='ltr'><strong>Severinae</strong></span> <span class='ocrx_word' id='word_1_1054' title='bbox 2226 4233 2345 4277; x_wconf 86' lang='lat' dir='ltr'><strong>filiae</strong></span> <span class='ocrx_word' id='word_1_1055' title='bbox 2371 4237 2416 4276; x_wconf 92' lang='lat' dir='ltr'><strong>et</strong></span> <span class='ocrx_word' id='word_1_1056' title='bbox 2434 4230 2662 4276; x_wconf 88' lang='lat' dir='ltr'><strong>Secundae</strong></span> <span class='ocrx_word' id='word_1_1057' title='bbox 2677 4231 2712 4256; x_wconf 78' lang='lat'><strong>¹⁴</strong></span> <span class='ocrx_word' id='word_1_1058' title='bbox 2737 4230 2902 4285; x_wconf 91' lang='lat' dir='ltr'><strong>decem,</strong></span> 
     </span>
     <span class='ocr_line' id='line_1_152' title="bbox 1566 4286 2902 4351; baseline -0.004 -16"><span class='ocrx_word' id='word_1_1059' title='bbox 1566 4295 1700 4348; x_wconf 84' lang='lat' dir='ltr'><strong>‘quae</strong></span> <span class='ocrx_word' id='word_1_1060' title='bbox 1743 4290 1891 4346; x_wconf 86' lang='lat' dir='ltr'><strong>legata</strong></span> <span class='ocrx_word' id='word_1_1061' title='bbox 1933 4292 2137 4347; x_wconf 89' lang='lat' dir='ltr'><strong>accipere</strong></span> <span class='ocrx_word' id='word_1_1062' title='bbox 2175 4289 2372 4342; x_wconf 88' lang='lat' dir='ltr'><strong>debebit,</strong></span> <span class='ocrx_word' id='word_1_1063' title='bbox 2417 4300 2515 4332; x_wconf 91' lang='lat' dir='ltr'><strong>cum</strong></span> <span class='ocrx_word' id='word_1_1064' title='bbox 2559 4286 2617 4330; x_wconf 90' lang='lat' dir='ltr'><strong>ad</strong></span> <span class='ocrx_word' id='word_1_1065' title='bbox 2663 4286 2902 4351; x_wconf 79' lang='lat' dir='ltr'><strong>legitimum</strong></span> 
     </span>
     <span class='ocr_line' id='line_1_153' title="bbox 1568 4341 2903 4403; baseline -0.004 -11"><span class='ocrx_word' id='word_1_1066' title='bbox 1568 4349 1757 4392; x_wconf 85' lang='lat' dir='ltr'><strong>‘statum</strong></span> <span class='ocrx_word' id='word_1_1067' title='bbox 1787 4347 2071 4403; x_wconf 87' lang='lat' dir='ltr'><strong>pervenerit‘,</strong></span> <span class='ocrx_word' id='word_1_1068' title='bbox 2111 4359 2201 4391; x_wconf 92' lang='lat' dir='ltr'><strong>non</strong></span> <span class='ocrx_word' id='word_1_1069' title='bbox 2241 4344 2441 4390; x_wconf 90' lang='lat' dir='ltr'><strong>condicio</strong></span> <span class='ocrx_word' id='word_1_1070' title='bbox 2473 4341 2806 4388; x_wconf 81' lang='lat' dir='ltr'><strong>fideicommisso</strong></span> <span class='ocrx_word' id='word_1_1071' title='bbox 2835 4343 2903 4387; x_wconf 87' lang='lat' dir='ltr'><strong>vel</strong></span> 
     </span>
    </p>
   </div>
   <div class='ocr_carea' id='block_1_18' title="bbox 1567 4483 2907 4640">
    <p class='ocr_par' dir='ltr' id='par_1_22' title="bbox 1567 4483 2907 4640">
     <span class='ocr_line' id='line_1_154' title="bbox 1568 4483 2907 4542; baseline -0.002 -14"><span class='ocrx_word' id='word_1_1072' title='bbox 1568 4496 1623 4538; x_wconf 88' lang='lat'><strong>19,</strong></span> <span class='ocrx_word' id='word_1_1073' title='bbox 1655 4495 1718 4528; x_wconf 91' lang='grc'><strong>110</strong></span> <span class='ocrx_word' id='word_1_1074' title='bbox 1750 4501 1859 4540; x_wconf 72' lang='lat' dir='ltr'><strong>seqq.</strong></span> <span class='ocrx_word' id='word_1_1075' title='bbox 1891 4510 1945 4517; x_wconf 89' lang='lat'>—</span> <span class='ocrx_word' id='word_1_1076' title='bbox 1982 4488 2043 4542; x_wconf 69' lang='lat' dir='ltr'><strong>C&#39;fi</strong></span> <span class='ocrx_word' id='word_1_1077' title='bbox 2070 4487 2172 4542; x_wconf 76' lang='lat' dir='ltr'><strong>Diq.</strong></span> <span class='ocrx_word' id='word_1_1078' title='bbox 2201 4489 2267 4538; x_wconf 87' lang='lat'><strong>36,</strong></span> <span class='ocrx_word' id='word_1_1079' title='bbox 2295 4494 2314 4526; x_wconf 80' lang='lat'>2</span> <span class='ocrx_word' id='word_1_1080' title='bbox 2403 4485 2473 4537; x_wconf 87' lang='grc'>(11)</span> <span class='ocrx_word' id='word_1_1081' title='bbox 2502 4483 2796 4535; x_wconf 88' lang='lat' dir='ltr'><strong>cuiuscumque</strong></span> <span class='ocrx_word' id='word_1_1082' title='bbox 2815 4484 2907 4525; x_wconf 80' lang='lat' dir='ltr'><strong>libri</strong></span> 
     </span>
     <span class='ocr_line' id='line_1_155' title="bbox 1569 4539 2905 4594; baseline -0.002 -10"><span class='ocrx_word' id='word_1_1083' title='bbox 1569 4542 1644 4593; x_wconf 79' lang='lat'>(12)</span> <span class='ocrx_word' id='word_1_1084' title='bbox 1674 4555 1705 4582; x_wconf 85' lang='lat' dir='ltr'><strong>s.</strong></span> <span class='ocrx_word' id='word_1_1085' title='bbox 1735 4557 1813 4583; x_wconf 79' lang='lat' dir='ltr'><strong>scr.</strong></span> <span class='ocrx_word' id='word_1_1086' title='bbox 1928 4543 2002 4594; x_wconf 86' lang='lat'><strong>(13)</strong></span> <span class='ocrx_word' id='word_1_1087' title='bbox 2032 4543 2106 4583; x_wconf 84' lang='lat' dir='ltr'><strong>alii</strong></span> <span class='ocrx_word' id='word_1_1088' title='bbox 2144 4540 2206 4585; x_wconf 74' lang='lat' dir='ltr'><strong>R·</strong></span> <span class='ocrx_word' id='word_1_1089' title='bbox 2327 4541 2400 4592; x_wconf 80' lang='lat'>(14)</span> <span class='ocrx_word' id='word_1_1090' title='bbox 2431 4541 2532 4582; x_wconf 79' lang='lat' dir='ltr'><strong>idem</strong></span> <span class='ocrx_word' id='word_1_1091' title='bbox 2568 4539 2737 4581; x_wconf 76' lang='lat' dir='ltr'><strong>Graeci:</strong></span> <span class='ocrx_word' id='word_1_1092' title='bbox 2764 4540 2905 4594; x_wconf 71' lang='lat' dir='ltr'><strong>suisne</strong></span> 
     </span>
     <span class='ocr_line' id='line_1_156' title="bbox 1567 4597 2377 4640; baseline -0.002 -2"><span class='ocrx_word' id='word_1_1093' title='bbox 1567 4598 1676 4638; x_wconf 77' lang='lat' dir='ltr'><strong>filiae</strong></span> <span class='ocrx_word' id='word_1_1094' title='bbox 1707 4611 1728 4638; x_wconf 91' lang='lat' dir='ltr'><strong>e</strong></span> <span class='ocrx_word' id='word_1_1095' title='bbox 1757 4599 1944 4638; x_wconf 78' lang='lat' dir='ltr'><strong>Secunda</strong></span> <span class='ocrx_word' id='word_1_1096' title='bbox 1978 4600 2193 4640; x_wconf 79' lang='lat' dir='ltr'><strong>Mommsen</strong></span> <span class='ocrx_word' id='word_1_1097' title='bbox 2225 4597 2377 4638; x_wconf 78' lang='lat' dir='ltr'><strong>conicit.</strong></span> 
     </span>
    </p>
   </div>
  </div>
 </body>
</html>
