3138 4776
205 135 275 173 ΕΤ
308 132 648 174 MANICHAEIS

201 266 318 329 ἅπερ
343 264 501 324 μόνων
519 270 801 324 καθέστηκεν
827 264 921 311 ἴδια
950 268 1047 310 τῶν
1064 268 1146 324 τὴν
1171 268 1319 331 ὀρθὴν
1339 278 1548 334 πρεσβευ-

201 327 354 370 όντων
393 322 531 376 δόξαν
566 329 641 368 καὶ
679 324 732 368 τὸ
774 322 1084 384 προσκυνητὸν
1121 329 1217 370 τῶν
1256 334 1306 372 X
1330 331 1550 373 ιστιανῶν

203 385 227 425 2
285 379 428 435 ὄνομα
470 377 786 440 προσηκόντως
826 378 1193 438 θεραπευόντων.
1271 346 1390 429 ’522'
1447 382 1551 429 οὐδὲ

201 434 302 480 τοὺς
339 438 520 490 ἔχοντας
559 434 828 496 ἐργαστήρια
860 436 953 477 ἔσω
990 438 1088 478 τῶν
1123 433 1265 497 ἁγίων
1293 438 1549 501 περιβόλων

201 492 404 552 χρῆσθαί
436 506 528 535 τισι
567 497 823 552 προνομίοις
858 488 1080 550 προφάσει
1118 496 1215 537 τῶν
1243 498 1550 565 ἐργαστηρίων

201 549 525 607 συγχωροῦμεν,
553 545 878 615 γινώσκοντας,
910 542 980 599 ῶς,
1021 549 1060 590 εἰ
1089 554 1162 591 καὶ
1190 567 1303 606 μετα
1331 553 1466 596 τοῦτο
1494 551 1547 593 τὸ

200 603 331 646 θεῖον
359 600 488 659 ἡμῶν
516 619 714 661 κηρυγμα
742 606 925 658 φανεῖεν
954 601 1219 658 οἱουδὴποτε
1255 609 1354 651 τῶν
1382 607 1547 666 ἀπηγο-

200 662 428 727 ρευμένων
464 654 725 712 ἁπτόμενοι,
764 654 802 724 ⁷2
831 660 881 699 ἐν
919 659 975 717 τῇ
1014 659 1214 715 βασιλίδι
1246 661 1388 723 ταύτῃ
1416 660 1546 708 πόλει

201 731 228 768 η
274 717 324 757 έν
367 714 536 774 ἑτέραις
574 711 740 773 χώραις
773 730 801 767 η
837 713 1162 772 παρασυνάξεις
1196 715 1224 772 ἢ
1251 722 1548 775 βαπτίσματα

201 769 454 827 τολμῶντες
491 772 638 814 ποιεῖν
666 765 694 823 ἢ
732 767 815 823 τὴν
844 767 1038 828 ἄρρητον
1067 770 1216 816 αὐτοῖς
1255 773 1433 818 διδόναι
1461 789 1546 816 κοι·

199 830 374 869 νωνίαν
411 819 442 880 ἢ
479 840 526 868 τι
562 825 659 867 τῶν
697 823 1018 881 κεκωλυμένων
1057 831 1299 882 ποιοῦντες,
1341 825 1546 883 ὖπαχθή·

199 896 359 924 σονται
388 883 566 925 ποιναῖς
592 877 920 939 προσηκούσαις
947 885 1021 924 καὶ
1047 880 1096 926 ἃς
1124 879 1365 954 ὑπομένειν
1377 882 1546 951 ἀνάγκη

196 935 299 980 τοῦς
335 938 700 992 ἐναντιουμένους
737 940 828 980 τοῖς
866 934 1017 993 νόμοις
1055 944 1129 981 καὶ
1174 957 1259 996 την
1297 938 1449 984 αὐτῶν
1484 955 1547 995 μη

197 990 504 1050 φυλάττοντας
555 987 772 1048 δύναμιν·
826 990 1017 1036 εἰδότων
1069 997 1167 1038 τῶν
1217 995 1320 1040 τοὺς
1369 996 1548 1038 ἑαυτῶν

195 1048 336 1091 οἴκους
364 1047 425 1091 εἰς
451 1045 505 1090 τὸ
535 1045 864 1107 παρασυνάξεις
893 1053 1040 1093 ποιεῖν
1064 1051 1358 1111 παρεχόντων
1385 1047 1545 1103 αὐτοῖς,

197 1098 257 1146 οἷς
289 1101 460 1157 ταύτην
497 1098 708 1160 ὑφέξουσι
735 1103 821 1159 τὴν
849 1105 1026 1160 ποινὴν,
1067 1103 1124 1161 ἣν
1161 1108 1211 1150 αἱ
1237 1106 1545 1167 προλαβοῦσαι

196 1163 220 1204 3
279 1159 407 1202 θεῖαι
450 1156 624 1217 λέγουσι
667 1157 901 1211 διατάξεις.
971 1166 1060 1204 Καὶ
1099 1165 1244 1206 ταῦτα
1288 1165 1373 1220 μὲν
1419 1161 1544 1220 κοινῇ

195 1217 297 1275 περὶ
341 1212 533 1260 πάντων
575 1216 673 1259 τῶν
717 1215 970 1276 αἱρετικῶν.
1045 1216 1195 1261 ἰδικῶς
1239 1217 1289 1262 δὲ
1337 1220 1413 1263 ἐπὶ
1454 1221 1546 1260 τοῖς

193 1268 386 1314 ἀνοσίοις
407 1274 749 1316 Μοντανισταῖς
775 1273 1070 1329 θεσπίζομεν,
1104 1270 1222 1317 ὥστε
1243 1272 1416 1330 μηδένα
1444 1287 1543 1332 συγ-

191 1326 444 1387 χωρεῖσθαι
481 1328 580 1370 τῶν
617 1326 906 1384 καλουμένων
944 1327 1100 1372 αὐτῶν
1138 1345 1309 1389 πατρια
1336 1330 1432 1383 χῶν
1471 1331 1543 1370 καὶ

191 1383 430 1426 κοινωνῶν
467 1379 495 1437 ἢ
535 1382 798 1428 ἐπισκόπων
832 1381 860 1439 ἢ
896 1389 1216 1445 πρεσβυτέρων
1253 1383 1282 1440 ἢ
1349 1382 1546 1427 ιακόνων

191 1435 220 1492 ἢ
248 1436 400 1481 ἄλλων
428 1437 672 1496 κληρικῶν,
713 1441 839 1501 εἴπερ
875 1437 991 1484 ὅλως
1029 1438 1188 1484 αὐτοὺς
1225 1445 1317 1484 τοῖς
1354 1438 1545 1497 ὀνόμασι

190 1493 366 1538 τούτοις
391 1493 545 1538 καλεῖν
574 1494 799 1555 προσήκει,
840 1495 956 1539 κατὰ
982 1495 1154 1550 ταύτην
1183 1494 1434 1553 διατρίβειν
1461 1494 1546 1550 τὴν

191 1547 437 1618 εὐδαίμονα
479 1547 633 1604 πόλιν,
671 1548 784 1595 ἀλλὰ
826 1549 1001 1595 πάντας
1031 1550 1377 1604 ἐξελαύνεσθαι,
1420 1547 1546 1596 ὅπως

189 1603 249 1649 ἂν
275 1623 339 1663 μη
366 1607 464 1650 τῶν
492 1603 682 1650 ἀτόπων
711 1604 867 1651 αὐτῶν
893 1606 1065 1663 μύθων
1093 1610 1210 1650 τινὲς
1246 1610 1344 1650 τῶν
1382 1603 1544 1651 ἁπλου-

190 1666 366 1722 στέρων
403 1659 760 1705 κατακούσαντες
797 1667 872 1704 καὶ
910 1659 1262 1706 ἀκολουθοῦντες
1309 1666 1406 1706 ταῖς
1444 1660 1543 1705 ἀσε-

189 1722 318 1773 βέσιν
357 1714 511 1760 αὐτῶν
550 1715 857 1761 διδασκαλίαις
891 1717 971 1762 τὰς
1010 1719 1187 1761 ἑαυτῶν
1231 1716 1545 1777 διαφθείροιεν

189 1779 216 1817 4
274 1770 426 1832 ψυχάς.
480 1768 602 1817 ,Ἀλλ’
644 1771 748 1817 οὐδὲ
783 1774 890 1816 εἴσω
919 1775 1018 1817 τῶν
1046 1769 1223 1833 εὗαγῶν
1253 1771 1376 1834 ὅρων
1404 1789 1544 1834 πραγ-

187 1826 469 1887 ματεύεσθαι
512 1825 628 1872 ὅλως
670 1831 1001 1889 συγχωροῦμεν,
1047 1825 1167 1874 ῶστε
1213 1829 1276 1886 μὴ
1312 1831 1368 1873 τὰ
1408 1829 1545 1890 εὐαγῆ

189 1888 266 1941 τῆς
316 1881 568 1944 ὄρθοδόξου
620 1891 822 1943 πίστεωςν
856 1885 1081 1946 μυστήρια
1129 1887 1346 1946 γίνεσθαι
1398 1885 1546 1930 αὐτοῖς

187 1943 388 1987 ἔκπυστα
463 1939 635 1998 εβήλοις
676 1958 728 1985 τε
770 1944 869 1985 οὖσι
911 1947 987 1985 καὶ
1026 1942 1233 2002 καθαρᾶς
1270 1940 1416 1998 πάσης
1447 1941 1543 1987 εὐα-

189 2003 214 2043 5
271 1999 372 2057 γοῦς
409 1999 537 2052 ακοῆς
574 1994 785 2049 ἀναξίοις.
853 1997 1132 2042 Κωλύεσθαι
1172 1996 1222 2041 δὲ
1259 1999 1544 2057 θεσπίζομεν

189 2050 343 2111 αὐτῶν
384 2057 460 2096 καὶ
501 2052 559 2096 τὰ
601 2051 762 2114 ἀσελγῆ
805 2059 1013 2098 συσσίτια
1066 2057 1141 2097 καὶ
1183 2052 1242 2098 τὰ
1282 2052 1427 2125 ἀσεβῆ
1469 2060 1544 2098 καὶ

187 2113 538 2169 κατεγνωσμένα
578 2109 828 2167 συμπόσια,
870 2113 920 2154 έν
957 2110 1021 2154 οἷς
1059 2107 1288 2156 συνιόντες
1325 2126 1404 2155 τας
1446 2113 1544 2155 τῶν

186 2161 506 2225 ἁπλουστέρων
556 2164 770 2224 θηρεύειν
822 2168 1074 2226 πειρῶνται
1189 2166 1277 2222 χάς.
1322 2166 1422 2211 .δεῖ
1460 2167 1544 2228 γὰρ

187 2220 409 2274 καθάπαξ
435 2220 725 2266 κεκωλῦσθαι
754 2221 948 2282 τούτωί
969 2221 1071 2266 τοὺς
1109 2225 1130 2265 ἐ
1187 2220 1342 2267 αύτῶν
1371 2225 1432 2268 εἰς
1460 2224 1546 2279 τὴν

185 2275 338 2338 ὀρθὴν
364 2276 676 2335 μεταστάντας
703 2283 862 2322 πίστιν
891 2280 1028 2323 αὖθις
1058 2275 1233 2334 ἀσεβῶς
1273 2277 1544 2324 διαιτᾶσθαι

188 2337 279 2378 τοῖς
314 2333 374 2378 τὰ
410 2331 526 2378 αὐτὰ
561 2336 772 2378 νοσοῦσιν
810 2338 886 2378 καὶ
917 2335 1026 2379 ἴσως
1055 2337 1105 2377 ἐκ
1132 2336 1209 2389 τῆς
1238 2334 1546 2396 συνδιαγωγῆς

188 2395 264 2433 καὶ
292 2387 467 2445 διαίτης
494 2388 634 2434 πάλιν
669 2392 745 2435 ἐπὶ
783 2389 869 2445 τὴν
897 2394 1123 2451 προτέραν
1152 2393 1387 2435 ἐπανιέναι
1416 2409 1542 2435 κακο-

190 2452 215 2491 6
274 2443 528 2503 δαιμονίαν.
597 2444 844 2502 Κωλύομεν
883 2445 934 2490 δὲ
974 2444 1132 2491 αὐτοὺς
1167 2451 1243 2490 καὶ
1279 2444 1543 2506 ἀνδράποδα

189 2502 546 2573 ἐμπορεύεσθαι,
598 2501 771 2558 μήποτε
822 2505 969 2547 ταῦτα
1020 2507 1112 2546 τοῖς
1163 2503 1544 2563 συνθρησκευταῖς

187 2554 462 2614 ἀποδομενοι
497 2557 886 2618 παρασκευάσαιεν
924 2555 1039 2603 αὐτὰ
1076 2560 1154 2614 τῆς
1200 2559 1377 2603 ἑαυτῶν
1416 2577 1542 2604 κακο-

189 2619 212 2659 7
272 2611 423 2667 δοξίας
462 2614 697 2674 γενέσθαι.
770 2610 953 2671 Ὁμοίως
997 2613 1047 2658 δὲ
1090 2613 1321 2672 κωλύομεν
1364 2619 1458 2659 τοῖς
1497 2619 1544 2660 ἐκ

187 2758 237 2825 (3)
261 2757 321 2798 sie
345 2755 463 2821 Παῤ,
492 2756 724 2798 reservetur
743 2755 786 2806 0,
817 2758 1033 2822 resonetur
1055 2756 1448 2822 ilfi-respondeatur
1472 2758 1540 2822 R.-

187 2810 517 2871 αποκριθωμεν
533 2812 577 2853 Β
721 2813 774 2864 (2)
804 2812 1005 2854 haeretici
1034 2812 1100 2854 vel
1128 2813 1269 2855 iudaei
1301 2814 1483 2870 leyerunt
1497 2814 1541 2856 B

190 2871 244 2921 (3)
273 2869 332 2910 sic
363 2869 419 2922 R,
460 2867 699 2921 ascodrugis
728 2869 772 2921 0,
810 2862 1103 2927 ἀσκοδροῦγοι
1129 2870 1174 2911 Β
1195 2873 1229 2923 1,
1246 2879 1277 2924 1,
1292 2879 1351 2924 34,
1381 2883 1538 2912 τασκο-

188 3031 261 3079 vel
272 3031 408 3078 rebus
425 3037 612 3078 sanctae
628 3033 953 3079 communionis
968 3033 1230 3089 abutantur,
1257 3049 1375 3094 quae
1390 3049 1546 3080 eorum

191 3093 367 3134 tantum
381 3089 585 3154 propria
601 3092 710 3154 sunt
734 3089 813 3147 qui
830 3094 1002 3135 rectam
1026 3090 1164 3147 fidem
1197 3096 1472 3137 venerantur
1502 3097 1548 3137 et

190 3143 443 3190 venerabele
480 3143 842 3188 Christianorum
894 3159 1057 3191 nomen
1105 3151 1160 3191 ut
1207 3147 1336 3192 decet
1378 3147 1543 3192 colunt.

193 3203 219 3243 2
278 3198 371 3244 Sed
397 3212 454 3243 ne
485 3213 542 3243 ue
570 3211 663 3252 eos,
695 3199 775 3256 qui
801 3199 926 3245 intra
953 3206 1114 3246 sancta
1141 3207 1304 3262 saepta
1335 3202 1547 3247 tabernas

194 3253 374 3307 habent,
387 3212 657 3319 quiqbusdam
674 3254 934 3318 privileqiis
958 3256 1246 3302 tabernarum
1270 3258 1452 3303 ratione
1478 3258 1547 3304 uti

188 3309 494 3371 permittemus
522 3308 648 3354 haud
665 3323 680 3352 ι
714 3323 868 3364 naros,
884 3311 927 3354 si
936 3316 1052 3376 post
1074 3311 1195 3357 hanc
1212 3326 1392 3357 sacram
1415 3327 1546 3360 sanc-

196 3366 362 3411 tionem
389 3369 594 3409 nostram
632 3379 662 3410 a
693 3365 780 3409 huc
809 3365 1148 3424 prohibitorum
1184 3368 1296 3426 quid
1323 3367 1546 3433 attinqere

195 3421 280 3468 visi
314 3420 497 3479 fuerint
531 3420 603 3466 vel
637 3421 687 3465 in
721 3419 809 3465 hac
846 3422 976 3480 reqia
1004 3422 1114 3468 urbe
1154 3427 1237 3468 aut
1271 3423 1321 3467 in
1358 3423 1547 3483 reliquis

195 3476 309 3522 locis
347 3476 515 3521 audere
553 3476 625 3522 vel
663 3477 975 3522 conventicula
1018 3477 1089 3524 vel
1124 3478 1399 3538 baptismata
1436 3480 1546 3526 cele-

195 3532 331 3578 brare
381 3532 453 3577 vel
501 3531 751 3590 nefandam
801 3534 1153 3579 communionem
1194 3534 1281 3580 sibi
1323 3534 1436 3579 dare
1477 3535 1548 3581 vel

195 3586 538 3634 interdictorum
575 3588 688 3647 quid
724 3588 907 3646 facere,
949 3594 1248 3656 competentes
1280 3603 1462 3650 poenas
1497 3604 1548 3636 se

195 3643 426 3689 subituros
462 3657 642 3702 easque,
681 3657 798 3702 quas
834 3644 982 3703 lequm
1009 3645 1256 3692 violatores
1285 3651 1332 3692 et
1356 3645 1444 3692 vim
1473 3660 1546 3691 ea-

196 3713 296 3744 rum
334 3712 428 3743 non
467 3698 754 3745 observantes
779 3702 1001 3746 sustinere
1027 3715 1206 3747 necesse
1243 3706 1333 3747 est:
1368 3701 1547 3747 scienti-

196 3755 280 3800 bus
315 3753 398 3808 iis,
436 3754 516 3812 qui
552 3754 711 3800 domus
746 3769 856 3800 suas
890 3756 954 3801 ad
989 3758 1300 3802 conventicula
1329 3757 1548 3815 facienda

196 3810 255 3855 iis
273 3808 514 3869 praebent,
542 3823 590 3854 se
618 3824 717 3855 eam
736 3825 937 3870 poenam
964 3812 1215 3867 subituros,
1283 3827 1388 3858 uam
1422 3818 1548 3858 ante-

198 3869 224 3910 3
282 3865 429 3910 riores
455 3878 617 3910 sacrae
645 3866 767 3931 leqes
784 3868 1104 3926 pronuntiant.
1163 3867 1229 3913 Et
1275 3882 1356 3914 aec
1370 3868 1548 3927 quidem

197 3920 471 3981 qeneraliter
499 3919 555 3965 de
584 3921 787 3966 omnibus
817 3921 1078 3968 haereticis:
1112 3924 1374 3983 specialiter
1400 3930 1548 3970 autem

199 3981 361 4022 contra
388 3975 554 4042 impios
576 3974 882 4022 Montanistas
911 3979 1236 4034 constituimus,
1265 3985 1319 4025 ut
1344 3980 1459 4025 nulli
1486 3994 1549 4025 ecc

190 4031 478 4092 patriarchis
514 4045 669 4076 eorum
706 4045 822 4097 quos
856 4033 1014 4079 dicunt
1048 4035 1120 4080 vel
1154 4036 1292 4080 sociis
1327 4036 1399 4082 vel
1490 4036 1548 4080 is-

199 4088 328 4147 copis
364 4088 435 4133 vel
461 4086 747 4152 presbyteris
779 4087 849 4132 vel
874 4088 1080 4134 diaconis
1107 4091 1178 4136 vel
1203 4091 1392 4150 reliquis
1419 4105 1444 4136 c
1461 4092 1549 4137 eri-

199 4144 288 4198 cis,
330 4143 368 4189 si
406 4142 586 4202 quidem
625 4143 806 4188 omnino
836 4142 908 4188 his
934 4146 1189 4191 nominibus
1216 4160 1295 4192 eos
1322 4147 1550 4207 appellari

200 4199 341 4253 decet,
370 4199 420 4243 in
448 4198 536 4243 hac
563 4199 683 4243 alma
711 4198 822 4243 urbe
844 4201 1116 4245 commorari
1125 4202 1441 4260 permittatur,
1468 4203 1551 4248 sed

202 4267 353 4299 omnes
379 4254 685 4314 expellantur,
723 4268 780 4299 ne
816 4254 1140 4314 simpliciorum
1178 4257 1363 4315 quidam
1390 4258 1547 4304 absur—

198 4310 272 4355 dis
307 4323 463 4355 eorum
496 4310 674 4368 fabulis
710 4310 879 4354 auditis
919 4311 1084 4370 impias
1120 4326 1277 4358 eorum
1314 4313 1548 4359 doctrinas

201 4370 228 4408 4
311 4366 454 4410 secuti
512 4366 689 4410 animas
751 4379 862 4410 suas
918 4366 1133 4425 perdant.
1229 4367 1396 4414 Verum
1465 4383 1548 4415 nec

200 4421 323 4466 intra
363 4434 499 4466 sacra
539 4427 700 4480 saepta
741 4422 896 4479 utique
935 4423 1166 4480 neqotiarz·
1205 4437 1284 4469 eos
1320 4425 1548 4484 permitti-

203 4489 321 4529 mus,
359 4491 416 4522 ne
451 4482 613 4522 sancta
642 4476 929 4522 orthodoxae
952 4477 1062 4534 fidei
1087 4480 1303 4538 mysteria
1322 4482 1548 4581 profanis

202 4530 302 4574 istis
351 4537 487 4590 atque
539 4533 662 4577 omni
710 4547 836 4592 puro
888 4537 1135 4592 sanctoque
1182 4549 1299 4580 sonu
1347 4537 1396 4580 in
1427 4538 1548 4595 iqnis

204 4588 229 4628 5
301 4586 573 4645 evulqentur.
645 4587 886 4633 Prohiberi
938 4593 1086 4634 autem
1136 4591 1363 4636 sancimus
1412 4594 1546 4637 etiam

1533 118 1601 177 59

2866 131 2959 183 15

1631 275 1708 328 τῆς
1745 272 1842 316 τῶν
1880 266 2034 314 αὐτῶν
2074 276 2409 318 Μοντανιστῶν
2447 265 2546 315 οὖσι
2584 272 2823 333 θρησκείας
2857 277 2971 324 δίδο-

1633 329 1752 372 σθαί
1786 342 1892 372 τινα
1926 326 2199 384 παραψυχὴν
2240 329 2355 373 κατὰ
2407 323 2638 388 πρόφασιν
2684 333 2781 375 τῶν
2820 334 2971 379 καλου-

1629 388 1784 439 μένων
1797 379 2128 438 ἀξιωματικῶν,
2158 382 2220 427 οἷς
2245 388 2292 428 ἐκ
2307 387 2404 429 τῶν
2456 387 2652 441 εγίστων
2676 383 2974 448 δικαστηρίων

1631 443 1705 482 καὶ
1733 440 1810 493 τῆς
1837 434 2087 497 ἁγιωτάτης
2111 438 2301 498 μεγάλης
2338 443 2412 483 eux
2438 443 2566 493 ησίας
2603 438 2746 482 εἴωθέ
2770 458 2814 484 τι
2849 462 2972 500 χοοη-

1629 495 1815 553 γεῖσθαι
1853 490 2074 553 προφάσει
2112 496 2189 548 τῆς
2227 494 2490 550 συνεχούσης
2529 490 2686 536 αὐτοῦς
2721 503 2886 550 πενίας,
2901 485 2974 553 Ἐν

1630 547 1710 592 οὐκ
1744 545 1804 592 ἂν
1840 549 1906 602 εἴη
1946 550 2173 607 προσῆκον
2207 556 2300 594 τοῖς
2336 555 2384 593 ἐκ
2421 552 2498 605 τῆς
2532 549 2760 607 εἰρημένης
2787 560 2974 611 χορηγεῖ-

1630 605 1747 647 σθαι
1785 605 2051 664 θρησκείας,
2098 602 2213 664 ὑγιὲς
2287 608 2336 649 ἐν
2378 603 2406 661 ἢ
2446 609 2633 663 μέτριον
2679 602 2779 647 οὐδ’
2828 605 2977 651 ὁτιοῦν

1630 658 1830 714 ἐχούσης,
1867 662 1993 720 παρὰ
2031 658 2220 704 πάντων
2248 625 2298 704 διε
2327 659 2509 704 δικαίως
2572 664 2801 716 ισουμένης
2828 678 2877 704 τε
2906 669 2976 705 καὶ

1629 719 2016 773 κατεγνωσμένης·
2056 712 2174 759 ὥστε
2209 720 2284 759 καὶ
2323 717 2371 758 εἴ
2397 731 2465 759 τις
2494 719 2642 759 αυτοῖς
2670 714 2832 774 ἄλογον
2859 722 2978 773 νέμει

1629 775 1925 829 προστασίαν,
1962 775 2037 814 καὶ
2075 774 2236 814 τοῦτον
2265 771 2636 830 σωφρονίζεσθαι
2670 768 2776 813 δέκα
2803 778 2978 832 χρυσίου

1630 829 1654 869 8
1714 823 1883 882 λιτρῶν
1911 827 2048 880 ποινῆ
2078 826 2372 881 θεσπίζομεν.
2439 827 2588 868 Ταῦτα
2617 831 2772 870 τοίνυν
2799 825 2980 871 ἅπαντα

1627 871 2070 939 παραφυλάττεσθαι
2098 877 2361 936 βουλόμεθα
2390 877 2514 939 παρά
2543 897 2592 924 τε
2629 883 2706 936 τῆς
2744 883 2820 936 σῆς
2850 879 2979 943 ὑπερ-

1628 937 1728 990 οχῆς
1773 938 1848 977 καὶ
1884 937 1983 978 τῶν
2018 934 2098 978 τὰς
2135 932 2267 995 ἀρχὰς
2313 938 2411 979 τῶν
2450 936 2608 980 ἐθνῶν
2647 935 2859 992 ἐχόντων,
2899 939 2982 993 τὴν

1630 989 1772 1045 αὐτὴν
1815 989 1978 1044 ποινὴν
2019 986 2310 1050 ’ὑφορωμένης
2351 997 2428 1035 καὶ
2471 993 2547 1046 τῆς
2592 994 2867 1050 πειθομένης
2910 1009 2982 1037 σοι

1627 1045 1795 1097 τάξεως
1823 1049 1900 1088 καὶ
1928 1047 2026 1089 τῶν
2055 1049 2314 1106 ἐπιχωρίων
2344 1046 2531 1102 τάξεων,
2568 1051 2608 1092 εἰ
2639 1047 2702 1105 μὴ
2729 1051 2875 1092 ταῦτα
2905 1067 2980 1108 φυ-

1630 1099 1832 1153 λάξαιεν·
1872 1103 2150 1159 ἐπικειμένης
2187 1100 2320 1146 οὐδὲν
2356 1102 2496 1158 ἧττον
2533 1101 2876 1164 ἀγανακτήσεως
2907 1110 2982 1148 καὶ

1628 1161 1720 1201 τοῖς
1747 1155 1816 1200 ἀεὶ
1845 1156 1929 1213 τὴν
1957 1155 2096 1219 ἀρχὴν
2126 1159 2322 1212 ἕξουσιν,
2372 1159 2421 1214 ῆς
2449 1161 2534 1203 νῦν
2563 1158 2590 1215 ἡ
2627 1159 2683 1216 σὴ
2710 1164 2981 1221 προέστηκεν

1627 1210 1842 1282 ὑπεροχῇ,
1889 1213 1935 1257 εἴ
1972 1230 2020 1257 τι
2060 1216 2157 1258 τῶν
2201 1216 2565 1259 θεσπισθέντων
2597 1214 2624 1272 ἢ
2669 1214 2796 1261 αὐτοὶ
2840 1234 2982 1276 παρα-

1629 1274 1762 1326 βαῖεν
1789 1287 1817 1324 η
1846 1285 1912 1314 πα
1943 1271 2182 1326 αβαθῆναι
2212 1269 2562 1331 συγχωρήσαιεν,
2600 1276 2675 1316 καὶ
2703 1274 2801 1316 τῶν
2829 1270 2982 1333 ἀρχόν-

1629 1342 1726 1369 των
1754 1328 1852 1369 τῶν
1881 1329 1904 1368 ἐ
1944 1327 2054 1379 νῶν,
2085 1328 2126 1368 εἰ
2152 1324 2313 1370 τούτου
2335 1325 2662 1386 ῥᾳθυμήσαιεν,
2693 1325 2858 1386 ὁμοίως
2878 1328 2983 1372 δέκα

1626 1387 1805 1442 χρυσίου
1865 1381 2035 1440 λιτρῶν
2090 1386 2500 1444 σωφρονιζομένων
2551 1387 2702 1444 ποινῇ.
2778 1385 2835 1430 D.
2873 1384 2985 1430 Con-

1627 1439 1928 1497 stantinopoli
1957 1452 1996 1483 x
2028 1438 2072 1483 lc.
2103 1438 2210 1484 Dec.
2251 1439 2504 1499 Lampadio
2545 1447 2591 1486 et
2631 1441 2787 1487 Oreste
2824 1455 2889 1487 vv.
2922 1454 2984 1486 cc.

1629 1507 1772 1538 conss.
2807 1511 2847 1542 a.
2880 1501 2960 1541 530

1686 1547 1747 1595 21
1785 1549 1911 1596 Idem
1940 1551 1992 1595 Α.
2025 1549 2225 1596 Iohanni
2243 1566 2329 1612 pp.
2400 1552 2617 1607 Quoniam
2654 1497 2983 1598 multi[iudice}

1627 1606 1674 1649 in
1716 1606 1972 1651 dirimendis
2002 1606 2152 1664 litigiis
2194 1621 2277 1653 nos
2306 1609 2709 1665 interpellaverunt,
2740 1610 2984 1665 indigentes

1627 1666 1783 1707 nostro
1824 1663 2031 1716 oraculo,
2071 1668 2123 1707 ut
2160 1664 2224 1708 eis
2260 1669 2484 1709 reseretur
2502 1668 2528 1719 ¹,
2566 1665 2671 1722 quid
2710 1665 2765 1710 de
2794 1666 2984 1710 testibus

1627 1718 1864 1764 haereticis
1904 1719 2188 1764 statuendum
2227 1719 2306 1774 sit,
2345 1726 2551 1765 utrumne
2590 1721 2866 1778 accipiantur
2909 1734 2984 1766 eo-

1627 1787 1726 1818 rum
1782 1776 2036 1820 testimonia
2094 1788 2153 1820 an
2203 1782 2496 1833 respuantur,
2558 1778 2780 1822 sancimus
2830 1782 2987 1822 contra

1629 1830 1902 1876 orthodoxos
1946 1832 2122 1888 quidem
2165 1833 2387 1889 litigantes
2442 1833 2607 1877 nemini
2649 1834 2873 1878 haeretico
2918 1834 2987 1878 vel

1629 1888 1760 1931 etiam
1804 1888 1873 1932 his
1919 1889 1995 1944 qui
2031 1888 2258 1933 Iudaicam
2296 1890 2656 1945 superstitionem
2696 1890 2849 1934 colunt
2888 1902 2986 1934 esse

1626 1944 1673 1987 in
1702 1944 1954 1988 testimonia
1984 1945 2348 2000 communionem,
2381 1946 2472 1990 sive
2495 1951 2685 2002 utraque
2708 1959 2815 2003 pars
2835 1946 2986 1990 ortho-

1636 2004 1651 2043 1
1726 1999 1844 2044 doxa
1881 2001 1940 2044 sit
1979 2002 2070 2045 sive
2107 2002 2261 2046 altera.
2328 2003 2452 2046 Inter
2487 2015 2536 2047 se
2572 2006 2720 2046 autem
2750 2003 2986 2046 haereticis

1627 2056 1697 2101 vel
1725 2056 1900 2101 Iudaeis
1914 2057 1946 2110 2,
1976 2058 2053 2102 ubi
2081 2057 2346 2113 litigandum
2376 2058 2741 2112 existimaverint,
2782 2058 2983 2103 concedi‹

1626 2125 1725 2157 mus
1761 2112 1922 2157 foedus
1960 2113 2228 2170 permixtum
2258 2117 2302 2158 et
2341 2114 2495 2170 dignos
2524 2114 2821 2171 litigatoribus
2852 2116 2986 2159 etiam

1626 2173 1764 2214 testes
1794 2169 2029 2223 introduci,
2063 2170 2261 2227 exceptis
2292 2171 2462 2215 scilicet
2490 2170 2574 2225 his,
2606 2184 2716 2227 quos
2746 2171 2815 2215 vel
2841 2171 2986 2215 Mani-

1629 2226 1793 2270 chacus
1823 2225 1950 2270 furor
1980 2226 2124 2281 (cuius
2150 2231 2322 2283 partem
2352 2231 2397 2271 et
2424 2227 2687 2272 Borboritas
2719 2240 2816 2273 esse
2845 2227 2985 2271 mani-

1626 2281 1913 2326 festissimum
1953 2286 2036 2330 est)
2085 2284 2155 2327 vel
2192 2296 2368 2340 pagana
2407 2283 2664 2339 superstitio
2695 2283 2873 2336 detinet,
2906 2284 2984 2327 Sa-

1627 2338 1796 2382 maritis
1835 2338 1973 2382 nihilo
2011 2338 2158 2383 minus
2193 2344 2236 2382 et
2271 2339 2347 2396 qui
2375 2339 2462 2383 illis
2492 2353 2583 2384 non
2612 2340 2835 2384 absimiles
2867 2344 2984 2392 sunt,

1626 2393 1672 2436 id
1708 2398 1777 2437 est
1804 2393 2091 2438 Montanistis
2130 2398 2174 2439 et
2204 2395 2531 2450 Tascodrogis³
2570 2400 2616 2440 et
2651 2396 2847 2452 Ophitis‚
2889 2396 2985 2451 qui-

1627 2450 1711 2494 bus
1756 2462 1838 2506 pro
1882 2452 2036 2494 reatus
2082 2449 2365 2495 similitudine
2408 2451 2548 2495 omnis
2592 2451 2812 2508 legitimus
2858 2458 2984 2495 actus

1629 2509 1653 2548 2
1711 2505 1974 2549 interdictus
2005 2510 2084 2549 est.
2144 2506 2232 2550 Sed
2271 2507 2345 2550 et⁴
2382 2507 2452 2550 his
2483 2506 2678 2563 quidem,
2714 2507 2760 2550 id
2791 2510 2859 2552 est
2886 2508 2983 2551 Ma-

1627 2561 1826 2605 nichaeis
1866 2565 1911 2605 et
1939 2561 2188 2606 Borboritis
2228 2567 2272 2606 et
2300 2563 2486 2619 paganis
2523 2576 2606 2607 nec
2635 2577 2725 2607 non
2755 2563 2984 2607 Samaritis

1629 2623 1673 2662 et
1686 2618 1972 2662 Montanistis
2003 2622 2047 2661 et
2061 2617 2358 2674 Tascodrogis
2372 2621 2390 2645 ⁵
2418 2624 2463 2663 et
2484 2618 2672 2675 Ophitis‚
2705 2632 2834 2664 omne
2861 2620 2984 2664 testi-

1627 2754 1882 2816 δρουγίταις
1896 2758 1940 2799 Β
1958 2767 1996 2800 et
2010 2759 2104 2800 ΒΣ
2120 2760 2188 2811 21,
2205 2768 2236 2811 1,
2253 2768 2316 2801 45:
2348 2761 2439 2801 vide
2464 2761 2522 2801 ad
2540 2762 2575 2812 1,
2592 2770 2626 2812 5,
2643 2770 2663 2801 5
2680 2776 2748 2815 pr.

1631 2815 1666 2856 G
1692 2830 1776 2856 cum
1808 2815 1865 2865 B,
1897 2829 1970 2855 om.
2001 2815 2043 2855 R

1623 2883 1717 2928 γοις
1746 2871 1792 2912 Β
1824 2874 1862 2923 1,
1891 2879 1923 2923 1,
1954 2879 2000 2912 34

2182 2816 2235 2867 (5)
2265 2817 2326 2857 sic
2354 2816 2408 2865 R,
2440 2815 2641 2868 scodrigis
2675 2818 2717 2869 Ο,
2747 2762 2987 2875 denega?-

1627 3036 1794 3096 impias
1830 3050 1986 3082 eorum
2015 3036 2410 3082 commessationes
2441 3040 2487 3081 et
2513 3036 2654 3096 impia
2682 3036 2988 3096 damnataque

1629 3092 1859 3146 convivia,
1896 3093 1946 3137 in
1974 3093 2137 3151 quibus
2166 3092 2436 3151 conqreqati
2465 3092 2791 3151 simpliciorum
2818 3099 2987 3138 mentes

1629 3153 1818 3207 captare
1848 3152 2078 3213 temptant.
2170 3161 2331 3192 rorsus
2367 3147 2483 3192 enim
2512 3147 2755 3206 prohiberi
2790 3155 2985 3208 oportet,

1629 3203 1870 3262 quominus
1903 3204 1953 3257 ii,
1989 3204 2068 3267 qui
2096 3163 2167 3247 ap
2191 3203 2306 3261 ipsis
2342 3202 2406 3246 ad
2439 3208 2610 3248 rectam
2643 3203 2780 3260 fidem
2821 3206 2985 3250 transi-

1629 3263 1776 3312 erunt,
1806 3258 1953 3303 denuo
1982 3259 2119 3318 impie
2146 3263 2469 3304 conversentur
2493 3273 2594 3303 cum
2620 3260 2693 3314 iis,
2724 3260 2805 3318 qui
2831 3262 2984 3306 eodem

1628 3313 1785 3359 morbo
1815 3313 1989 3378 adfecti
2016 3318 2135 3368 sunt,
2165 3319 2212 3359 et
2235 3315 2442 3372 fortasse
2470 3328 2533 3360 ex
2554 3314 2641 3360 hac
2663 3317 2985 3362 consuetudine

1629 3375 1675 3415 et
1700 3369 1875 3415 vivendi
1905 3369 2086 3414 ratione
2123 3384 2285 3415 rursus
2323 3370 2386 3415 ad
2403 3371 2654 3429 pristinum
2686 3386 2886 3417 errorem
2914 3387 2983 3418 re-

1631 3430 1656 3470 6
1714 3429 1960 3470 vertantur.
2004 3424 2302 3471 Prohibemus
2330 3432 2478 3471 autem
2507 3441 2587 3472 eos
2613 3429 2842 3487 mancipia
2870 3443 2983 3474 mer-

1630 3481 1740 3534 cari,
1770 3494 1828 3525 ne
1855 3494 1910 3525 ea
1920 3480 2034 3538 fidei
2058 3495 2170 3527 suae
2195 3482 2332 3527 sociis
2350 3482 2570 3527 tradendo
2593 3484 2818 3541 efficiant,
2846 3490 2899 3530 ut
2924 3485 2987 3530 ad

1630 3541 1653 3580 7
1726 3536 1744 3579 i
1776 3549 1933 3580 sorum
1970 3538 2313 3595 perversitatem
2354 3538 2686 3597 perducantur.
2766 3539 2986 3586 Similiter

1619 3605 1715 3652 pro
1747 3591 1940 3645 ibemus,
1983 3594 2225 3651 quominus
2270 3593 2658 3639 Montanistarum
2698 3597 2984 3655 superstitio-

1630 3648 1702 3692 nis
1734 3647 2032 3693 sectatoribus
2058 3650 2239 3695 nomine
2266 3650 2648 3695 axiomaticorum
2681 3665 2800 3709 quae
2827 3652 2984 3697 dicun-

1632 3709 1706 3748 tur
1742 3702 1859 3762 stips
1890 3703 2166 3762 praebeatur
2200 3705 2280 3759 iis,
2319 3705 2482 3764 quibus
2516 3720 2546 3750 a
2583 3707 2797 3751 maximis
2824 3707 2984 3752 iudici—

1630 3759 1714 3804 bus
1741 3763 1787 3803 et
1812 3766 2108 3806 sacrosancta
2135 3775 2303 3820 maqna
2331 3761 2520 3806 ecclesia
2548 3763 2728 3807 nomine
2746 3764 2983 3821 urquentis

1630 3814 1846 3878 eyestatis
1863 3814 2039 3874 aliquid
2051 3817 2271 3876 praeberi
2292 3817 2422 3871 solet,
2452 3831 2588 3875 quam
2619 3832 2712 3862 non
2746 3820 2984 3863 conveniat

1629 3869 1928 3916 sectatoribus
1954 3877 2228 3918 memoratae
2253 3886 2308 3917 su
2342 3873 2590 3918 erstitionis
2617 3873 2734 3918 nihil
2766 3874 2871 3918 sani
2906 3889 2982 3919 ne-

1630 3939 1719 3984 que
1754 3925 1867 3970 recti
1902 3925 2129 3982 habentis,
2167 3927 2249 3974 sed
2284 3942 2313 3972 a
2381 3928 2585 3973 omnibus
2618 3930 2778 3974 merito
2809 3943 2983 3975 exosae

1630 3986 1768 4039 atque
1810 3980 2050 4029 damnatae
2081 3984 2333 4043 praebere:
2373 3984 2440 4028 ita
2467 3988 2539 4037 ut,
2581 3984 2624 4028 si
2661 3985 2765 4042 quis
2800 3985 2859 4030 iis
2884 3986 2983 4030 sine

1629 4037 1811 4082 ratione
1839 4038 2061 4083 auxilium
2081 4043 2304 4098 praestet,
2342 4043 2389 4083 et
2424 4038 2544 4083 hunc
2583 4039 2733 4085 decem
2763 4040 2982 4085 librarum

1630 4096 1656 4137 8
1715 4091 1820 4136 auri
1835 4105 1995 4158 poena
2017 4094 2160 4153 plecti
2186 4094 2427 4139 iubeamus.
2487 4093 2615 4139 Haec
2651 4095 2794 4154 iqitur
2828 4096 2981 4140 omnia

1631 4147 1849 4192 custodiri
1877 4149 2082 4194 volumus
2110 4164 2140 4194 α
2167 4150 2502 4208 maqnisicentia
2537 4155 2615 4195 tua
2640 4157 2686 4196 et
2698 4165 2767 4210 po
2802 4151 2981 4195 ulorum

1629 4203 1905 4259 rectoribus,
1943 4206 2098 4251 eadem
2127 4219 2285 4271 poena
2320 4205 2573 4250 imminente
2614 4211 2660 4250 et
2701 4221 2727 4250 o
2789 4206 2859 4250 cio
2900 4206 2981 4250 tibi

1629 4258 1828 4304 subiecto
1866 4263 1912 4305 et
1942 4261 2299 4320 provincialibus
2332 4275 2358 4306 o
2382 4261 2515 4325 ficiis,
2553 4261 2596 4304 si
2632 4261 2743 4306 haec
2780 4275 2874 4306 non
2904 4262 2980 4307 ob-

1628 4314 1891 4360 servabunt:
1929 4330 2075 4375 neque
2110 4317 2258 4360 minus
2294 4317 2343 4360 in
2374 4316 2608 4375 iqnatione
2645 4318 2780 4360 etiam
2817 4317 2876 4360 iis
2910 4318 2978 4361 in-

1629 4375 1803 4424 stante,
1833 4370 1914 4430 qui
1971 4372 2313 4430 uandocumque
2341 4373 2657 4429 maqistratum
2685 4378 2865 4429 qerent,
2905 4374 2980 4419 cui

1629 4438 1838 4472 nuncma
1908 4385 2099 4486 'lzqcentia
2115 4432 2194 4473 tua
2200 4428 2448 4492 praefecta
2463 4431 2543 4479 est,
2567 4427 2610 4470 si
2631 4428 2977 4473 constitutorum

1659 4480 1743 4526 uid
1767 4494 1820 4527 ve
1863 4481 1954 4542 ipsi
1980 4483 2150 4528 violent
2187 4483 2258 4528 vel
2283 4482 2449 4528 violari
2469 4481 2768 4547 permittant:
2797 4485 2976 4542 praesi-

1660 4537 1762 4582 ibus
1802 4536 1936 4582 etiam
1965 4538 2334 4598 provinciarum,
2376 4538 2419 4582 si
2460 4551 2509 4580 tn
2552 4535 2639 4581 hoc
2683 4539 2973 4587 committant,

1629 4592 1836 4638 similiter
1862 4593 2011 4639 decem
2041 4595 2145 4638 auri
2174 4594 2390 4638 librarum
2419 4592 2560 4636 multa
2580 4592 2843 4650 plectendis.

2575 4665 2634 4707 8*
