<?xml version="1.0" encoding="UTF-8"?>
<!DOCTYPE html PUBLIC "-//W3C//DTD XHTML 1.0 Transitional//EN"
    "http://www.w3.org/TR/xhtml1/DTD/xhtml1-transitional.dtd">
<html xmlns="http://www.w3.org/1999/xhtml" xml:lang="en" lang="en">
 <head>
  <title>
</title>
<meta http-equiv="Content-Type" content="text/html;charset=utf-8" />
  <meta name='ocr-system' content='tesseract 3.04.00' />
  <meta name='ocr-capabilities' content='ocr_page ocr_carea ocr_par ocr_line ocrx_word'/>
</head>
<body>
  <div class='ocr_page' id='page_1' title='image "./corpusiuriscivil02krueuoft_0417.png"; bbox 0 0 3094 4732; ppageno 0'>
   <div class='ocr_carea' id='block_1_1' title="bbox 211 123 758 167">
    <p class='ocr_par' dir='ltr' id='par_1_1' title="bbox 211 123 758 167">
     <span class='ocr_line' id='line_1_1' title="bbox 211 123 758 167; baseline -0.004 0"><span class='ocrx_word' id='word_1_1' title='bbox 211 125 287 167; x_wconf 75' lang='lat' dir='ltr'><strong>AD</strong></span> <span class='ocrx_word' id='word_1_2' title='bbox 320 123 511 164; x_wconf 78' lang='lat' dir='ltr'><strong>LEGEM</strong></span> <span class='ocrx_word' id='word_1_3' title='bbox 549 125 758 165; x_wconf 75' lang='lat' dir='ltr'>FABIAM</span> 
     </span>
    </p>
   </div>
   <div class='ocr_carea' id='block_1_2' title="bbox 205 259 1542 376">
    <p class='ocr_par' dir='ltr' id='par_1_2' title="bbox 205 259 1542 376">
     <span class='ocr_line' id='line_1_2' title="bbox 205 259 1542 323; baseline 0.004 -17"><span class='ocrx_word' id='word_1_4' title='bbox 205 259 398 319; x_wconf 82' lang='lat' dir='ltr'><strong>pendere</strong></span> <span class='ocrx_word' id='word_1_5' title='bbox 427 261 516 317; x_wconf 74' lang='lat' dir='ltr'><strong>vel,</strong></span> <span class='ocrx_word' id='word_1_6' title='bbox 558 262 597 307; x_wconf 90' lang='lat' dir='ltr'><strong>si</strong></span> <span class='ocrx_word' id='word_1_7' title='bbox 632 262 776 308; x_wconf 89' lang='lat' dir='ltr'><strong>minus</strong></span> <span class='ocrx_word' id='word_1_8' title='bbox 809 261 991 306; x_wconf 88' lang='lat' dir='ltr'><strong>idoneus</strong></span> <span class='ocrx_word' id='word_1_9' title='bbox 1022 261 1079 305; x_wconf 90' lang='lat' dir='ltr'><strong>sit</strong></span> <span class='ocrx_word' id='word_1_10' title='bbox 1109 261 1165 305; x_wconf 87' lang='lat' dir='ltr'><strong>ad</strong></span> <span class='ocrx_word' id='word_1_11' title='bbox 1194 265 1542 323; x_wconf 87' lang='lat' dir='ltr'><strong>persolvendum,</strong></span> 
     </span>
     <span class='ocr_line' id='line_1_3' title="bbox 206 315 1540 376; baseline 0.004 -14"><span class='ocrx_word' id='word_1_12' title='bbox 206 329 288 362; x_wconf 80' lang='lat' dir='ltr'><strong>suo</strong></span> <span class='ocrx_word' id='word_1_13' title='bbox 316 329 500 373; x_wconf 90' lang='lat' dir='ltr'><strong>corpore</strong></span> <span class='ocrx_word' id='word_1_14' title='bbox 530 319 614 365; x_wconf 90' lang='lat' dir='ltr'><strong>sub</strong></span> <span class='ocrx_word' id='word_1_15' title='bbox 645 317 912 376; x_wconf 81' lang='lat' dir='ltr'><strong>competenti</strong></span> <span class='ocrx_word' id='word_1_16' title='bbox 938 315 1084 362; x_wconf 87' lang='lat' dir='ltr'><strong>iudice</strong></span> <span class='ocrx_word' id='word_1_17' title='bbox 1112 331 1279 374; x_wconf 87' lang='lat' dir='ltr'><strong>poenas</strong></span> <span class='ocrx_word' id='word_1_18' title='bbox 1305 321 1439 366; x_wconf 91' lang='lat' dir='ltr'><strong>luere.</strong></span> <span class='ocrx_word' id='word_1_19' title='bbox 1485 323 1540 367; x_wconf 89' lang='lat' dir='ltr'><strong>D.</strong></span> 
     </span>
    </p>
   </div>
   <div class='ocr_carea' id='block_1_3' title="bbox 204 371 1541 434">
    <p class='ocr_par' dir='ltr' id='par_1_3' title="bbox 204 371 1541 434">
     <span class='ocr_line' id='line_1_4' title="bbox 204 371 1541 434; baseline 0.006 -18"><span class='ocrx_word' id='word_1_20' title='bbox 204 371 248 417; x_wconf 81' lang='lat' dir='ltr'><strong>lc.</strong></span> <span class='ocrx_word' id='word_1_21' title='bbox 279 371 383 417; x_wconf 81' lang='lat' dir='ltr'><strong>Deo.</strong></span> <span class='ocrx_word' id='word_1_22' title='bbox 419 373 810 434; x_wconf 81' lang='lat' dir='ltr'><em>Constantinopoli</em></span> <span class='ocrx_word' id='word_1_23' title='bbox 843 371 1027 431; x_wconf 76' lang='lat' dir='ltr'><em>Olybrio</em></span> <span class='ocrx_word' id='word_1_24' title='bbox 1057 387 1120 419; x_wconf 81' lang='lat' dir='ltr'><strong>vo.</strong></span> <span class='ocrx_word' id='word_1_25' title='bbox 1153 388 1272 421; x_wconf 79' lang='lat' dir='ltr'><strong>cons.</strong></span> <span class='ocrx_word' id='word_1_26' title='bbox 1356 382 1411 431; x_wconf 91' lang='lat' dir='ltr'><strong>[a.</strong></span> <span class='ocrx_word' id='word_1_27' title='bbox 1445 383 1541 432; x_wconf 88' lang='lat'>526]</span> 
     </span>
    </p>
   </div>
   <div class='ocr_carea' id='block_1_4' title="bbox 587 600 1153 728">
    <p class='ocr_par' dir='ltr' id='par_1_4' title="bbox 587 600 1153 728">
     <span class='ocr_line' id='line_1_5' title="bbox 803 600 928 652; baseline 0.016 -2"><span class='ocrx_word' id='word_1_28' title='bbox 803 600 928 652; x_wconf 88' lang='lat' dir='ltr'><strong>XX.¹</strong></span> 
     </span>
     <span class='ocr_line' id='line_1_6' title="bbox 587 683 1153 728; baseline 0.004 -2"><span class='ocrx_word' id='word_1_29' title='bbox 587 683 663 726; x_wconf 80' lang='lat' dir='ltr'><strong>An</strong></span> <span class='ocrx_word' id='word_1_30' title='bbox 692 683 893 727; x_wconf 73' lang='lat' dir='ltr'>LEGEM</span> <span class='ocrx_word' id='word_1_31' title='bbox 921 684 1153 728; x_wconf 83' lang='lat' dir='ltr'><em>FABIAM.</em></span> 
     </span>
    </p>
   </div>
   <div class='ocr_carea' id='block_1_5' title="bbox 186 764 1539 4191">
    <p class='ocr_par' dir='ltr' id='par_1_5' title="bbox 197 764 1539 1269">
     <span class='ocr_line' id='line_1_7' title="bbox 261 764 1537 825; baseline -0.002 -13"><span class='ocrx_word' id='word_1_32' title='bbox 261 765 283 812; x_wconf 93' lang='lat'>1</span> <span class='ocrx_word' id='word_1_33' title='bbox 321 764 434 825; x_wconf 76' lang='lat' dir='ltr'><strong>Imp.</strong></span> <span class='ocrx_word' id='word_1_34' title='bbox 475 765 732 811; x_wconf 77' lang='lat' dir='ltr'><em>Antoninus</em></span> <span class='ocrx_word' id='word_1_35' title='bbox 767 767 819 809; x_wconf 87' lang='lat' dir='ltr'><strong>A.</strong></span> <span class='ocrx_word' id='word_1_36' title='bbox 858 765 1061 812; x_wconf 83' lang='lat' dir='ltr'><strong>Placido.</strong></span> <span class='ocrx_word' id='word_1_37' title='bbox 1136 768 1271 813; x_wconf 88' lang='lat' dir='ltr'><strong>Pater</strong></span> <span class='ocrx_word' id='word_1_38' title='bbox 1312 771 1415 812; x_wconf 87' lang='lat' dir='ltr'><strong>tuus</strong></span> <span class='ocrx_word' id='word_1_39' title='bbox 1461 766 1537 810; x_wconf 90' lang='lat' dir='ltr'><strong>ad-</strong></span> 
     </span>
     <span class='ocr_line' id='line_1_8' title="bbox 201 822 1536 881; baseline 0.001 -16"><span class='ocrx_word' id='word_1_40' title='bbox 201 835 352 867; x_wconf 84' lang='lat' dir='ltr'><strong>versus</strong></span> <span class='ocrx_word' id='word_1_41' title='bbox 382 834 495 875; x_wconf 90' lang='lat' dir='ltr'><strong>eum,</strong></span> <span class='ocrx_word' id='word_1_42' title='bbox 526 833 554 865; x_wconf 86' lang='lat' dir='ltr'><strong>a</strong></span> <span class='ocrx_word' id='word_1_43' title='bbox 584 834 670 877; x_wconf 90' lang='lat' dir='ltr'><strong>quo</strong></span> <span class='ocrx_word' id='word_1_44' title='bbox 701 822 984 867; x_wconf 84' lang='lat' dir='ltr'><strong>sollicitatam</strong></span> <span class='ocrx_word' id='word_1_45' title='bbox 1009 824 1228 878; x_wconf 83' lang='lat' dir='ltr'>ancillam,</span> <span class='ocrx_word' id='word_1_46' title='bbox 1258 823 1403 881; x_wconf 85' lang='lat' dir='ltr'><strong>plagio</strong></span> <span class='ocrx_word' id='word_1_47' title='bbox 1430 835 1536 879; x_wconf 88' lang='lat' dir='ltr'><strong>quo-</strong></span> 
     </span>
     <span class='ocr_line' id='line_1_9' title="bbox 202 878 1538 936; baseline -0.001 -14"><span class='ocrx_word' id='word_1_48' title='bbox 202 890 286 934; x_wconf 90' lang='lat' dir='ltr'><strong>que</strong></span> <span class='ocrx_word' id='word_1_49' title='bbox 323 878 444 922; x_wconf 84' lang='lat' dir='ltr'><strong>facto</strong></span> <span class='ocrx_word' id='word_1_50' title='bbox 482 881 759 934; x_wconf 85' lang='lat' dir='ltr'><strong>exportatam</strong></span> <span class='ocrx_word' id='word_1_51' title='bbox 789 880 1005 934; x_wconf 87' lang='lat' dir='ltr'><strong>queritur,</strong></span> <span class='ocrx_word' id='word_1_52' title='bbox 1046 881 1167 936; x_wconf 89' lang='lat' dir='ltr'><strong>apud</strong></span> <span class='ocrx_word' id='word_1_53' title='bbox 1196 894 1324 925; x_wconf 84' lang='lat' dir='ltr'><strong>suum</strong></span> <span class='ocrx_word' id='word_1_54' title='bbox 1349 879 1538 923; x_wconf 91' lang='lat' dir='ltr'><strong>iudicem</strong></span> 
     </span>
     <span class='ocr_line' id='line_1_10' title="bbox 201 933 1539 981; baseline 0.001 -5"><span class='ocrx_word' id='word_1_55' title='bbox 201 934 384 978; x_wconf 86' lang='lat' dir='ltr'><strong>civiliter</strong></span> <span class='ocrx_word' id='word_1_56' title='bbox 425 933 471 978; x_wconf 92' lang='lat' dir='ltr'><strong>in</strong></span> <span class='ocrx_word' id='word_1_57' title='bbox 512 946 605 977; x_wconf 89' lang='lat' dir='ltr'><strong>rem</strong></span> <span class='ocrx_word' id='word_1_58' title='bbox 650 934 825 978; x_wconf 89' lang='lat' dir='ltr'><strong>actione</strong></span> <span class='ocrx_word' id='word_1_59' title='bbox 866 935 1069 980; x_wconf 81' lang='lat' dir='ltr'><strong>instituta</strong></span> <span class='ocrx_word' id='word_1_60' title='bbox 1115 938 1341 981; x_wconf 74' lang='lat' dir='ltr'><strong>consistat.</strong></span> <span class='ocrx_word' id='word_1_61' title='bbox 1410 935 1450 979; x_wconf 90' lang='lat' dir='ltr'><strong>si</strong></span> <span class='ocrx_word' id='word_1_62' title='bbox 1491 935 1539 977; x_wconf 91' lang='lat' dir='ltr'><strong>in</strong></span> 
     </span>
     <span class='ocr_line' id='line_1_11' title="bbox 200 989 1538 1047; baseline 0 -14"><span class='ocrx_word' id='word_1_63' title='bbox 200 1002 337 1033; x_wconf 88' lang='lat' dir='ltr'><strong>causa</strong></span> <span class='ocrx_word' id='word_1_64' title='bbox 373 990 584 1043; x_wconf 89' lang='lat' dir='ltr'><strong>tenuerit,</strong></span> <span class='ocrx_word' id='word_1_65' title='bbox 625 989 757 1034; x_wconf 90' lang='lat' dir='ltr'><strong>etiam</strong></span> <span class='ocrx_word' id='word_1_66' title='bbox 795 990 904 1046; x_wconf 83' lang='lat' dir='ltr'><strong>legis</strong></span> <span class='ocrx_word' id='word_1_67' title='bbox 934 992 1100 1036; x_wconf 82' lang='lat' dir='ltr'>Fabiae</span> <span class='ocrx_word' id='word_1_68' title='bbox 1143 993 1304 1036; x_wconf 78' lang='lat' dir='ltr'><strong>crimen</strong></span> <span class='ocrx_word' id='word_1_69' title='bbox 1333 991 1538 1047; x_wconf 83' lang='lat' dir='ltr'><strong>persequi</strong></span> 
     </span>
     <span class='ocr_line' id='line_1_12' title="bbox 197 1045 1536 1105; baseline 0 -15"><span class='ocrx_word' id='word_1_70' title='bbox 197 1046 374 1102; x_wconf 87' lang='lat' dir='ltr'><strong>poterit.</strong></span> <span class='ocrx_word' id='word_1_71' title='bbox 441 1045 559 1102; x_wconf 90' lang='lat' dir='ltr'><strong>quod</strong></span> <span class='ocrx_word' id='word_1_72' title='bbox 596 1045 635 1089; x_wconf 92' lang='lat' dir='ltr'><strong>si</strong></span> <span class='ocrx_word' id='word_1_73' title='bbox 669 1059 750 1102; x_wconf 90' lang='lat' dir='ltr'><strong>per</strong></span> <span class='ocrx_word' id='word_1_74' title='bbox 782 1047 1033 1092; x_wconf 89' lang='lat' dir='ltr'><strong>violentiam</strong></span> <span class='ocrx_word' id='word_1_75' title='bbox 1072 1049 1338 1105; x_wconf 86' lang='lat' dir='ltr'><strong>mancipium</strong></span> <span class='ocrx_word' id='word_1_76' title='bbox 1378 1048 1536 1102; x_wconf 86' lang='lat' dir='ltr'><strong>abrep-</strong></span> 
     </span>
     <span class='ocr_line' id='line_1_13' title="bbox 198 1101 1535 1161; baseline 0.001 -17"><span class='ocrx_word' id='word_1_77' title='bbox 198 1108 293 1146; x_wconf 90' lang='lat' dir='ltr'><strong>tum</strong></span> <span class='ocrx_word' id='word_1_78' title='bbox 321 1106 403 1155; x_wconf 84' lang='lat' dir='ltr'><strong>est,</strong></span> <span class='ocrx_word' id='word_1_79' title='bbox 432 1101 763 1147; x_wconf 78' lang='lat' dir='ltr'><strong>accusationem</strong></span> <span class='ocrx_word' id='word_1_80' title='bbox 793 1104 857 1148; x_wconf 87' lang='lat' dir='ltr'><strong>vis</strong></span> <span class='ocrx_word' id='word_1_81' title='bbox 886 1118 975 1148; x_wconf 89' lang='grc'>11011</span> <span class='ocrx_word' id='word_1_82' title='bbox 1005 1106 1267 1161; x_wconf 84' lang='lat' dir='ltr'><strong>prohibetur</strong></span> <span class='ocrx_word' id='word_1_83' title='bbox 1295 1103 1535 1148; x_wconf 87' lang='lat' dir='ltr'><strong>intendere.</strong></span> 
     </span>
     <span class='ocr_line' id='line_1_14' title="bbox 197 1157 1536 1267; baseline 0.001 -66"><span class='ocrx_word' id='word_1_84' title='bbox 197 1157 292 1202; x_wconf 88' lang='grc' dir='ltr'><strong>ΡΡ.</strong></span> <span class='ocrx_word' id='word_1_85' title='bbox 337 1169 419 1202; x_wconf 68' lang='lat' dir='ltr'><strong>xl!</strong></span> <span class='ocrx_word' id='word_1_86' title='bbox 462 1157 504 1202; x_wconf 82' lang='lat' dir='ltr'><strong>lc.</strong></span> <span class='ocrx_word' id='word_1_87' title='bbox 551 1158 696 1217; x_wconf 79' lang='lat' dir='ltr'><strong>April.</strong></span> <span class='ocrx_word' id='word_1_88' title='bbox 742 1160 970 1204; x_wconf 78' lang='lat' dir='ltr'><strong>Antonino</strong></span> <span class='ocrx_word' id='word_1_89' title='bbox 1015 1162 1066 1205; x_wconf 91' lang='lat' dir='ltr'><strong>A.</strong></span> <span class='ocrx_word' id='word_1_90' title='bbox 1114 1173 1205 1205; x_wconf 79' lang='lat' dir='ltr'><em>JJJJ</em></span> <span class='ocrx_word' id='word_1_91' title='bbox 1253 1167 1297 1205; x_wconf 83' lang='lat' dir='ltr'><strong>et</strong></span> <span class='ocrx_word' id='word_1_92' title='bbox 1339 1159 1536 1267; x_wconf 52' lang='lat' dir='ltr'><strong>Balbiiffi</strong></span> 
     </span>
     <span class='ocr_line' id='line_1_15' title="bbox 197 1220 1486 1269; baseline 0.002 -12"><span class='ocrx_word' id='word_1_93' title='bbox 197 1227 340 1258; x_wconf 88' lang='lat' dir='ltr'><strong>conss.</strong></span> <span class='ocrx_word' id='word_1_94' title='bbox 1350 1221 1405 1269; x_wconf 90' lang='lat' dir='ltr'><strong>[a.</strong></span> <span class='ocrx_word' id='word_1_95' title='bbox 1439 1220 1486 1259; x_wconf 89' lang='grc'><strong>21</strong></span> 
     </span>
    </p>

    <p class='ocr_par' dir='ltr' id='par_1_6' title="bbox 192 1267 1539 1661">
     <span class='ocr_line' id='line_1_16' title="bbox 254 1267 1537 1318; baseline 0 -3"><span class='ocrx_word' id='word_1_96' title='bbox 254 1267 285 1315; x_wconf 85' lang='grc'><strong>2</strong></span> <span class='ocrx_word' id='word_1_97' title='bbox 315 1268 440 1315; x_wconf 89' lang='lat' dir='ltr'><strong>Idem</strong></span> <span class='ocrx_word' id='word_1_98' title='bbox 468 1272 520 1314; x_wconf 89' lang='lat' dir='ltr'><strong>A.</strong></span> <span class='ocrx_word' id='word_1_99' title='bbox 552 1270 752 1315; x_wconf 86' lang='lat' dir='ltr'><strong>Aurelio.</strong></span> <span class='ocrx_word' id='word_1_100' title='bbox 820 1272 866 1316; x_wconf 86' lang='lat' dir='ltr'><strong>Si</strong></span> <span class='ocrx_word' id='word_1_101' title='bbox 902 1273 958 1316; x_wconf 88' lang='lat' dir='ltr'><strong>ab</strong></span> <span class='ocrx_word' id='word_1_102' title='bbox 988 1273 1175 1318; x_wconf 88' lang='lat' dir='ltr'><strong>Aeliano</strong></span> <span class='ocrx_word' id='word_1_103' title='bbox 1211 1286 1382 1318; x_wconf 88' lang='lat' dir='ltr'><strong>servum</strong></span> <span class='ocrx_word' id='word_1_104' title='bbox 1411 1276 1537 1315; x_wconf 89' lang='lat' dir='ltr'><strong>tuum</strong></span> 
     </span>
     <span class='ocr_line' id='line_1_17' title="bbox 197 1326 1534 1384; baseline 0.001 -15"><span class='ocrx_word' id='word_1_105' title='bbox 197 1330 452 1382; x_wconf 87' lang='lat' dir='ltr'><strong>susceptum</strong></span> <span class='ocrx_word' id='word_1_106' title='bbox 489 1330 534 1370; x_wconf 89' lang='lat' dir='ltr'><strong>et</strong></span> <span class='ocrx_word' id='word_1_107' title='bbox 580 1326 874 1382; x_wconf 82' lang='lat' dir='ltr'><strong>aliquamdiu2</strong></span> <span class='ocrx_word' id='word_1_108' title='bbox 937 1330 1208 1373; x_wconf 87' lang='lat' dir='ltr'><strong>occultatum</strong></span> <span class='ocrx_word' id='word_1_109' title='bbox 1251 1340 1440 1384; x_wconf 84' lang='lat' dir='ltr'><strong>moxque</strong></span> <span class='ocrx_word' id='word_1_110' title='bbox 1483 1340 1534 1371; x_wconf 92' lang='lat' dir='ltr'><strong>eo</strong></span> 
     </span>
     <span class='ocr_line' id='line_1_18' title="bbox 195 1381 1538 1442; baseline 0.001 -16"><span class='ocrx_word' id='word_1_111' title='bbox 195 1382 408 1427; x_wconf 80' lang='lat' dir='ltr'><strong>suadente</strong></span> <span class='ocrx_word' id='word_1_112' title='bbox 445 1381 579 1438; x_wconf 85' lang='lat' dir='ltr'><strong>fugae</strong></span> <span class='ocrx_word' id='word_1_113' title='bbox 618 1382 769 1427; x_wconf 89' lang='lat' dir='ltr'><strong>datum</strong></span> <span class='ocrx_word' id='word_1_114' title='bbox 808 1385 1000 1440; x_wconf 87' lang='lat' dir='ltr'><strong>probare</strong></span> <span class='ocrx_word' id='word_1_115' title='bbox 1037 1391 1188 1442; x_wconf 85' lang='lat' dir='ltr'><strong>poteS‚</strong></span> <span class='ocrx_word' id='word_1_116' title='bbox 1229 1386 1336 1440; x_wconf 89' lang='lat' dir='ltr'><strong>legis</strong></span> <span class='ocrx_word' id='word_1_117' title='bbox 1370 1384 1538 1428; x_wconf 82' lang='lat' dir='ltr'><strong>Fabiae</strong></span> 
     </span>
     <span class='ocr_line' id='line_1_19' title="bbox 196 1438 1536 1498; baseline 0.001 -17"><span class='ocrx_word' id='word_1_118' title='bbox 196 1438 360 1483; x_wconf 85' lang='lat' dir='ltr'><strong>crimen</strong></span> <span class='ocrx_word' id='word_1_119' title='bbox 390 1451 472 1495; x_wconf 89' lang='lat' dir='ltr'><strong>per</strong></span> <span class='ocrx_word' id='word_1_120' title='bbox 499 1444 544 1483; x_wconf 91' lang='lat' dir='ltr'><strong>te</strong></span> <span class='ocrx_word' id='word_1_121' title='bbox 573 1440 641 1483; x_wconf 84' lang='lat' dir='ltr'><strong>vel</strong></span> <span class='ocrx_word' id='word_1_122' title='bbox 671 1441 890 1484; x_wconf 86' lang='lat' dir='ltr'><strong>actionem</strong></span> <span class='ocrx_word' id='word_1_123' title='bbox 921 1442 979 1485; x_wconf 89' lang='lat' dir='ltr'><strong>ad</strong></span> <span class='ocrx_word' id='word_1_124' title='bbox 1009 1454 1105 1486; x_wconf 90' lang='lat' dir='ltr'><strong>eam</strong></span> <span class='ocrx_word' id='word_1_125' title='bbox 1134 1455 1226 1486; x_wconf 91' lang='lat' dir='ltr'><strong>rem</strong></span> <span class='ocrx_word' id='word_1_126' title='bbox 1248 1441 1536 1498; x_wconf 84' lang='lat' dir='ltr'><strong>propositam,</strong></span> 
     </span>
     <span class='ocr_line' id='line_1_20' title="bbox 193 1494 1534 1553; baseline 0.002 -16"><span class='ocrx_word' id='word_1_127' title='bbox 193 1494 238 1538; x_wconf 91' lang='lat' dir='ltr'><strong>id</strong></span> <span class='ocrx_word' id='word_1_128' title='bbox 277 1499 346 1539; x_wconf 89' lang='lat' dir='ltr'><strong>est</strong></span> <span class='ocrx_word' id='word_1_129' title='bbox 385 1496 500 1539; x_wconf 89' lang='lat' dir='ltr'><strong>servi</strong></span> <span class='ocrx_word' id='word_1_130' title='bbox 539 1498 760 1552; x_wconf 87' lang='lat' dir='ltr'><strong>corrupti,</strong></span> <span class='ocrx_word' id='word_1_131' title='bbox 834 1509 880 1540; x_wconf 91' lang='lat' dir='ltr'><strong>er</strong></span> <span class='ocrx_word' id='word_1_132' title='bbox 917 1502 1252 1553; x_wconf 87' lang='lat' dir='ltr'><strong>procuratorem</strong></span> <span class='ocrx_word' id='word_1_133' title='bbox 1280 1502 1404 1542; x_wconf 92' lang='lat' dir='ltr'><strong>tuum</strong></span> <span class='ocrx_word' id='word_1_134' title='bbox 1435 1509 1534 1553; x_wconf 90' lang='lat' dir='ltr'><strong>per-</strong></span> 
     </span>
     <span class='ocr_line' id='line_1_21' title="bbox 194 1511 1539 1611; baseline 0.001 -17"><span class='ocrx_word' id='word_1_135' title='bbox 194 1551 319 1609; x_wconf 83' lang='lat' dir='ltr'><strong>sequi</strong></span> <span class='ocrx_word' id='word_1_136' title='bbox 355 1555 497 1607; x_wconf 89' lang='lat' dir='ltr'><strong>potes.</strong></span> <span class='ocrx_word' id='word_1_137' title='bbox 565 1551 657 1596; x_wconf 89' lang='lat' dir='ltr'><strong>PP.</strong></span> <span class='ocrx_word' id='word_1_138' title='bbox 698 1563 771 1595; x_wconf 78' lang='lat' dir='ltr'><strong>VII</strong></span> <span class='ocrx_word' id='word_1_139' title='bbox 801 1511 847 1596; x_wconf 48' lang='lat' dir='ltr'><strong>{a</strong></span> <span class='ocrx_word' id='word_1_140' title='bbox 879 1557 992 1611; x_wconf 76' lang='lat' dir='ltr'><strong>Auq.</strong></span> <span class='ocrx_word' id='word_1_141' title='bbox 1025 1554 1253 1597; x_wconf 82' lang='lat' dir='ltr'><strong>Antonino</strong></span> <span class='ocrx_word' id='word_1_142' title='bbox 1279 1555 1334 1596; x_wconf 87' lang='lat' dir='ltr'><strong>A.</strong></span> <span class='ocrx_word' id='word_1_143' title='bbox 1369 1564 1460 1596; x_wconf 79' lang='lat' dir='ltr'><strong>IIII</strong></span> <span class='ocrx_word' id='word_1_144' title='bbox 1495 1556 1539 1596; x_wconf 87' lang='lat' dir='ltr'><strong>et</strong></span> 
     </span>
     <span class='ocr_line' id='line_1_22' title="bbox 192 1607 1534 1661; baseline 0.001 -11"><span class='ocrx_word' id='word_1_145' title='bbox 192 1607 391 1651; x_wconf 79' lang='lat' dir='ltr'><strong>Balbino</strong></span> <span class='ocrx_word' id='word_1_146' title='bbox 422 1620 564 1652; x_wconf 88' lang='lat' dir='ltr'><strong>conss.</strong></span> <span class='ocrx_word' id='word_1_147' title='bbox 1347 1613 1403 1661; x_wconf 91' lang='lat' dir='ltr'><strong>[a.</strong></span> <span class='ocrx_word' id='word_1_148' title='bbox 1437 1611 1534 1660; x_wconf 85' lang='lat'>213]</span> 
     </span>
    </p>

    <p class='ocr_par' dir='ltr' id='par_1_7' title="bbox 190 1661 1536 1888">
     <span class='ocr_line' id='line_1_23' title="bbox 249 1661 1536 1719; baseline -0.002 -9"><span class='ocrx_word' id='word_1_149' title='bbox 249 1661 279 1710; x_wconf 86' lang='lat'><strong>3</strong></span> <span class='ocrx_word' id='word_1_150' title='bbox 312 1662 381 1707; x_wconf 91' lang='lat' dir='ltr'><strong>Im</strong></span> <span class='ocrx_word' id='word_1_151' title='bbox 419 1698 426 1707; x_wconf 93' lang='lat'><strong>.</strong></span> <span class='ocrx_word' id='word_1_152' title='bbox 456 1662 720 1708; x_wconf 77' lang='lat' dir='ltr'><em>Alexander</em></span> <span class='ocrx_word' id='word_1_153' title='bbox 757 1663 808 1707; x_wconf 89' lang='lat' dir='ltr'><strong>A.</strong></span> <span class='ocrx_word' id='word_1_154' title='bbox 844 1663 1062 1708; x_wconf 88' lang='lat' dir='ltr'><strong>Cornelio.</strong></span> <span class='ocrx_word' id='word_1_155' title='bbox 1132 1663 1192 1707; x_wconf 89' lang='lat' dir='ltr'><strong>Ut</strong></span> <span class='ocrx_word' id='word_1_156' title='bbox 1226 1663 1334 1719; x_wconf 89' lang='lat' dir='ltr'><strong>legis</strong></span> <span class='ocrx_word' id='word_1_157' title='bbox 1365 1664 1536 1708; x_wconf 84' lang='lat' dir='ltr'><strong>Fabiae</strong></span> 
     </span>
     <span class='ocr_line' id='line_1_24' title="bbox 191 1719 1535 1776; baseline 0 -13"><span class='ocrx_word' id='word_1_158' title='bbox 191 1731 336 1776; x_wconf 85' lang='lat' dir='ltr'><strong>poena</strong></span> <span class='ocrx_word' id='word_1_159' title='bbox 403 1719 608 1771; x_wconf 86' lang='lat' dir='ltr'><strong>ebeatur,</strong></span> <span class='ocrx_word' id='word_1_160' title='bbox 646 1719 691 1762; x_wconf 88' lang='lat' dir='ltr'><strong>in</strong></span> <span class='ocrx_word' id='word_1_161' title='bbox 734 1720 898 1764; x_wconf 87' lang='lat' dir='ltr'><strong>crimen</strong></span> <span class='ocrx_word' id='word_1_162' title='bbox 935 1719 1201 1776; x_wconf 82' lang='lat' dir='ltr'><strong>subscriptio</strong></span> <span class='ocrx_word' id='word_1_163' title='bbox 1233 1724 1278 1763; x_wconf 91' lang='lat' dir='ltr'><strong>et</strong></span> <span class='ocrx_word' id='word_1_164' title='bbox 1307 1721 1535 1763; x_wconf 84' lang='lat' dir='ltr'><strong>accusatio</strong></span> 
     </span>
     <span class='ocr_line' id='line_1_25' title="bbox 191 1774 1534 1819; baseline -0.001 0"><span class='ocrx_word' id='word_1_165' title='bbox 191 1779 236 1819; x_wconf 87' lang='lat' dir='ltr'><strong>et</strong></span> <span class='ocrx_word' id='word_1_166' title='bbox 264 1775 483 1819; x_wconf 89' lang='lat' dir='ltr'><strong>sententia</strong></span> <span class='ocrx_word' id='word_1_167' title='bbox 510 1774 764 1818; x_wconf 85' lang='lat' dir='ltr'><strong>necessaria</strong></span> <span class='ocrx_word' id='word_1_168' title='bbox 793 1779 873 1819; x_wconf 88' lang='lat' dir='ltr'><strong>est.</strong></span> <span class='ocrx_word' id='word_1_169' title='bbox 934 1774 1028 1819; x_wconf 87' lang='grc' dir='ltr'><strong>ΡΡ.</strong></span> <span class='ocrx_word' id='word_1_170' title='bbox 1055 1788 1151 1818; x_wconf 76' lang='lat' dir='ltr'><em>VlJJ</em></span> <span class='ocrx_word' id='word_1_171' title='bbox 1171 1774 1212 1818; x_wconf 80' lang='lat' dir='ltr'><strong>lc.</strong></span> <span class='ocrx_word' id='word_1_172' title='bbox 1238 1774 1323 1818; x_wconf 89' lang='lat' dir='ltr'><strong>Iul.</strong></span> <span class='ocrx_word' id='word_1_173' title='bbox 1352 1774 1534 1818; x_wconf 89' lang='lat' dir='ltr'><strong>Iuliano</strong></span> 
     </span>
     <span class='ocr_line' id='line_1_26' title="bbox 190 1830 1533 1888; baseline -0.001 -14"><span class='ocrx_word' id='word_1_174' title='bbox 190 1836 236 1874; x_wconf 86' lang='lat' dir='ltr'><strong>et</strong></span> <span class='ocrx_word' id='word_1_175' title='bbox 265 1830 471 1888; x_wconf 77' lang='lat' dir='ltr'><strong>Crispino</strong></span> <span class='ocrx_word' id='word_1_176' title='bbox 502 1843 646 1873; x_wconf 87' lang='lat' dir='ltr'><strong>conss.</strong></span> <span class='ocrx_word' id='word_1_177' title='bbox 1346 1835 1403 1883; x_wconf 88' lang='lat' dir='ltr'><strong>[a.</strong></span> <span class='ocrx_word' id='word_1_178' title='bbox 1436 1834 1533 1883; x_wconf 82' lang='lat'>224]</span> 
     </span>
    </p>

    <p class='ocr_par' dir='ltr' id='par_1_8' title="bbox 187 1882 1536 2212">
     <span class='ocr_line' id='line_1_27' title="bbox 245 1882 1533 1950; baseline -0.002 -19"><span class='ocrx_word' id='word_1_179' title='bbox 245 1884 276 1931; x_wconf 86' lang='lat'>4</span> <span class='ocrx_word' id='word_1_180' title='bbox 309 1884 421 1950; x_wconf 74' lang='lat' dir='ltr'><strong>Imp.</strong></span> <span class='ocrx_word' id='word_1_181' title='bbox 457 1882 717 1929; x_wconf 83' lang='lat' dir='ltr'><strong>Gordianus</strong></span> <span class='ocrx_word' id='word_1_182' title='bbox 746 1888 797 1929; x_wconf 87' lang='lat' dir='ltr'><strong>A.</strong></span> <span class='ocrx_word' id='word_1_183' title='bbox 832 1884 1068 1930; x_wconf 79' lang='lat' dir='ltr'><strong>Paulinae.</strong></span> <span class='ocrx_word' id='word_1_184' title='bbox 1138 1886 1240 1930; x_wconf 89' lang='lat' dir='ltr'><strong>Non</strong></span> <span class='ocrx_word' id='word_1_185' title='bbox 1276 1886 1392 1930; x_wconf 87' lang='lat' dir='ltr'><strong>valet</strong></span> <span class='ocrx_word' id='word_1_186' title='bbox 1430 1900 1533 1943; x_wconf 93' lang='lat' dir='ltr'><strong>pro-</strong></span> 
     </span>
     <span class='ocr_line' id='line_1_28' title="bbox 190 1940 1533 1998; baseline 0 -13"><span class='ocrx_word' id='word_1_187' title='bbox 190 1943 409 1986; x_wconf 80' lang='lat' dir='ltr'><strong>curatorls</strong></span> <span class='ocrx_word' id='word_1_188' title='bbox 450 1940 688 1995; x_wconf 86' lang='lat' dir='ltr'><strong>sententia,</strong></span> <span class='ocrx_word' id='word_1_189' title='bbox 728 1941 766 1985; x_wconf 89' lang='lat' dir='ltr'><strong>si</strong></span> <span class='ocrx_word' id='word_1_190' title='bbox 794 1942 933 1986; x_wconf 88' lang='lat' dir='ltr'><strong>vicem</strong></span> <span class='ocrx_word' id='word_1_191' title='bbox 972 1942 1189 1998; x_wconf 88' lang='lat' dir='ltr'><strong>praesidis</strong></span> <span class='ocrx_word' id='word_1_192' title='bbox 1221 1956 1311 1987; x_wconf 92' lang='lat' dir='ltr'><strong>non</strong></span> <span class='ocrx_word' id='word_1_193' title='bbox 1341 1946 1533 1997; x_wconf 89' lang='lat' dir='ltr'><strong>tueatur,</strong></span> 
     </span>
     <span class='ocr_line' id='line_1_29' title="bbox 190 1996 1534 2055; baseline 0.001 -13"><span class='ocrx_word' id='word_1_194' title='bbox 190 1998 265 2053; x_wconf 92' lang='lat' dir='ltr'><strong>qui</strong></span> <span class='ocrx_word' id='word_1_195' title='bbox 302 1998 344 2041; x_wconf 91' lang='lat' dir='ltr'><strong>le</strong></span> <span class='ocrx_word' id='word_1_196' title='bbox 373 1997 389 2040; x_wconf 92' lang='lat' dir='ltr'><strong>i</strong></span> <span class='ocrx_word' id='word_1_197' title='bbox 415 1996 585 2041; x_wconf 85' lang='lat' dir='ltr'><strong>Fabiae</strong></span> <span class='ocrx_word' id='word_1_198' title='bbox 623 1997 771 2042; x_wconf 89' lang='lat' dir='ltr'><strong>locum</strong></span> <span class='ocrx_word' id='word_1_199' title='bbox 806 2010 904 2042; x_wconf 89' lang='lat' dir='ltr'><strong>esse</strong></span> <span class='ocrx_word' id='word_1_200' title='bbox 934 1999 1259 2055; x_wconf 89' lang='lat' dir='ltr'><strong>pronuntiavit,</strong></span> <span class='ocrx_word' id='word_1_201' title='bbox 1302 2012 1402 2043; x_wconf 90' lang='lat' dir='ltr'><strong>cum</strong></span> <span class='ocrx_word' id='word_1_202' title='bbox 1439 1999 1534 2043; x_wconf 90' lang='lat' dir='ltr'><strong>eius</strong></span> 
     </span>
     <span class='ocr_line' id='line_1_30' title="bbox 187 2011 1536 2112; baseline 0.001 -14"><span class='ocrx_word' id='word_1_203' title='bbox 187 2054 294 2111; x_wconf 88' lang='lat' dir='ltr'><strong>legis</strong></span> <span class='ocrx_word' id='word_1_204' title='bbox 339 2011 600 2111; x_wconf 55' lang='lat' dir='ltr'><strong>disceptatio</strong></span> <span class='ocrx_word' id='word_1_205' title='bbox 644 2053 702 2098; x_wconf 89' lang='lat' dir='ltr'><strong>ad</strong></span> <span class='ocrx_word' id='word_1_206' title='bbox 745 2054 961 2110; x_wconf 89' lang='lat' dir='ltr'><strong>praesidis</strong></span> <span class='ocrx_word' id='word_1_207' title='bbox 1006 2055 1260 2111; x_wconf 88' lang='lat' dir='ltr'><strong>provinciae</strong></span> <span class='ocrx_word' id='word_1_208' title='bbox 1312 2055 1536 2112; x_wconf 84' lang='lat' dir='ltr'><strong>pertineat</strong></span> 
     </span>
     <span class='ocr_line' id='line_1_31' title="bbox 188 2109 1535 2157; baseline 0.001 -4"><span class='ocrx_word' id='word_1_209' title='bbox 188 2111 426 2154; x_wconf 89' lang='lat' dir='ltr'><strong>notionem.</strong></span> <span class='ocrx_word' id='word_1_210' title='bbox 485 2109 579 2154; x_wconf 86' lang='grc' dir='ltr'><strong>ΡΡ.</strong></span> <span class='ocrx_word' id='word_1_211' title='bbox 603 2121 674 2154; x_wconf 82' lang='grc' dir='ltr'><strong>ΙΙΙ</strong></span> <span class='ocrx_word' id='word_1_212' title='bbox 701 2124 805 2154; x_wconf 88' lang='lat' dir='ltr'><strong>non.</strong></span> <span class='ocrx_word' id='word_1_213' title='bbox 830 2110 936 2155; x_wconf 84' lang='lat' dir='ltr'><strong>Deo.</strong></span> <span class='ocrx_word' id='word_1_214' title='bbox 967 2110 1199 2156; x_wconf 73' lang='lat' dir='ltr'><strong>Gordiano</strong></span> <span class='ocrx_word' id='word_1_215' title='bbox 1224 2114 1274 2156; x_wconf 92' lang='lat' dir='ltr'><em>A.</em></span> <span class='ocrx_word' id='word_1_216' title='bbox 1307 2117 1352 2156; x_wconf 86' lang='lat' dir='ltr'><strong>et</strong></span> <span class='ocrx_word' id='word_1_217' title='bbox 1372 2112 1535 2157; x_wconf 88' lang='lat' dir='ltr'><strong>Aviola</strong></span> 
     </span>
     <span class='ocr_line' id='line_1_32' title="bbox 190 2179 1401 2212; baseline 0.002 -2"><span class='ocrx_word' id='word_1_218' title='bbox 190 2179 332 2210; x_wconf 82' lang='lat' dir='ltr'><strong>conss.</strong></span> <span class='ocrx_word' id='word_1_219' title='bbox 1394 2203 1401 2212; x_wconf 92' lang='lat'><strong>.</strong></span> 
     </span>
    </p>

    <p class='ocr_par' dir='ltr' id='par_1_9' title="bbox 187 2172 1537 2502">
     <span class='ocr_line' id='line_1_33' title="bbox 245 2172 1535 2321; baseline 0 -53"><span class='ocrx_word' id='word_1_220' title='bbox 245 2221 274 2268; x_wconf 89' lang='lat'><strong>5</strong></span> <span class='ocrx_word' id='word_1_221' title='bbox 308 2221 454 2321; x_wconf 58' lang='lat' dir='ltr'><strong>Implip.</strong></span> <span class='ocrx_word' id='word_1_222' title='bbox 492 2219 763 2266; x_wconf 80' lang='lat' dir='ltr'><strong>Valerianus</strong></span> <span class='ocrx_word' id='word_1_223' title='bbox 791 2227 837 2266; x_wconf 87' lang='lat' dir='ltr'><strong>et</strong></span> <span class='ocrx_word' id='word_1_224' title='bbox 865 2221 1096 2267; x_wconf 80' lang='lat' dir='ltr'><strong>Gallienus</strong></span> <span class='ocrx_word' id='word_1_225' title='bbox 1123 2225 1215 2268; x_wconf 91' lang='lat' dir='ltr'><strong>AA.</strong></span> <span class='ocrx_word' id='word_1_226' title='bbox 1248 2229 1292 2268; x_wconf 89' lang='lat' dir='ltr'><strong>et</strong></span> <span class='ocrx_word' id='word_1_227' title='bbox 1331 2172 1535 2269; x_wconf 45' lang='grc' dir='ltr'><strong>θιιῖιῖεἰῗὲ</strong></span> 
     </span>
     <span class='ocr_line' id='line_1_34' title="bbox 189 2277 1535 2337; baseline 0.002 -15"><span class='ocrx_word' id='word_1_228' title='bbox 189 2293 273 2322; x_wconf 87' lang='lat' dir='ltr'><strong>nus</strong></span> <span class='ocrx_word' id='word_1_229' title='bbox 305 2277 347 2322; x_wconf 90' lang='lat' dir='ltr'><strong>C.</strong></span> <span class='ocrx_word' id='word_1_230' title='bbox 407 2277 600 2323; x_wconf 83' lang='lat' dir='ltr'><strong>alianae.</strong></span> <span class='ocrx_word' id='word_1_231' title='bbox 671 2278 717 2321; x_wconf 88' lang='lat' dir='ltr'><strong>Si</strong></span> <span class='ocrx_word' id='word_1_232' title='bbox 751 2278 935 2322; x_wconf 87' lang='lat' dir='ltr'><strong>fratrem</strong></span> <span class='ocrx_word' id='word_1_233' title='bbox 964 2283 1089 2322; x_wconf 90' lang='lat' dir='ltr'><strong>tuum</strong></span> <span class='ocrx_word' id='word_1_234' title='bbox 1118 2280 1397 2325; x_wconf 85' lang='lat' dir='ltr'><strong>adversarius</strong></span> <span class='ocrx_word' id='word_1_235' title='bbox 1429 2295 1535 2337; x_wconf 89' lang='lat' dir='ltr'><strong>sup·</strong></span> 
     </span>
     <span class='ocr_line' id='line_1_35' title="bbox 188 2334 1534 2393; baseline 0 -12"><span class='ocrx_word' id='word_1_236' title='bbox 188 2334 358 2393; x_wconf 86' lang='lat' dir='ltr'><strong>primit,</strong></span> <span class='ocrx_word' id='word_1_237' title='bbox 398 2334 505 2392; x_wconf 89' lang='lat' dir='ltr'><strong>legis</strong></span> <span class='ocrx_word' id='word_1_238' title='bbox 537 2347 636 2379; x_wconf 92' lang='lat' dir='ltr'><strong>eum</strong></span> <span class='ocrx_word' id='word_1_239' title='bbox 667 2334 859 2389; x_wconf 86' lang='lat' dir='ltr'><strong>Fabiae,</strong></span> <span class='ocrx_word' id='word_1_240' title='bbox 900 2335 1019 2380; x_wconf 85' lang='lat' dir='ltr'><strong>adito</strong></span> <span class='ocrx_word' id='word_1_241' title='bbox 1050 2337 1254 2392; x_wconf 85' lang='lat' dir='ltr'><strong>praeside</strong></span> <span class='ocrx_word' id='word_1_242' title='bbox 1281 2337 1534 2393; x_wconf 88' lang='lat' dir='ltr'><strong>provinciae</strong></span> 
     </span>
     <span class='ocr_line' id='line_1_36' title="bbox 187 2390 1537 2449; baseline 0 -12"><span class='ocrx_word' id='word_1_243' title='bbox 187 2407 311 2438; x_wconf 89' lang='lat' dir='ltr'><strong>reum</strong></span> <span class='ocrx_word' id='word_1_244' title='bbox 341 2394 474 2438; x_wconf 90' lang='lat' dir='ltr'><strong>debes</strong></span> <span class='ocrx_word' id='word_1_245' title='bbox 504 2392 748 2449; x_wconf 87' lang='lat' dir='ltr'><strong>postulare.</strong></span> <span class='ocrx_word' id='word_1_246' title='bbox 805 2390 899 2436; x_wconf 88' lang='grc' dir='ltr'><strong>ΡΡ.</strong></span> <span class='ocrx_word' id='word_1_247' title='bbox 931 2407 1035 2436; x_wconf 90' lang='lat' dir='ltr'><strong>non.</strong></span> <span class='ocrx_word' id='word_1_248' title='bbox 1066 2392 1176 2436; x_wconf 89' lang='lat' dir='ltr'><strong>Mai.</strong></span> <span class='ocrx_word' id='word_1_249' title='bbox 1208 2393 1460 2437; x_wconf 89' lang='lat' dir='ltr'><strong>Aemiliano</strong></span> <span class='ocrx_word' id='word_1_250' title='bbox 1491 2398 1537 2438; x_wconf 86' lang='lat' dir='ltr'><strong>et</strong></span> 
     </span>
     <span class='ocr_line' id='line_1_37' title="bbox 190 2450 1530 2502; baseline 0 -8"><span class='ocrx_word' id='word_1_251' title='bbox 190 2450 337 2494; x_wconf 86' lang='lat' dir='ltr'><strong>Basso</strong></span> <span class='ocrx_word' id='word_1_252' title='bbox 369 2463 512 2494; x_wconf 87' lang='lat' dir='ltr'><strong>conss.</strong></span> <span class='ocrx_word' id='word_1_253' title='bbox 1345 2454 1400 2502; x_wconf 89' lang='lat' dir='ltr'><strong>[a.</strong></span> <span class='ocrx_word' id='word_1_254' title='bbox 1434 2453 1530 2502; x_wconf 82' lang='lat'>259]</span> 
     </span>
    </p>

    <p class='ocr_par' dir='ltr' id='par_1_10' title="bbox 187 2504 1535 3122">
     <span class='ocr_line' id='line_1_38' title="bbox 246 2504 1534 2565; baseline -0.003 -13"><span class='ocrx_word' id='word_1_255' title='bbox 246 2504 276 2553; x_wconf 82' lang='lat'>6</span> <span class='ocrx_word' id='word_1_256' title='bbox 307 2505 455 2565; x_wconf 77' lang='lat' dir='ltr'><strong>Impp.</strong></span> <span class='ocrx_word' id='word_1_257' title='bbox 497 2504 810 2550; x_wconf 82' lang='lat' dir='ltr'><strong>Diocletianus</strong></span> <span class='ocrx_word' id='word_1_258' title='bbox 846 2509 890 2548; x_wconf 88' lang='lat' dir='ltr'><strong>et</strong></span> <span class='ocrx_word' id='word_1_259' title='bbox 926 2504 1239 2550; x_wconf 79' lang='lat' dir='ltr'><strong>Maximianus</strong></span> <span class='ocrx_word' id='word_1_260' title='bbox 1275 2507 1367 2549; x_wconf 93' lang='lat' dir='ltr'><strong>AA.</strong></span> <span class='ocrx_word' id='word_1_261' title='bbox 1407 2504 1534 2550; x_wconf 88' lang='lat' dir='ltr'><strong>Mar-</strong></span> 
     </span>
     <span class='ocr_line' id='line_1_39' title="bbox 189 2561 1535 2617; baseline -0.001 -10"><span class='ocrx_word' id='word_1_262' title='bbox 189 2563 358 2607; x_wconf 84' lang='lat' dir='ltr'><strong>cianae.</strong></span> <span class='ocrx_word' id='word_1_263' title='bbox 428 2562 480 2605; x_wconf 92' lang='lat' dir='ltr'><strong>In</strong></span> <span class='ocrx_word' id='word_1_264' title='bbox 513 2561 621 2616; x_wconf 87' lang='lat' dir='ltr'><strong>fuga</strong></span> <span class='ocrx_word' id='word_1_265' title='bbox 650 2573 826 2606; x_wconf 85' lang='lat' dir='ltr'><strong>servum</strong></span> <span class='ocrx_word' id='word_1_266' title='bbox 856 2562 1143 2605; x_wconf 87' lang='lat' dir='ltr'><strong>constitutum</strong></span> <span class='ocrx_word' id='word_1_267' title='bbox 1173 2575 1316 2617; x_wconf 87' lang='lat' dir='ltr'><strong>neque</strong></span> <span class='ocrx_word' id='word_1_268' title='bbox 1345 2562 1535 2606; x_wconf 83' lang='lat' dir='ltr'><strong>vendere</strong></span> 
     </span>
     <span class='ocr_line' id='line_1_40' title="bbox 188 2617 1534 2674; baseline -0.001 -11"><span class='ocrx_word' id='word_1_269' title='bbox 188 2631 331 2674; x_wconf 83' lang='lat' dir='ltr'><strong>neque</strong></span> <span class='ocrx_word' id='word_1_270' title='bbox 361 2618 528 2662; x_wconf 89' lang='lat' dir='ltr'><strong>donare</strong></span> <span class='ocrx_word' id='word_1_271' title='bbox 557 2618 675 2662; x_wconf 89' lang='lat' dir='ltr'><strong>licet.</strong></span> <span class='ocrx_word' id='word_1_272' title='bbox 733 2617 852 2661; x_wconf 89' lang='lat' dir='ltr'><strong>unde</strong></span> <span class='ocrx_word' id='word_1_273' title='bbox 889 2617 1106 2673; x_wconf 86' lang='lat' dir='ltr'><strong>intellegis</strong></span> <span class='ocrx_word' id='word_1_274' title='bbox 1144 2622 1188 2661; x_wconf 93' lang='lat' dir='ltr'><strong>te</strong></span> <span class='ocrx_word' id='word_1_275' title='bbox 1223 2618 1270 2661; x_wconf 92' lang='lat' dir='ltr'><strong>in</strong></span> <span class='ocrx_word' id='word_1_276' title='bbox 1299 2619 1438 2673; x_wconf 88' lang='lat' dir='ltr'><strong>legem</strong></span> <span class='ocrx_word' id='word_1_277' title='bbox 1466 2619 1534 2662; x_wconf 93' lang='lat' dir='ltr'><strong>in-</strong></span> 
     </span>
     <span class='ocr_line' id='line_1_41' title="bbox 189 2673 1534 2730; baseline -0.001 -10"><span class='ocrx_word' id='word_1_278' title='bbox 189 2675 369 2727; x_wconf 85' lang='lat' dir='ltr'><strong>cidisse,</strong></span> <span class='ocrx_word' id='word_1_279' title='bbox 412 2686 524 2730; x_wconf 90' lang='lat' dir='ltr'><strong>quae</strong></span> <span class='ocrx_word' id='word_1_280' title='bbox 571 2686 706 2729; x_wconf 86' lang='lat' dir='ltr'><strong>super</strong></span> <span class='ocrx_word' id='word_1_281' title='bbox 743 2673 998 2718; x_wconf 89' lang='lat' dir='ltr'><strong>huiusmodi</strong></span> <span class='ocrx_word' id='word_1_282' title='bbox 1033 2674 1204 2718; x_wconf 88' lang='lat' dir='ltr'><strong>delictis</strong></span> <span class='ocrx_word' id='word_1_283' title='bbox 1237 2679 1401 2718; x_wconf 88' lang='lat' dir='ltr'><strong>certam</strong></span> <span class='ocrx_word' id='word_1_284' title='bbox 1428 2688 1534 2730; x_wconf 92' lang='lat' dir='ltr'><strong>poe-</strong></span> 
     </span>
     <span class='ocr_line' id='line_1_42' title="bbox 189 2729 1534 2786; baseline 0 -11"><span class='ocrx_word' id='word_1_285' title='bbox 189 2745 289 2776; x_wconf 88' lang='lat' dir='ltr'><strong>nam</strong></span> <span class='ocrx_word' id='word_1_286' title='bbox 329 2730 438 2775; x_wconf 89' lang='lat' dir='ltr'><strong>fisco</strong></span> <span class='ocrx_word' id='word_1_287' title='bbox 475 2729 751 2774; x_wconf 86' lang='lat' dir='ltr'><strong>inferendam</strong></span> <span class='ocrx_word' id='word_1_288' title='bbox 790 2732 967 2784; x_wconf 86' lang='lat' dir='ltr'><strong>statuit,</strong></span> <span class='ocrx_word' id='word_1_289' title='bbox 1009 2731 1206 2786; x_wconf 87' lang='lat' dir='ltr'><strong>exceptis</strong></span> <span class='ocrx_word' id='word_1_290' title='bbox 1244 2731 1534 2775; x_wconf 87' lang='lat' dir='ltr'><strong>coheredibus</strong></span> 
     </span>
     <span class='ocr_line' id='line_1_43' title="bbox 187 2786 1533 2842; baseline 0 -11"><span class='ocrx_word' id='word_1_291' title='bbox 187 2793 232 2832; x_wconf 89' lang='lat' dir='ltr'><strong>et</strong></span> <span class='ocrx_word' id='word_1_292' title='bbox 261 2787 410 2838; x_wconf 90' lang='lat' dir='ltr'><strong>sociis,</strong></span> <span class='ocrx_word' id='word_1_293' title='bbox 453 2787 612 2842; x_wconf 86' lang='lat' dir='ltr'><strong>quibus</strong></span> <span class='ocrx_word' id='word_1_294' title='bbox 650 2786 698 2829; x_wconf 90' lang='lat' dir='ltr'><strong>in</strong></span> <span class='ocrx_word' id='word_1_295' title='bbox 735 2786 949 2830; x_wconf 88' lang='lat' dir='ltr'><strong>divisione</strong></span> <span class='ocrx_word' id='word_1_296' title='bbox 982 2787 1276 2830; x_wconf 90' lang='lat' dir='ltr'><strong>communium</strong></span> <span class='ocrx_word' id='word_1_297' title='bbox 1305 2800 1452 2831; x_wconf 91' lang='lat' dir='ltr'><strong>rerum</strong></span> <span class='ocrx_word' id='word_1_298' title='bbox 1480 2788 1533 2832; x_wconf 93' lang='lat' dir='ltr'><strong>li-</strong></span> 
     </span>
     <span class='ocr_line' id='line_1_44' title="bbox 190 2842 1532 2900; baseline 0 -13"><span class='ocrx_word' id='word_1_299' title='bbox 190 2843 442 2888; x_wconf 88' lang='lat' dir='ltr'><strong>citationem</strong></span> <span class='ocrx_word' id='word_1_300' title='bbox 482 2842 535 2887; x_wconf 92' lang='lat' dir='ltr'><strong>de</strong></span> <span class='ocrx_word' id='word_1_301' title='bbox 574 2842 758 2898; x_wconf 84' lang='lat' dir='ltr'><strong>fugitivo</strong></span> <span class='ocrx_word' id='word_1_302' title='bbox 790 2855 916 2889; x_wconf 88' lang='lat' dir='ltr'><strong>servo</strong></span> <span class='ocrx_word' id='word_1_303' title='bbox 954 2843 1138 2887; x_wconf 86' lang='lat' dir='ltr'><strong>invicem</strong></span> <span class='ocrx_word' id='word_1_304' title='bbox 1171 2843 1320 2888; x_wconf 86' lang='lat' dir='ltr'><strong>facere</strong></span> <span class='ocrx_word' id='word_1_305' title='bbox 1349 2844 1532 2900; x_wconf 87' lang='lat' dir='ltr'><strong>permis-</strong></span> 
     </span>
     <span class='ocr_line' id='line_1_45' title="bbox 188 2898 1533 2955; baseline -0.001 -11"><span class='ocrx_word' id='word_1_306' title='bbox 188 2914 284 2944; x_wconf 91' lang='lat' dir='ltr'><strong>sum</strong></span> <span class='ocrx_word' id='word_1_307' title='bbox 314 2902 395 2944; x_wconf 88' lang='lat' dir='ltr'><strong>est.</strong></span> <span class='ocrx_word' id='word_1_308' title='bbox 454 2898 519 2942; x_wconf 91' lang='lat' dir='ltr'><strong>ita</strong></span> <span class='ocrx_word' id='word_1_309' title='bbox 548 2911 649 2943; x_wconf 89' lang='lat' dir='ltr'><strong>vero</strong></span> <span class='ocrx_word' id='word_1_310' title='bbox 679 2899 814 2943; x_wconf 89' lang='lat' dir='ltr'><strong>liceat</strong></span> <span class='ocrx_word' id='word_1_311' title='bbox 842 2898 1072 2954; x_wconf 89' lang='lat' dir='ltr'><strong>fugitivum</strong></span> <span class='ocrx_word' id='word_1_312' title='bbox 1100 2900 1312 2955; x_wconf 84' lang='lat' dir='ltr'><strong>vendere,</strong></span> <span class='ocrx_word' id='word_1_313' title='bbox 1346 2905 1397 2943; x_wconf 87' lang='lat' dir='ltr'><strong>ut</strong></span> <span class='ocrx_word' id='word_1_314' title='bbox 1425 2905 1533 2944; x_wconf 90' lang='lat' dir='ltr'><strong>tunc</strong></span> 
     </span>
     <span class='ocr_line' id='line_1_46' title="bbox 187 2955 1534 3012; baseline -0.001 -11"><span class='ocrx_word' id='word_1_315' title='bbox 187 2956 378 3001; x_wconf 89' lang='lat' dir='ltr'><strong>venditio</strong></span> <span class='ocrx_word' id='word_1_316' title='bbox 409 2956 569 3010; x_wconf 87' lang='lat' dir='ltr'><strong>valeat,</strong></span> <span class='ocrx_word' id='word_1_317' title='bbox 611 2955 788 3010; x_wconf 87' lang='lat' dir='ltr'><strong>quando</strong></span> <span class='ocrx_word' id='word_1_318' title='bbox 819 2957 875 2999; x_wconf 90' lang='lat' dir='ltr'><strong>ab</strong></span> <span class='ocrx_word' id='word_1_319' title='bbox 907 2959 1104 3012; x_wconf 87' lang='lat' dir='ltr'><strong>emptore</strong></span> <span class='ocrx_word' id='word_1_320' title='bbox 1133 2957 1370 3012; x_wconf 89' lang='lat' dir='ltr'><strong>requisitus</strong></span> <span class='ocrx_word' id='word_1_321' title='bbox 1400 2956 1534 3001; x_wconf 87' lang='lat' dir='ltr'><strong>fuerit</strong></span> 
     </span>
     <span class='ocr_line' id='line_1_47' title="bbox 187 3011 1535 3068; baseline 0.001 -12"><span class='ocrx_word' id='word_1_322' title='bbox 187 3013 486 3068; x_wconf 86' lang='lat' dir='ltr'><strong>deprehensus</strong></span> <span class='ocrx_word' id='word_1_323' title='bbox 500 3013 530 3055; x_wconf 77' lang='grc'><strong>3.</strong></span> <span class='ocrx_word' id='word_1_324' title='bbox 604 3011 699 3055; x_wconf 90' lang='grc' dir='ltr'><strong>ΡΡ.</strong></span> <span class='ocrx_word' id='word_1_325' title='bbox 747 3023 818 3055; x_wconf 80' lang='lat'><strong>111</strong></span> <span class='ocrx_word' id='word_1_326' title='bbox 864 3011 923 3056; x_wconf 91' lang='lat' dir='ltr'><strong>id.</strong></span> <span class='ocrx_word' id='word_1_327' title='bbox 969 3012 1105 3057; x_wconf 83' lang='lat' dir='ltr'><strong>Mart.</strong></span> <span class='ocrx_word' id='word_1_328' title='bbox 1152 3013 1438 3057; x_wconf 84' lang='lat' dir='ltr'><strong>Diocletiano</strong></span> <span class='ocrx_word' id='word_1_329' title='bbox 1490 3019 1535 3057; x_wconf 87' lang='lat' dir='ltr'><strong>et</strong></span> 
     </span>
     <span class='ocr_line' id='line_1_48' title="bbox 187 3067 1530 3122; baseline 0.001 -10"><span class='ocrx_word' id='word_1_330' title='bbox 187 3067 472 3112; x_wconf 80' lang='lat' dir='ltr'><strong>Maximiano</strong></span> <span class='ocrx_word' id='word_1_331' title='bbox 502 3067 595 3111; x_wconf 87' lang='lat' dir='ltr'><strong>AA.</strong></span> <span class='ocrx_word' id='word_1_332' title='bbox 628 3080 772 3111; x_wconf 78' lang='lat' dir='ltr'><strong>conss,</strong></span> <span class='ocrx_word' id='word_1_333' title='bbox 1344 3073 1400 3121; x_wconf 91' lang='lat' dir='ltr'><strong>[a.</strong></span> <span class='ocrx_word' id='word_1_334' title='bbox 1433 3072 1530 3122; x_wconf 83' lang='lat'>287]</span> 
     </span>
    </p>

    <p class='ocr_par' dir='ltr' id='par_1_11' title="bbox 186 3121 1535 3739">
     <span class='ocr_line' id='line_1_49' title="bbox 246 3121 1533 3180; baseline 0 -12"><span class='ocrx_word' id='word_1_335' title='bbox 246 3121 274 3168; x_wconf 86' lang='lat'><strong>7</strong></span> <span class='ocrx_word' id='word_1_336' title='bbox 323 3121 448 3166; x_wconf 85' lang='lat' dir='ltr'><strong>Idem</strong></span> <span class='ocrx_word' id='word_1_337' title='bbox 492 3123 584 3166; x_wconf 90' lang='lat' dir='ltr'><strong>AA.</strong></span> <span class='ocrx_word' id='word_1_338' title='bbox 630 3121 839 3167; x_wconf 86' lang='lat' dir='ltr'><strong>Maximo</strong></span> <span class='ocrx_word' id='word_1_339' title='bbox 872 3137 957 3180; x_wconf 82' lang='lat' dir='ltr'><strong>pu.</strong></span> <span class='ocrx_word' id='word_1_340' title='bbox 1039 3122 1256 3177; x_wconf 80' lang='lat' dir='ltr'><strong>Quoniam</strong></span> <span class='ocrx_word' id='word_1_341' title='bbox 1309 3137 1458 3168; x_wconf 88' lang='lat' dir='ltr'><strong>servos</strong></span> <span class='ocrx_word' id='word_1_342' title='bbox 1506 3138 1533 3168; x_wconf 90' lang='lat' dir='ltr'><strong>a</strong></span> 
     </span>
     <span class='ocr_line' id='line_1_50' title="bbox 188 3177 1530 3236; baseline 0.001 -13"><span class='ocrx_word' id='word_1_343' title='bbox 188 3177 413 3236; x_wconf 84' lang='lat' dir='ltr'><strong>plagiariis</strong></span> <span class='ocrx_word' id='word_1_344' title='bbox 444 3177 629 3222; x_wconf 88' lang='lat' dir='ltr'><strong>alienari</strong></span> <span class='ocrx_word' id='word_1_345' title='bbox 657 3190 712 3220; x_wconf 87' lang='lat' dir='ltr'><strong>ex</strong></span> <span class='ocrx_word' id='word_1_346' title='bbox 741 3178 852 3221; x_wconf 90' lang='lat' dir='ltr'><strong>urbe</strong></span> <span class='ocrx_word' id='word_1_347' title='bbox 882 3177 1106 3232; x_wconf 88' lang='lat' dir='ltr'><strong>significas</strong></span> <span class='ocrx_word' id='word_1_348' title='bbox 1141 3184 1273 3235; x_wconf 92' lang='lat' dir='ltr'><strong>atque</strong></span> <span class='ocrx_word' id='word_1_349' title='bbox 1302 3180 1365 3222; x_wconf 91' lang='lat' dir='ltr'><strong>ita</strong></span> <span class='ocrx_word' id='word_1_350' title='bbox 1395 3180 1530 3224; x_wconf 88' lang='lat' dir='ltr'><strong>inter-</strong></span> 
     </span>
     <span class='ocr_line' id='line_1_51' title="bbox 189 3233 1531 3291; baseline 0.001 -12"><span class='ocrx_word' id='word_1_351' title='bbox 189 3237 292 3279; x_wconf 90' lang='lat' dir='ltr'><strong>dum</strong></span> <span class='ocrx_word' id='word_1_352' title='bbox 329 3235 545 3289; x_wconf 85' lang='lat' dir='ltr'><strong>ingenuos</strong></span> <span class='ocrx_word' id='word_1_353' title='bbox 584 3233 782 3277; x_wconf 86' lang='lat' dir='ltr'><strong>homines</strong></span> <span class='ocrx_word' id='word_1_354' title='bbox 823 3247 974 3278; x_wconf 91' lang='lat' dir='ltr'><strong>eorum</strong></span> <span class='ocrx_word' id='word_1_355' title='bbox 1013 3235 1179 3278; x_wconf 88' lang='lat' dir='ltr'><strong>scelere</strong></span> <span class='ocrx_word' id='word_1_356' title='bbox 1208 3236 1431 3291; x_wconf 88' lang='lat' dir='ltr'><strong>asportari</strong></span> <span class='ocrx_word' id='word_1_357' title='bbox 1460 3250 1531 3281; x_wconf 88' lang='lat' dir='ltr'><strong>so-</strong></span> 
     </span>
     <span class='ocr_line' id='line_1_52' title="bbox 187 3290 1533 3347; baseline 0 -11"><span class='ocrx_word' id='word_1_358' title='bbox 187 3294 279 3336; x_wconf 85' lang='lat' dir='ltr'><strong>lere</strong></span> <span class='ocrx_word' id='word_1_359' title='bbox 308 3290 549 3347; x_wconf 88' lang='lat' dir='ltr'><strong>perscribis</strong></span> <span class='ocrx_word' id='word_1_360' title='bbox 561 3290 594 3345; x_wconf 65' lang='grc'><strong>4,</strong></span> <span class='ocrx_word' id='word_1_361' title='bbox 629 3290 818 3334; x_wconf 83' lang='lat' dir='ltr'><strong>horum⁶</strong></span> <span class='ocrx_word' id='word_1_362' title='bbox 847 3290 1107 3335; x_wconf 86' lang='lat' dir='ltr'><strong>delictorum</strong></span> <span class='ocrx_word' id='word_1_363' title='bbox 1136 3291 1340 3335; x_wconf 89' lang='lat' dir='ltr'><strong>licentiae</strong></span> <span class='ocrx_word' id='word_1_364' title='bbox 1369 3292 1533 3336; x_wconf 92' lang='lat' dir='ltr'><strong>maiore</strong></span> 
     </span>
     <span class='ocr_line' id='line_1_53' title="bbox 193 3346 1531 3393; baseline 0.001 -2"><span class='ocrx_word' id='word_1_365' title='bbox 193 3354 209 3391; x_wconf 83' lang='lat'>1</span> <span class='ocrx_word' id='word_1_366' title='bbox 287 3347 521 3391; x_wconf 88' lang='lat' dir='ltr'><strong>severitate</strong></span> <span class='ocrx_word' id='word_1_367' title='bbox 574 3346 896 3390; x_wconf 89' lang='lat' dir='ltr'><strong>occurrendum</strong></span> <span class='ocrx_word' id='word_1_368' title='bbox 952 3359 1049 3391; x_wconf 89' lang='lat' dir='ltr'><strong>esse</strong></span> <span class='ocrx_word' id='word_1_369' title='bbox 1101 3347 1389 3392; x_wconf 89' lang='lat' dir='ltr'><strong>decernimus.</strong></span> <span class='ocrx_word' id='word_1_370' title='bbox 1464 3349 1531 3393; x_wconf 92' lang='lat' dir='ltr'><strong>Ac</strong></span> 
     </span>
     <span class='ocr_line' id='line_1_54' title="bbox 187 3402 1530 3461; baseline 0 -13"><span class='ocrx_word' id='word_1_371' title='bbox 187 3409 426 3461; x_wconf 89' lang='lat' dir='ltr'><strong>propterea</strong></span> <span class='ocrx_word' id='word_1_372' title='bbox 464 3403 503 3447; x_wconf 91' lang='lat' dir='ltr'><strong>si</strong></span> <span class='ocrx_word' id='word_1_373' title='bbox 541 3415 670 3458; x_wconf 91' lang='lat' dir='ltr'><strong>quem</strong></span> <span class='ocrx_word' id='word_1_374' title='bbox 697 3402 745 3445; x_wconf 91' lang='lat' dir='ltr'><strong>in</strong></span> <span class='ocrx_word' id='word_1_375' title='bbox 773 3402 1025 3447; x_wconf 91' lang='lat' dir='ltr'><strong>huiusmodi</strong></span> <span class='ocrx_word' id='word_1_376' title='bbox 1060 3403 1258 3448; x_wconf 90' lang='lat' dir='ltr'><strong>facinore</strong></span> <span class='ocrx_word' id='word_1_377' title='bbox 1288 3404 1530 3460; x_wconf 88' lang='lat' dir='ltr'><strong>deprehen-</strong></span> 
     </span>
     <span class='ocr_line' id='line_1_55' title="bbox 190 3459 1532 3515; baseline 0.001 -11"><span class='ocrx_word' id='word_1_378' title='bbox 190 3462 324 3514; x_wconf 88' lang='lat' dir='ltr'><strong>deris,</strong></span> <span class='ocrx_word' id='word_1_379' title='bbox 366 3459 512 3515; x_wconf 88' lang='lat' dir='ltr'><strong>capite</strong></span> <span class='ocrx_word' id='word_1_380' title='bbox 552 3472 652 3503; x_wconf 91' lang='lat' dir='ltr'><strong>eum</strong></span> <span class='ocrx_word' id='word_1_381' title='bbox 691 3459 826 3515; x_wconf 87' lang='lat' dir='ltr'><strong>plecti</strong></span> <span class='ocrx_word' id='word_1_382' title='bbox 865 3473 955 3503; x_wconf 90' lang='lat' dir='ltr'><strong>non</strong></span> <span class='ocrx_word' id='word_1_383' title='bbox 985 3460 1224 3515; x_wconf 85' lang='lat' dir='ltr'><strong>dubitabis,</strong></span> <span class='ocrx_word' id='word_1_384' title='bbox 1268 3464 1321 3505; x_wconf 86' lang='lat' dir='ltr'><strong>ut</strong></span> <span class='ocrx_word' id='word_1_385' title='bbox 1363 3473 1532 3515; x_wconf 88' lang='lat' dir='ltr'><strong>poenae</strong></span> 
     </span>
     <span class='ocr_line' id='line_1_56' title="bbox 186 3515 1533 3573; baseline 0.001 -12"><span class='ocrx_word' id='word_1_386' title='bbox 186 3529 347 3573; x_wconf 85' lang='lat' dir='ltr'><strong>genere</strong></span> <span class='ocrx_word' id='word_1_387' title='bbox 377 3515 590 3559; x_wconf 88' lang='lat' dir='ltr'><strong>deterreri</strong></span> <span class='ocrx_word' id='word_1_388' title='bbox 620 3515 756 3559; x_wconf 87' lang='lat' dir='ltr'><strong>ceteri</strong></span> <span class='ocrx_word' id='word_1_389' title='bbox 783 3516 976 3571; x_wconf 90' lang='lat' dir='ltr'><strong>possint,</strong></span> <span class='ocrx_word' id='word_1_390' title='bbox 1017 3517 1250 3572; x_wconf 88' lang='lat' dir='ltr'><strong>quominus</strong></span> <span class='ocrx_word' id='word_1_391' title='bbox 1281 3517 1533 3562; x_wconf 88' lang='lat' dir='ltr'><strong>istiusmodi</strong></span> 
     </span>
     <span class='ocr_line' id='line_1_57' title="bbox 188 3571 1530 3618; baseline 0.001 -1"><span class='ocrx_word' id='word_1_392' title='bbox 188 3573 376 3617; x_wconf 88' lang='lat' dir='ltr'><strong>audacia</strong></span> <span class='ocrx_word' id='word_1_393' title='bbox 419 3572 487 3617; x_wconf 87' lang='lat' dir='ltr'><strong>vel</strong></span> <span class='ocrx_word' id='word_1_394' title='bbox 526 3584 676 3615; x_wconf 86' lang='lat' dir='ltr'><strong>servos</strong></span> <span class='ocrx_word' id='word_1_395' title='bbox 706 3571 775 3615; x_wconf 87' lang='lat' dir='ltr'><strong>vel</strong></span> <span class='ocrx_word' id='word_1_396' title='bbox 812 3572 976 3616; x_wconf 89' lang='lat' dir='ltr'><strong>liberos</strong></span> <span class='ocrx_word' id='word_1_397' title='bbox 1015 3573 1072 3616; x_wconf 90' lang='lat' dir='ltr'><strong>ab</strong></span> <span class='ocrx_word' id='word_1_398' title='bbox 1116 3574 1229 3618; x_wconf 90' lang='lat' dir='ltr'><strong>urbe</strong></span> <span class='ocrx_word' id='word_1_399' title='bbox 1273 3573 1530 3618; x_wconf 89' lang='lat' dir='ltr'><strong>abstrahere</strong></span> 
     </span>
     <span class='ocr_line' id='line_1_58' title="bbox 189 3627 1535 3685; baseline 0 -12"><span class='ocrx_word' id='word_1_400' title='bbox 189 3633 321 3685; x_wconf 89' lang='lat' dir='ltr'><strong>atque</strong></span> <span class='ocrx_word' id='word_1_401' title='bbox 345 3628 538 3672; x_wconf 88' lang='lat' dir='ltr'><strong>alienare</strong></span> <span class='ocrx_word' id='word_1_402' title='bbox 555 3627 760 3676; x_wconf 84' lang='lat' dir='ltr'><strong>audeant.</strong></span> <span class='ocrx_word' id='word_1_403' title='bbox 806 3627 861 3672; x_wconf 90' lang='lat' dir='ltr'><strong>D.</strong></span> <span class='ocrx_word' id='word_1_404' title='bbox 889 3640 938 3672; x_wconf 79' lang='lat' dir='ltr'><strong>Vl</strong></span> <span class='ocrx_word' id='word_1_405' title='bbox 963 3627 1022 3672; x_wconf 90' lang='lat' dir='ltr'><strong>id.</strong></span> <span class='ocrx_word' id='word_1_406' title='bbox 1040 3627 1145 3673; x_wconf 85' lang='lat' dir='ltr'><strong>Dec.</strong></span> <span class='ocrx_word' id='word_1_407' title='bbox 1163 3628 1448 3674; x_wconf 86' lang='lat' dir='ltr'><strong>Diocletiano</strong></span> <span class='ocrx_word' id='word_1_408' title='bbox 1466 3642 1535 3673; x_wconf 76' lang='grc' dir='ltr'><strong>ΙΙ]</strong></span> 
     </span>
     <span class='ocr_line' id='line_1_59' title="bbox 188 3684 1530 3739; baseline -0.001 -9"><span class='ocrx_word' id='word_1_409' title='bbox 188 3691 232 3730; x_wconf 84' lang='lat' dir='ltr'><strong>et</strong></span> <span class='ocrx_word' id='word_1_410' title='bbox 258 3684 544 3728; x_wconf 78' lang='lat' dir='ltr'><strong>Maximiano</strong></span> <span class='ocrx_word' id='word_1_411' title='bbox 575 3684 666 3728; x_wconf 90' lang='lat' dir='ltr'><strong>AA.</strong></span> <span class='ocrx_word' id='word_1_412' title='bbox 698 3697 844 3728; x_wconf 86' lang='lat' dir='ltr'><strong>conss.</strong></span> <span class='ocrx_word' id='word_1_413' title='bbox 1343 3689 1398 3738; x_wconf 85' lang='lat' dir='ltr'><strong>[a.</strong></span> <span class='ocrx_word' id='word_1_414' title='bbox 1432 3689 1530 3739; x_wconf 82' lang='grc'><strong>287]</strong></span> 
     </span>
    </p>

    <p class='ocr_par' dir='ltr' id='par_1_12' title="bbox 187 3739 1531 4133">
     <span class='ocr_line' id='line_1_60' title="bbox 246 3739 1529 3796; baseline 0.001 -12"><span class='ocrx_word' id='word_1_415' title='bbox 246 3739 275 3789; x_wconf 88' lang='grc'>8</span> <span class='ocrx_word' id='word_1_416' title='bbox 318 3739 442 3784; x_wconf 88' lang='lat' dir='ltr'><strong>Idem</strong></span> <span class='ocrx_word' id='word_1_417' title='bbox 481 3740 573 3784; x_wconf 91' lang='lat' dir='ltr'><strong>AA.</strong></span> <span class='ocrx_word' id='word_1_418' title='bbox 617 3739 845 3784; x_wconf 83' lang='lat' dir='ltr'><strong>Constant.</strong></span> <span class='ocrx_word' id='word_1_419' title='bbox 912 3740 1098 3785; x_wconf 88' lang='lat' dir='ltr'><strong>Praeses</strong></span> <span class='ocrx_word' id='word_1_420' title='bbox 1142 3741 1396 3796; x_wconf 85' lang='lat' dir='ltr'><strong>provinciae</strong></span> <span class='ocrx_word' id='word_1_421' title='bbox 1441 3742 1529 3785; x_wconf 91' lang='lat' dir='ltr'><strong>dis-</strong></span> 
     </span>
     <span class='ocr_line' id='line_1_61' title="bbox 189 3795 1531 3852; baseline 0 -10"><span class='ocrx_word' id='word_1_422' title='bbox 189 3802 309 3842; x_wconf 89' lang='lat' dir='ltr'><strong>creto</strong></span> <span class='ocrx_word' id='word_1_423' title='bbox 354 3796 478 3852; x_wconf 90' lang='lat' dir='ltr'><strong>prius</strong></span> <span class='ocrx_word' id='word_1_424' title='bbox 519 3795 616 3839; x_wconf 93' lang='lat' dir='ltr'><strong>iure</strong></span> <span class='ocrx_word' id='word_1_425' title='bbox 654 3795 834 3840; x_wconf 90' lang='lat' dir='ltr'><strong>dominii</strong></span> <span class='ocrx_word' id='word_1_426' title='bbox 871 3797 1118 3852; x_wconf 86' lang='lat' dir='ltr'><strong>intellegat,</strong></span> <span class='ocrx_word' id='word_1_427' title='bbox 1163 3797 1428 3842; x_wconf 86' lang='lat' dir='ltr'><strong>audiendum</strong></span> <span class='ocrx_word' id='word_1_428' title='bbox 1471 3798 1531 3842; x_wconf 89' lang='lat' dir='ltr'><strong>sit</strong></span> 
     </span>
     <span class='ocr_line' id='line_1_62' title="bbox 187 3852 1528 3910; baseline 0 -13"><span class='ocrx_word' id='word_1_429' title='bbox 187 3853 324 3910; x_wconf 86' lang='lat' dir='ltr'><strong>plagii</strong></span> <span class='ocrx_word' id='word_1_430' title='bbox 355 3852 518 3896; x_wconf 90' lang='lat' dir='ltr'><strong>crimen</strong></span> <span class='ocrx_word' id='word_1_431' title='bbox 547 3864 630 3895; x_wconf 89' lang='lat' dir='ltr'><strong>nec</strong></span> <span class='ocrx_word' id='word_1_432' title='bbox 658 3865 730 3896; x_wconf 92' lang='lat' dir='ltr'><strong>ne.</strong></span> <span class='ocrx_word' id='word_1_433' title='bbox 775 3865 877 3896; x_wconf 88' lang='lat' dir='ltr'><strong>nam</strong></span> <span class='ocrx_word' id='word_1_434' title='bbox 907 3853 946 3896; x_wconf 90' lang='lat' dir='ltr'><strong>si</strong></span> <span class='ocrx_word' id='word_1_435' title='bbox 968 3853 1254 3909; x_wconf 86' lang='lat' dir='ltr'><strong>proprietatis</strong></span> <span class='ocrx_word' id='word_1_436' title='bbox 1276 3856 1382 3898; x_wconf 84' lang='lat' dir='ltr'><strong>tuae</strong></span> <span class='ocrx_word' id='word_1_437' title='bbox 1406 3867 1528 3897; x_wconf 92' lang='lat' dir='ltr'><strong>man-</strong></span> 
     </span>
     <span class='ocr_line' id='line_1_63' title="bbox 189 3908 1527 3967; baseline -0.001 -12"><span class='ocrx_word' id='word_1_438' title='bbox 189 3911 352 3967; x_wconf 89' lang='lat' dir='ltr'><strong>cipium</strong></span> <span class='ocrx_word' id='word_1_439' title='bbox 383 3921 479 3953; x_wconf 91' lang='lat' dir='ltr'><strong>esse</strong></span> <span class='ocrx_word' id='word_1_440' title='bbox 510 3908 781 3961; x_wconf 90' lang='lat' dir='ltr'><strong>constiterit,</strong></span> <span class='ocrx_word' id='word_1_441' title='bbox 820 3909 1045 3965; x_wconf 85' lang='lat' dir='ltr'><strong>expirasse</strong></span> <span class='ocrx_word' id='word_1_442' title='bbox 1086 3909 1278 3954; x_wconf 88' lang='lat' dir='ltr'><strong>criminis</strong></span> <span class='ocrx_word' id='word_1_443' title='bbox 1317 3911 1527 3954; x_wconf 88' lang='lat' dir='ltr'><strong>intentio-</strong></span> 
     </span>
     <span class='ocr_line' id='line_1_64' title="bbox 187 3964 1526 4011; baseline -0.001 0"><span class='ocrx_word' id='word_1_444' title='bbox 187 3980 288 4011; x_wconf 89' lang='lat' dir='ltr'><strong>nem</strong></span> <span class='ocrx_word' id='word_1_445' title='bbox 318 3977 488 4009; x_wconf 89' lang='lat' dir='ltr'><strong>emersa</strong></span> <span class='ocrx_word' id='word_1_446' title='bbox 517 3964 698 4008; x_wconf 90' lang='lat' dir='ltr'><strong>dominii</strong></span> <span class='ocrx_word' id='word_1_447' title='bbox 726 3965 826 4009; x_wconf 92' lang='lat' dir='ltr'><strong>luce</strong></span> <span class='ocrx_word' id='word_1_448' title='bbox 859 3964 1184 4010; x_wconf 85' lang='lat' dir='ltr'><strong>manifestabit:</strong></span> <span class='ocrx_word' id='word_1_449' title='bbox 1226 3967 1264 4010; x_wconf 93' lang='lat' dir='ltr'><strong>si</strong></span> <span class='ocrx_word' id='word_1_450' title='bbox 1292 3979 1395 4011; x_wconf 88' lang='lat' dir='ltr'><strong>vero</strong></span> <span class='ocrx_word' id='word_1_451' title='bbox 1436 3979 1526 4010; x_wconf 86' lang='lat' dir='ltr'><strong>ser·</strong></span> 
     </span>
     <span class='ocr_line' id='line_1_65' title="bbox 187 4021 1525 4079; baseline 0 -12"><span class='ocrx_word' id='word_1_452' title='bbox 187 4036 288 4067; x_wconf 81' lang='lat' dir='ltr'><strong>vum</strong></span> <span class='ocrx_word' id='word_1_453' title='bbox 317 4023 508 4065; x_wconf 88' lang='lat' dir='ltr'><strong>alienum</strong></span> <span class='ocrx_word' id='word_1_454' title='bbox 539 4033 635 4064; x_wconf 88' lang='lat' dir='ltr'><strong>esse</strong></span> <span class='ocrx_word' id='word_1_455' title='bbox 667 4021 927 4075; x_wconf 88' lang='lat' dir='ltr'><strong>constiterit,</strong></span> <span class='ocrx_word' id='word_1_456' title='bbox 967 4024 1071 4076; x_wconf 91' lang='lat' dir='ltr'><strong>post</strong></span> <span class='ocrx_word' id='word_1_457' title='bbox 1102 4021 1394 4078; x_wconf 86' lang='lat' dir='ltr'><strong>disceptatam</strong></span> <span class='ocrx_word' id='word_1_458' title='bbox 1423 4036 1525 4079; x_wconf 91' lang='lat' dir='ltr'><strong>pro-</strong></span> 
     </span>
     <span class='ocr_line' id='line_1_66' title="bbox 219 4077 1525 4133; baseline 0 -11"><span class='ocrx_word' id='word_1_459' title='bbox 219 4079 389 4123; x_wconf 84' lang='lat' dir='ltr'><strong>rietatis</strong></span> <span class='ocrx_word' id='word_1_460' title='bbox 444 4077 745 4133; x_wconf 88' lang='lat' dir='ltr'><strong>quaestionem</strong></span> <span class='ocrx_word' id='word_1_461' title='bbox 799 4079 844 4120; x_wconf 91' lang='lat' dir='ltr'><strong>et</strong></span> <span class='ocrx_word' id='word_1_462' title='bbox 894 4077 1086 4121; x_wconf 89' lang='lat' dir='ltr'><strong>criminis</strong></span> <span class='ocrx_word' id='word_1_463' title='bbox 1141 4090 1322 4124; x_wconf 85' lang='lat' dir='ltr'><strong>causam</strong></span> <span class='ocrx_word' id='word_1_464' title='bbox 1366 4079 1525 4123; x_wconf 88' lang='lat' dir='ltr'><strong>audiet.</strong></span> 
     </span>
    </p>

    <p class='ocr_par' dir='ltr' id='par_1_13' title="bbox 230 4133 1525 4191">
     <span class='ocr_line' id='line_1_67' title="bbox 230 4133 1525 4191; baseline 0 -12"><span class='ocrx_word' id='word_1_465' title='bbox 230 4135 281 4179; x_wconf 91' lang='lat' dir='ltr'><strong>P.</strong></span> <span class='ocrx_word' id='word_1_466' title='bbox 309 4146 403 4179; x_wconf 74' lang='lat' dir='ltr'><strong>vm</strong></span> <span class='ocrx_word' id='word_1_467' title='bbox 429 4133 471 4178; x_wconf 79' lang='lat' dir='ltr'><strong>lc.</strong></span> <span class='ocrx_word' id='word_1_468' title='bbox 491 4134 612 4191; x_wconf 78' lang='lat' dir='ltr'><strong>Sept.</strong></span> <span class='ocrx_word' id='word_1_469' title='bbox 638 4133 752 4191; x_wconf 83' lang='lat' dir='ltr'><strong>ipsis</strong></span> <span class='ocrx_word' id='word_1_470' title='bbox 775 4134 866 4177; x_wconf 91' lang='lat' dir='ltr'><strong>AA.</strong></span> <span class='ocrx_word' id='word_1_471' title='bbox 892 4145 982 4177; x_wconf 82' lang='lat'><em>1111</em></span> <span class='ocrx_word' id='word_1_472' title='bbox 1002 4139 1047 4177; x_wconf 85' lang='lat' dir='ltr'><strong>et</strong></span> <span class='ocrx_word' id='word_1_473' title='bbox 1065 4145 1136 4177; x_wconf 82' lang='lat' dir='ltr'><strong>III</strong></span> <span class='ocrx_word' id='word_1_474' title='bbox 1157 4147 1301 4179; x_wconf 86' lang='lat' dir='ltr'><strong>conss.</strong></span> <span class='ocrx_word' id='word_1_475' title='bbox 1348 4139 1405 4188; x_wconf 87' lang='lat' dir='ltr'><strong>[a.</strong></span> <span class='ocrx_word' id='word_1_476' title='bbox 1428 4139 1525 4188; x_wconf 87' lang='lat'>290]</span> 
     </span>
    </p>
   </div>
   <div class='ocr_carea' id='block_1_6' title="bbox 197 4231 420 4238">
    <p class='ocr_par' dir='ltr' id='par_1_14' title="bbox 197 4231 420 4238">
     <span class='ocr_line' id='line_1_68' title="bbox 197 4231 420 4238; baseline 0 0"><span class='ocrx_word' id='word_1_477' title='bbox 197 4231 420 4238; x_wconf 95' lang='lat' dir='ltr'><strong> </strong></span> 
     </span>
    </p>
   </div>
   <div class='ocr_carea' id='block_1_7' title="bbox 187 4276 1527 4666">
    <p class='ocr_par' dir='ltr' id='par_1_15' title="bbox 187 4276 1527 4666">
     <span class='ocr_line' id='line_1_69' title="bbox 189 4276 971 4331; baseline -0.005 -10"><span class='ocrx_word' id='word_1_478' title='bbox 189 4278 239 4330; x_wconf 87' lang='lat'><strong>(1)</strong></span> <span class='ocrx_word' id='word_1_479' title='bbox 270 4278 315 4320; x_wconf 87' lang='grc' dir='ltr'><strong>,Β</strong></span> <span class='ocrx_word' id='word_1_480' title='bbox 345 4279 410 4330; x_wconf 86' lang='grc'>60,</span> <span class='ocrx_word' id='word_1_481' title='bbox 442 4286 486 4320; x_wconf 84' lang='grc'><strong>48</strong></span> <span class='ocrx_word' id='word_1_482' title='bbox 520 4300 571 4306; x_wconf 88' lang='grc'><strong>-·</strong></span> <span class='ocrx_word' id='word_1_483' title='bbox 610 4277 669 4331; x_wconf 79' lang='lat' dir='ltr'><strong>Cf.</strong></span> <span class='ocrx_word' id='word_1_484' title='bbox 702 4276 801 4331; x_wconf 62' lang='lat' dir='ltr'><strong>Dio.</strong></span> <span class='ocrx_word' id='word_1_485' title='bbox 835 4277 901 4324; x_wconf 70' lang='grc'><strong>48,</strong></span> <span class='ocrx_word' id='word_1_486' title='bbox 932 4285 971 4317; x_wconf 83' lang='grc'><strong>15</strong></span> 
     </span>
     <span class='ocr_line' id='line_1_70' title="bbox 189 4331 1526 4387; baseline 0.001 -14"><span class='ocrx_word' id='word_1_487' title='bbox 189 4333 353 4386; x_wconf 87' lang='lat' dir='ltr'><strong>quando</strong></span> <span class='ocrx_word' id='word_1_488' title='bbox 385 4335 479 4376; x_wconf 81' lang='lat' dir='ltr'><strong>libri</strong></span> <span class='ocrx_word' id='word_1_489' title='bbox 589 4333 644 4385; x_wconf 88' lang='grc'><strong>(3)</strong></span> <span class='ocrx_word' id='word_1_490' title='bbox 673 4335 732 4374; x_wconf 87' lang='lat' dir='ltr'><strong>sic</strong></span> <span class='ocrx_word' id='word_1_491' title='bbox 760 4332 862 4382; x_wconf 84' lang='lat' dir='ltr'><strong>LR,</strong></span> <span class='ocrx_word' id='word_1_492' title='bbox 903 4331 1111 4383; x_wconf 86' lang='lat' dir='ltr'><strong>quaesitus</strong></span> <span class='ocrx_word' id='word_1_493' title='bbox 1149 4332 1277 4374; x_wconf 85' lang='lat' dir='ltr'><strong>fuerit</strong></span> <span class='ocrx_word' id='word_1_494' title='bbox 1316 4336 1356 4374; x_wconf 84' lang='lat' dir='ltr'><strong>et</strong></span> <span class='ocrx_word' id='word_1_495' title='bbox 1385 4334 1526 4387; x_wconf 87' lang='lat' dir='ltr'><strong>depre-</strong></span> 
     </span>
     <span class='ocr_line' id='line_1_71' title="bbox 187 4383 1527 4447; baseline 0 -18"><span class='ocrx_word' id='word_1_496' title='bbox 187 4391 339 4430; x_wconf 84' lang='lat' dir='ltr'><strong>hensus</strong></span> <span class='ocrx_word' id='word_1_497' title='bbox 374 4391 416 4441; x_wconf 78' lang='lat' dir='ltr'><strong>C,</strong></span> <span class='ocrx_word' id='word_1_498' title='bbox 446 4383 611 4447; x_wconf 70' lang='grc' dir='ltr'><strong><em>εὑρεθῇ</em></strong></span> <span class='ocrx_word' id='word_1_499' title='bbox 641 4383 669 4442; x_wconf 85' lang='grc' dir='ltr'>ἢ</span> <span class='ocrx_word' id='word_1_500' title='bbox 697 4385 970 4444; x_wconf 70' lang='grc' dir='ltr'><em>καταληφθῇ</em></span> <span class='ocrx_word' id='word_1_501' title='bbox 1001 4389 1088 4428; x_wconf 88' lang='grc' dir='ltr'><strong>ΒΣ</strong></span> <span class='ocrx_word' id='word_1_502' title='bbox 1102 4389 1238 4440; x_wconf 55' lang='lat' dir='ltr'><strong>(nat.)</strong></span> <span class='ocrx_word' id='word_1_503' title='bbox 1388 4391 1439 4439; x_wconf 79' lang='lat'><strong>(4)</strong></span> <span class='ocrx_word' id='word_1_504' title='bbox 1469 4392 1527 4430; x_wconf 86' lang='lat' dir='ltr'><strong>sic</strong></span> 
     </span>
     <span class='ocr_line' id='line_1_72' title="bbox 189 4446 1526 4498; baseline -0.001 -11"><span class='ocrx_word' id='word_1_505' title='bbox 189 4446 312 4497; x_wconf 68' lang='lat' dir='ltr'><strong>Hal,</strong></span> <span class='ocrx_word' id='word_1_506' title='bbox 351 4446 595 4498; x_wconf 84' lang='lat' dir='ltr'><strong>praescribis</strong></span> <span class='ocrx_word' id='word_1_507' title='bbox 635 4447 731 4487; x_wconf 84' lang='lat' dir='ltr'><strong>libr-i</strong></span> <span class='ocrx_word' id='word_1_508' title='bbox 898 4446 952 4496; x_wconf 85' lang='lat'><strong>(5)</strong></span> <span class='ocrx_word' id='word_1_509' title='bbox 982 4446 1041 4484; x_wconf 79' lang='lat' dir='ltr'><strong>sic</strong></span> <span class='ocrx_word' id='word_1_510' title='bbox 1071 4446 1184 4487; x_wconf 82' lang='lat' dir='ltr'><strong>dett..</strong></span> <span class='ocrx_word' id='word_1_511' title='bbox 1222 4448 1262 4485; x_wconf 87' lang='lat' dir='ltr'><strong>te</strong></span> <span class='ocrx_word' id='word_1_512' title='bbox 1302 4447 1376 4486; x_wconf 84' lang='lat' dir='ltr'><strong>ins.</strong></span> <span class='ocrx_word' id='word_1_513' title='bbox 1409 4446 1526 4486; x_wconf 78' lang='lat' dir='ltr'><strong>LCR</strong></span> 
     </span>
     <span class='ocr_line' id='line_1_73' title="bbox 188 4501 1527 4554; baseline -0.003 -10"><span class='ocrx_word' id='word_1_514' title='bbox 188 4501 245 4553; x_wconf 74' lang='grc' dir='ltr'>(θ)</span> <span class='ocrx_word' id='word_1_515' title='bbox 275 4502 315 4541; x_wconf 92' lang='lat' dir='ltr'><strong>k.</strong></span> <span class='ocrx_word' id='word_1_516' title='bbox 332 4503 548 4544; x_wconf 80' lang='lat' dir='ltr'><strong>Mommsen</strong></span> <span class='ocrx_word' id='word_1_517' title='bbox 633 4503 687 4554; x_wconf 85' lang='lat'><strong>(7)</strong></span> <span class='ocrx_word' id='word_1_518' title='bbox 718 4514 787 4541; x_wconf 87' lang='lat' dir='ltr'><strong>vos</strong></span> <span class='ocrx_word' id='word_1_519' title='bbox 817 4513 952 4541; x_wconf 82' lang='lat' dir='ltr'><strong>servos</strong></span> <span class='ocrx_word' id='word_1_520' title='bbox 983 4501 1017 4541; x_wconf 89' lang='lat' dir='ltr'><strong>C</strong></span> <span class='ocrx_word' id='word_1_521' title='bbox 1038 4516 1121 4541; x_wconf 82' lang='lat' dir='ltr'><strong>cum</strong></span> <span class='ocrx_word' id='word_1_522' title='bbox 1147 4502 1312 4553; x_wconf 50' lang='lat' dir='ltr'><strong>Bth.</strong></span> <span class='ocrx_word' id='word_1_523' title='bbox 1330 4502 1410 4554; x_wconf 86' lang='grc' dir='ltr'><strong>π.),</strong></span> <span class='ocrx_word' id='word_1_524' title='bbox 1435 4514 1527 4541; x_wconf 85' lang='lat' dir='ltr'><strong>suos</strong></span> 
     </span>
     <span class='ocr_line' id='line_1_74' title="bbox 189 4558 1526 4609; baseline 0 -12"><span class='ocrx_word' id='word_1_525' title='bbox 189 4570 324 4598; x_wconf 84' lang='lat' dir='ltr'><strong>servos</strong></span> <span class='ocrx_word' id='word_1_526' title='bbox 353 4558 408 4609; x_wconf 81' lang='lat' dir='ltr'><strong>R,</strong></span> <span class='ocrx_word' id='word_1_527' title='bbox 438 4570 572 4598; x_wconf 82' lang='lat' dir='ltr'><strong>servos</strong></span> <span class='ocrx_word' id='word_1_528' title='bbox 594 4571 687 4599; x_wconf 87' lang='lat' dir='ltr'><strong>suos</strong></span> <span class='ocrx_word' id='word_1_529' title='bbox 710 4558 775 4598; x_wconf 90' lang='lat' dir='ltr'><strong>B:</strong></span> <span class='ocrx_word' id='word_1_530' title='bbox 805 4570 875 4597; x_wconf 84' lang='lat' dir='ltr'><strong>vos</strong></span> <span class='ocrx_word' id='word_1_531' title='bbox 899 4568 1034 4597; x_wconf 85' lang='lat' dir='ltr'><strong>servos</strong></span> <span class='ocrx_word' id='word_1_532' title='bbox 1059 4569 1152 4596; x_wconf 88' lang='lat' dir='ltr'><strong>suos</strong></span> <span class='ocrx_word' id='word_1_533' title='bbox 1170 4571 1245 4598; x_wconf 84' lang='lat' dir='ltr'><strong>scr.</strong></span> <span class='ocrx_word' id='word_1_534' title='bbox 1306 4559 1363 4609; x_wconf 82' lang='lat'><strong>(8)</strong></span> <span class='ocrx_word' id='word_1_535' title='bbox 1378 4578 1434 4593; x_wconf 91' lang='lat'><strong>=--</strong></span> <span class='ocrx_word' id='word_1_536' title='bbox 1453 4559 1526 4598; x_wconf 77' lang='lat' dir='ltr'><strong>le.</strong></span> 
     </span>
     <span class='ocr_line' id='line_1_75' title="bbox 189 4613 1525 4666; baseline -0.003 -10"><span class='ocrx_word' id='word_1_537' title='bbox 189 4615 230 4664; x_wconf 83' lang='grc'><strong>9,</strong></span> <span class='ocrx_word' id='word_1_538' title='bbox 262 4623 315 4665; x_wconf 86' lang='lat'><strong>18,</strong></span> <span class='ocrx_word' id='word_1_539' title='bbox 346 4624 360 4656; x_wconf 90' lang='lat'>1</span> <span class='ocrx_word' id='word_1_540' title='bbox 477 4614 531 4666; x_wconf 84' lang='lat'><strong>(9)</strong></span> <span class='ocrx_word' id='word_1_541' title='bbox 564 4614 777 4655; x_wconf 86' lang='lat' dir='ltr'><strong>domitium</strong></span> <span class='ocrx_word' id='word_1_542' title='bbox 811 4614 901 4663; x_wconf 70' lang='lat' dir='ltr'><strong>Th„</strong></span> <span class='ocrx_word' id='word_1_543' title='bbox 932 4627 1003 4653; x_wconf 87' lang='lat' dir='ltr'><strong>om.</strong></span> <span class='ocrx_word' id='word_1_544' title='bbox 1037 4613 1133 4653; x_wconf 79' lang='lat' dir='ltr'><strong>libri</strong></span> <span class='ocrx_word' id='word_1_545' title='bbox 1243 4614 1320 4666; x_wconf 87' lang='grc'>(10)</span> <span class='ocrx_word' id='word_1_546' title='bbox 1351 4615 1409 4655; x_wconf 79' lang='lat' dir='ltr'><strong>sic</strong></span> <span class='ocrx_word' id='word_1_547' title='bbox 1437 4614 1525 4664; x_wconf 70' lang='lat' dir='ltr'><strong>Th„</strong></span> 
     </span>
    </p>
   </div>
   <div class='ocr_carea' id='block_1_8' title="bbox 1116 4276 1525 4329">
    <p class='ocr_par' dir='ltr' id='par_1_16' title="bbox 1116 4276 1525 4329">
     <span class='ocr_line' id='line_1_76' title="bbox 1116 4276 1525 4329; baseline 0.005 -13"><span class='ocrx_word' id='word_1_548' title='bbox 1116 4276 1171 4329; x_wconf 88' lang='grc'><strong>(2)</strong></span> <span class='ocrx_word' id='word_1_549' title='bbox 1200 4278 1259 4318; x_wconf 87' lang='lat' dir='ltr'><strong>sic</strong></span> <span class='ocrx_word' id='word_1_550' title='bbox 1289 4278 1411 4329; x_wconf 66' lang='lat' dir='ltr'><strong>Hal,</strong></span> <span class='ocrx_word' id='word_1_551' title='bbox 1450 4276 1525 4318; x_wconf 85' lang='lat' dir='ltr'><strong>ali·</strong></span> 
     </span>
    </p>
   </div>
   <div class='ocr_carea' id='block_1_9' title="bbox 1527 109 1631 171">
    <p class='ocr_par' dir='ltr' id='par_1_17' title="bbox 1527 109 1631 171">
     <span class='ocr_line' id='line_1_77' title="bbox 1527 109 1631 171; baseline 0.01 -1"><span class='ocrx_word' id='word_1_552' title='bbox 1527 109 1631 171; x_wconf 79' lang='lat'><strong>381</strong></span> 
     </span>
    </p>
   </div>
   <div class='ocr_carea' id='block_1_10' title="bbox 421 4228 2137 4236">
    <p class='ocr_par' dir='ltr' id='par_1_18' title="bbox 421 4228 2137 4236">
     <span class='ocr_line' id='line_1_78' title="bbox 421 4228 2137 4236; baseline -0.007 8"><span class='ocrx_word' id='word_1_553' title='bbox 421 4232 484 4236; x_wconf 61' lang='lat'><strong>--*</strong></span> <span class='ocrx_word' id='word_1_554' title='bbox 501 4228 2137 4236; x_wconf 46' lang='lat' dir='ltr'><strong>——ffl———m—*ss*</strong></span> 
     </span>
    </p>
   </div>
   <div class='ocr_carea' id='block_1_11' title="bbox 2573 118 2960 172">
    <p class='ocr_par' dir='ltr' id='par_1_19' title="bbox 2573 118 2960 172">
     <span class='ocr_line' id='line_1_79' title="bbox 2573 118 2960 172; baseline -0.003 0"><span class='ocrx_word' id='word_1_555' title='bbox 2573 118 2722 172; x_wconf 86' lang='lat' dir='ltr'><strong>VIIII</strong></span> <span class='ocrx_word' id='word_1_556' title='bbox 2764 121 2960 171; x_wconf 80' lang='lat'>19-—22</span> 
     </span>
    </p>
   </div>
   <div class='ocr_carea' id='block_1_12' title="bbox 1617 266 2974 2508">
    <p class='ocr_par' dir='ltr' id='par_1_20' title="bbox 1627 266 2964 436">
     <span class='ocr_line' id='line_1_80' title="bbox 1684 266 2963 329; baseline 0 -13"><span class='ocrx_word' id='word_1_557' title='bbox 1684 266 1715 316; x_wconf 86' lang='lat'>9</span> <span class='ocrx_word' id='word_1_558' title='bbox 1747 267 1872 315; x_wconf 88' lang='lat' dir='ltr'><strong>Idem</strong></span> <span class='ocrx_word' id='word_1_559' title='bbox 1886 270 1978 315; x_wconf 88' lang='lat' dir='ltr'><strong>AA.</strong></span> <span class='ocrx_word' id='word_1_560' title='bbox 2006 274 2050 315; x_wconf 84' lang='lat' dir='ltr'><strong>et</strong></span> <span class='ocrx_word' id='word_1_561' title='bbox 2077 267 2155 315; x_wconf 86' lang='lat' dir='ltr'><strong>CC.</strong></span> <span class='ocrx_word' id='word_1_562' title='bbox 2173 268 2393 329; x_wconf 70' lang='lat' dir='ltr'><strong>Euqenio.</strong></span> <span class='ocrx_word' id='word_1_563' title='bbox 2439 269 2569 326; x_wconf 85' lang='lat' dir='ltr'><strong>Eum,</strong></span> <span class='ocrx_word' id='word_1_564' title='bbox 2598 270 2673 326; x_wconf 89' lang='lat' dir='ltr'><strong>qui</strong></span> <span class='ocrx_word' id='word_1_565' title='bbox 2695 271 2963 327; x_wconf 87' lang='lat' dir='ltr'><strong>mancipium</strong></span> 
     </span>
     <span class='ocr_line' id='line_1_81' title="bbox 1627 325 2964 384; baseline 0.003 -16"><span class='ocrx_word' id='word_1_566' title='bbox 1627 325 1818 368; x_wconf 85' lang='lat' dir='ltr'><strong>alienum</strong></span> <span class='ocrx_word' id='word_1_567' title='bbox 1843 326 1972 379; x_wconf 86' lang='lat' dir='ltr'><strong>celat,</strong></span> <span class='ocrx_word' id='word_1_568' title='bbox 2002 326 2170 371; x_wconf 83' lang='lat' dir='ltr'><strong>Fabiae</strong></span> <span class='ocrx_word' id='word_1_569' title='bbox 2191 327 2298 384; x_wconf 86' lang='lat' dir='ltr'><strong>legis</strong></span> <span class='ocrx_word' id='word_1_570' title='bbox 2326 327 2504 373; x_wconf 89' lang='lat' dir='ltr'><strong>crimine</strong></span> <span class='ocrx_word' id='word_1_571' title='bbox 2528 328 2668 371; x_wconf 85' lang='lat' dir='ltr'><strong>teneri</strong></span> <span class='ocrx_word' id='word_1_572' title='bbox 2690 341 2779 371; x_wconf 90' lang='grc'>11011</span> <span class='ocrx_word' id='word_1_573' title='bbox 2803 333 2870 372; x_wconf 90' lang='lat' dir='ltr'><strong>est</strong></span> <span class='ocrx_word' id='word_1_574' title='bbox 2897 329 2964 372; x_wconf 87' lang='lat' dir='ltr'><strong>in-</strong></span> 
     </span>
     <span class='ocr_line' id='line_1_82' title="bbox 1628 380 2962 436; baseline 0.004 -12"><span class='ocrx_word' id='word_1_575' title='bbox 1628 380 1736 424; x_wconf 91' lang='lat' dir='ltr'><strong>certi</strong></span> <span class='ocrx_word' id='word_1_576' title='bbox 1763 381 1886 426; x_wconf 88' lang='lat' dir='ltr'><strong>iuris.</strong></span> <span class='ocrx_word' id='word_1_577' title='bbox 1935 381 1982 427; x_wconf 87' lang='lat' dir='ltr'><strong>S.</strong></span> <span class='ocrx_word' id='word_1_578' title='bbox 2012 382 2095 427; x_wconf 80' lang='lat' dir='ltr'><strong>id.⁶</strong></span> <span class='ocrx_word' id='word_1_579' title='bbox 2109 382 2217 427; x_wconf 89' lang='lat' dir='ltr'><strong>Mai.</strong></span> <span class='ocrx_word' id='word_1_580' title='bbox 2245 383 2487 429; x_wconf 81' lang='lat' dir='ltr'><strong>Heracliae</strong></span> <span class='ocrx_word' id='word_1_581' title='bbox 2502 384 2594 427; x_wconf 89' lang='lat' dir='ltr'><strong>AA.</strong></span> <span class='ocrx_word' id='word_1_582' title='bbox 2616 396 2756 427; x_wconf 84' lang='lat' dir='ltr'><strong>conss.</strong></span> <span class='ocrx_word' id='word_1_583' title='bbox 2791 387 2847 435; x_wconf 89' lang='lat' dir='ltr'><strong>[a.</strong></span> <span class='ocrx_word' id='word_1_584' title='bbox 2863 387 2962 436; x_wconf 85' lang='grc'><strong>293]</strong></span> 
     </span>
    </p>

    <p class='ocr_par' dir='ltr' id='par_1_21' title="bbox 1625 435 2964 552">
     <span class='ocr_line' id='line_1_83' title="bbox 1685 435 2962 494; baseline -0.002 -10"><span class='ocrx_word' id='word_1_585' title='bbox 1685 435 1748 484; x_wconf 88' lang='grc'><strong>10</strong></span> <span class='ocrx_word' id='word_1_586' title='bbox 1790 437 1915 482; x_wconf 85' lang='lat' dir='ltr'><strong>Idem</strong></span> <span class='ocrx_word' id='word_1_587' title='bbox 1951 438 2042 482; x_wconf 91' lang='lat' dir='ltr'><strong>AA.</strong></span> <span class='ocrx_word' id='word_1_588' title='bbox 2090 444 2134 483; x_wconf 89' lang='lat' dir='ltr'><strong>et</strong></span> <span class='ocrx_word' id='word_1_589' title='bbox 2179 437 2254 483; x_wconf 91' lang='lat' dir='ltr'><strong>CC.</strong></span> <span class='ocrx_word' id='word_1_590' title='bbox 2297 439 2451 484; x_wconf 85' lang='lat' dir='ltr'><strong>Dizae.</strong></span> <span class='ocrx_word' id='word_1_591' title='bbox 2526 438 2863 494; x_wconf 84' lang='lat' dir='ltr'><strong>Comparantem</strong></span> <span class='ocrx_word' id='word_1_592' title='bbox 2906 439 2962 484; x_wconf 84' lang='lat' dir='ltr'><strong>ab</strong></span> 
     </span>
     <span class='ocr_line' id='line_1_84' title="bbox 1625 492 2964 552; baseline 0.002 -17"><span class='ocrx_word' id='word_1_593' title='bbox 1625 504 1691 544; x_wconf 91' lang='lat' dir='ltr'><strong>eo,</strong></span> <span class='ocrx_word' id='word_1_594' title='bbox 1724 492 1798 548; x_wconf 91' lang='lat' dir='ltr'><strong>qui</strong></span> <span class='ocrx_word' id='word_1_595' title='bbox 1822 493 2007 537; x_wconf 87' lang='lat' dir='ltr'><strong>abduxit</strong></span> <span class='ocrx_word' id='word_1_596' title='bbox 2031 495 2179 550; x_wconf 84' lang='lat' dir='ltr'><strong>plagio</strong></span> <span class='ocrx_word' id='word_1_597' title='bbox 2205 496 2436 552; x_wconf 90' lang='lat' dir='ltr'><strong>mancipia,</strong></span> <span class='ocrx_word' id='word_1_598' title='bbox 2468 494 2507 539; x_wconf 91' lang='lat' dir='ltr'><strong>si</strong></span> <span class='ocrx_word' id='word_1_599' title='bbox 2530 494 2679 538; x_wconf 88' lang='lat' dir='ltr'><strong>delicti</strong></span> <span class='ocrx_word' id='word_1_600' title='bbox 2701 494 2850 539; x_wconf 87' lang='lat' dir='ltr'><strong>socius</strong></span> <span class='ocrx_word' id='word_1_601' title='bbox 2873 508 2964 539; x_wconf 90' lang='lat' dir='ltr'><strong>non</strong></span> 
     </span>
    </p>

    <p class='ocr_par' dir='ltr' id='par_1_22' title="bbox 1655 548 2963 603">
     <span class='ocr_line' id='line_1_85' title="bbox 1655 548 2963 603; baseline 0.002 -13"><span class='ocrx_word' id='word_1_602' title='bbox 1655 548 1849 603; x_wconf 87' lang='lat' dir='ltr'><strong>robetur,</strong></span> <span class='ocrx_word' id='word_1_603' title='bbox 1877 549 1998 594; x_wconf 91' lang='lat' dir='ltr'><strong>nullo</strong></span> <span class='ocrx_word' id='word_1_604' title='bbox 2024 551 2202 595; x_wconf 91' lang='lat' dir='ltr'><strong>crimine</strong></span> <span class='ocrx_word' id='word_1_605' title='bbox 2227 554 2367 597; x_wconf 88' lang='lat' dir='ltr'><strong>teneri</strong></span> <span class='ocrx_word' id='word_1_606' title='bbox 2384 550 2600 597; x_wconf 88' lang='lat' dir='ltr'><strong>convenit.</strong></span> <span class='ocrx_word' id='word_1_607' title='bbox 2646 548 2691 593; x_wconf 90' lang='lat' dir='ltr'><strong>S.</strong></span> <span class='ocrx_word' id='word_1_608' title='bbox 2722 562 2827 593; x_wconf 91' lang='lat' dir='ltr'><strong>non.</strong></span> <span class='ocrx_word' id='word_1_609' title='bbox 2851 549 2963 595; x_wconf 84' lang='lat' dir='ltr'><strong>Nov.</strong></span> 
     </span>
    </p>

    <p class='ocr_par' dir='ltr' id='par_1_23' title="bbox 1664 604 2964 657">
     <span class='ocr_line' id='line_1_86' title="bbox 1664 604 2964 657; baseline 0.002 -11"><span class='ocrx_word' id='word_1_610' title='bbox 1664 604 1824 648; x_wconf 88' lang='lat' dir='ltr'><strong>ucione</strong></span> <span class='ocrx_word' id='word_1_611' title='bbox 1852 605 1944 649; x_wconf 87' lang='lat' dir='ltr'><strong>AA.</strong></span> <span class='ocrx_word' id='word_1_612' title='bbox 1978 619 2121 650; x_wconf 85' lang='lat' dir='ltr'><strong>conss.</strong></span> <span class='ocrx_word' id='word_1_613' title='bbox 2779 608 2835 657; x_wconf 91' lang='lat' dir='ltr'><strong>[a.</strong></span> <span class='ocrx_word' id='word_1_614' title='bbox 2867 608 2964 657; x_wconf 89' lang='grc'><strong>293]</strong></span> 
     </span>
    </p>

    <p class='ocr_par' dir='ltr' id='par_1_24' title="bbox 1621 656 2965 935">
     <span class='ocr_line' id='line_1_87' title="bbox 1682 656 2964 720; baseline 0.001 -18"><span class='ocrx_word' id='word_1_615' title='bbox 1682 656 1741 704; x_wconf 90' lang='grc'><strong>11</strong></span> <span class='ocrx_word' id='word_1_616' title='bbox 1778 658 1904 704; x_wconf 88' lang='lat' dir='ltr'><strong>Idem</strong></span> <span class='ocrx_word' id='word_1_617' title='bbox 1943 662 2033 704; x_wconf 88' lang='lat' dir='ltr'><strong>AA.</strong></span> <span class='ocrx_word' id='word_1_618' title='bbox 2075 668 2122 706; x_wconf 88' lang='lat' dir='ltr'><strong>et</strong></span> <span class='ocrx_word' id='word_1_619' title='bbox 2159 663 2236 707; x_wconf 89' lang='lat' dir='ltr'><strong>CC.</strong></span> <span class='ocrx_word' id='word_1_620' title='bbox 2268 663 2536 720; x_wconf 76' lang='lat' dir='ltr'><strong>Ampliatae.</strong></span> <span class='ocrx_word' id='word_1_621' title='bbox 2594 657 2789 702; x_wconf 87' lang='lat' dir='ltr'><strong>Abducti</strong></span> <span class='ocrx_word' id='word_1_622' title='bbox 2819 659 2964 715; x_wconf 83' lang='lat' dir='ltr'><strong>plagio</strong></span> 
     </span>
     <span class='ocr_line' id='line_1_88' title="bbox 1621 712 2964 771; baseline 0.003 -16"><span class='ocrx_word' id='word_1_623' title='bbox 1621 712 1743 756; x_wconf 88' lang='lat' dir='ltr'><strong>facta</strong></span> <span class='ocrx_word' id='word_1_624' title='bbox 1773 714 1966 759; x_wconf 87' lang='lat' dir='ltr'><strong>venditio</strong></span> <span class='ocrx_word' id='word_1_625' title='bbox 1998 720 2162 760; x_wconf 90' lang='lat' dir='ltr'><strong>statum</strong></span> <span class='ocrx_word' id='word_1_626' title='bbox 2191 731 2281 762; x_wconf 91' lang='lat' dir='ltr'><strong>non</strong></span> <span class='ocrx_word' id='word_1_627' title='bbox 2309 721 2475 760; x_wconf 85' lang='lat' dir='ltr'><strong>mutat:</strong></span> <span class='ocrx_word' id='word_1_628' title='bbox 2515 714 2682 760; x_wconf 89' lang='lat' dir='ltr'><strong>liberae</strong></span> <span class='ocrx_word' id='word_1_629' title='bbox 2721 714 2835 757; x_wconf 90' lang='lat' dir='ltr'><strong>enim</strong></span> <span class='ocrx_word' id='word_1_630' title='bbox 2864 728 2964 771; x_wconf 89' lang='lat' dir='ltr'><strong>per-</strong></span> 
     </span>
     <span class='ocr_line' id='line_1_89' title="bbox 1623 770 2965 823; baseline 0.001 -11"><span class='ocrx_word' id='word_1_631' title='bbox 1623 781 1760 812; x_wconf 90' lang='lat' dir='ltr'><strong>sonae</strong></span> <span class='ocrx_word' id='word_1_632' title='bbox 1799 770 2110 814; x_wconf 87' lang='lat' dir='ltr'><strong>sollicitatione</strong></span> <span class='ocrx_word' id='word_1_633' title='bbox 2150 773 2313 816; x_wconf 89' lang='lat' dir='ltr'><strong>crimen</strong></span> <span class='ocrx_word' id='word_1_634' title='bbox 2345 770 2655 823; x_wconf 88' lang='lat' dir='ltr'><strong>committitur,</strong></span> <span class='ocrx_word' id='word_1_635' title='bbox 2693 782 2783 813; x_wconf 88' lang='lat' dir='ltr'><strong>non</strong></span> <span class='ocrx_word' id='word_1_636' title='bbox 2815 771 2965 814; x_wconf 88' lang='lat' dir='ltr'><strong>condi-</strong></span> 
     </span>
     <span class='ocr_line' id='line_1_90' title="bbox 1624 824 2964 880; baseline 0.001 -12"><span class='ocrx_word' id='word_1_637' title='bbox 1624 824 1740 868; x_wconf 89' lang='lat' dir='ltr'><strong>cioni</strong></span> <span class='ocrx_word' id='word_1_638' title='bbox 1783 825 2130 880; x_wconf 88' lang='lat' dir='ltr'><strong>praeiudicatur.</strong></span> <span class='ocrx_word' id='word_1_639' title='bbox 2209 826 2254 870; x_wconf 89' lang='lat' dir='ltr'><strong>S.</strong></span> <span class='ocrx_word' id='word_1_640' title='bbox 2301 840 2406 870; x_wconf 90' lang='lat' dir='ltr'><strong>non.</strong></span> <span class='ocrx_word' id='word_1_641' title='bbox 2449 827 2561 870; x_wconf 85' lang='lat' dir='ltr'><strong>Nov.</strong></span> <span class='ocrx_word' id='word_1_642' title='bbox 2606 824 2838 869; x_wconf 87' lang='lat' dir='ltr'><strong>Lucionae</strong></span> <span class='ocrx_word' id='word_1_643' title='bbox 2873 826 2964 870; x_wconf 91' lang='lat' dir='ltr'><strong>AA.</strong></span> 
     </span>
     <span class='ocr_line' id='line_1_91' title="bbox 1623 884 2965 935; baseline 0.001 -11"><span class='ocrx_word' id='word_1_644' title='bbox 1623 893 1766 924; x_wconf 86' lang='lat' dir='ltr'><strong>conss.</strong></span> <span class='ocrx_word' id='word_1_645' title='bbox 2780 884 2835 933; x_wconf 91' lang='lat' dir='ltr'><strong>[a.</strong></span> <span class='ocrx_word' id='word_1_646' title='bbox 2869 885 2965 935; x_wconf 86' lang='lat'>293]</span> 
     </span>
    </p>

    <p class='ocr_par' dir='ltr' id='par_1_25' title="bbox 1620 935 2968 1328">
     <span class='ocr_line' id='line_1_92' title="bbox 1680 935 2966 992; baseline -0.002 -10"><span class='ocrx_word' id='word_1_647' title='bbox 1680 935 1746 982; x_wconf 83' lang='lat'><strong>12</strong></span> <span class='ocrx_word' id='word_1_648' title='bbox 1778 935 1903 981; x_wconf 85' lang='lat' dir='ltr'><strong>Idem</strong></span> <span class='ocrx_word' id='word_1_649' title='bbox 1938 937 2030 980; x_wconf 88' lang='lat' dir='ltr'><strong>AA.</strong></span> <span class='ocrx_word' id='word_1_650' title='bbox 2073 942 2117 980; x_wconf 85' lang='lat' dir='ltr'><strong>et</strong></span> <span class='ocrx_word' id='word_1_651' title='bbox 2158 936 2234 981; x_wconf 88' lang='lat' dir='ltr'><strong>CC.</strong></span> <span class='ocrx_word' id='word_1_652' title='bbox 2272 936 2500 980; x_wconf 85' lang='lat' dir='ltr'><strong>Muciano.</strong></span> <span class='ocrx_word' id='word_1_653' title='bbox 2569 935 2616 980; x_wconf 86' lang='lat' dir='ltr'><strong>Si</strong></span> <span class='ocrx_word' id='word_1_654' title='bbox 2654 936 2753 992; x_wconf 82' lang='lat' dir='ltr'><strong>quis</strong></span> <span class='ocrx_word' id='word_1_655' title='bbox 2793 949 2966 982; x_wconf 87' lang='lat' dir='ltr'><strong>servum</strong></span> 
     </span>
     <span class='ocr_line' id='line_1_93' title="bbox 1621 992 2967 1048; baseline 0.001 -12"><span class='ocrx_word' id='word_1_656' title='bbox 1621 992 1853 1047; x_wconf 85' lang='lat' dir='ltr'><strong>fugitivum</strong></span> <span class='ocrx_word' id='word_1_657' title='bbox 1892 993 2037 1037; x_wconf 89' lang='lat' dir='ltr'><strong>sciens</strong></span> <span class='ocrx_word' id='word_1_658' title='bbox 2077 1006 2177 1037; x_wconf 90' lang='lat' dir='ltr'><strong>cum</strong></span> <span class='ocrx_word' id='word_1_659' title='bbox 2215 994 2348 1038; x_wconf 88' lang='lat' dir='ltr'><strong>rebus</strong></span> <span class='ocrx_word' id='word_1_660' title='bbox 2385 992 2562 1037; x_wconf 85' lang='lat' dir='ltr'><strong>furtivis</strong></span> <span class='ocrx_word' id='word_1_661' title='bbox 2602 993 2820 1048; x_wconf 88' lang='lat' dir='ltr'><strong>suscepit,</strong></span> <span class='ocrx_word' id='word_1_662' title='bbox 2868 1007 2967 1037; x_wconf 91' lang='lat' dir='ltr'><strong>cum</strong></span> 
     </span>
     <span class='ocr_line' id='line_1_94' title="bbox 1620 1048 2967 1102; baseline 0.001 -10"><span class='ocrx_word' id='word_1_663' title='bbox 1620 1050 1781 1093; x_wconf 90' lang='lat' dir='ltr'><strong>horum</strong></span> <span class='ocrx_word' id='word_1_664' title='bbox 1802 1049 1979 1093; x_wconf 91' lang='lat' dir='ltr'><strong>nomine</strong></span> <span class='ocrx_word' id='word_1_665' title='bbox 2003 1049 2111 1093; x_wconf 85' lang='lat' dir='ltr'><strong>furti</strong></span> <span class='ocrx_word' id='word_1_666' title='bbox 2137 1049 2311 1093; x_wconf 86' lang='lat' dir='ltr'><strong>actione</strong></span> <span class='ocrx_word' id='word_1_667' title='bbox 2336 1052 2557 1102; x_wconf 86' lang='lat' dir='ltr'><strong>teneatur,</strong></span> <span class='ocrx_word' id='word_1_668' title='bbox 2582 1049 2692 1093; x_wconf 86' lang='lat' dir='ltr'><strong>haec</strong></span> <span class='ocrx_word' id='word_1_669' title='bbox 2717 1048 2800 1093; x_wconf 88' lang='lat' dir='ltr'><strong>tibi</strong></span> <span class='ocrx_word' id='word_1_670' title='bbox 2822 1054 2967 1094; x_wconf 89' lang='lat' dir='ltr'><strong>rector</strong></span> 
     </span>
     <span class='ocr_line' id='line_1_95' title="bbox 1620 1105 2968 1162; baseline 0 -13"><span class='ocrx_word' id='word_1_671' title='bbox 1620 1106 1874 1162; x_wconf 84' lang='lat' dir='ltr'><strong>provinciae</strong></span> <span class='ocrx_word' id='word_1_672' title='bbox 1913 1119 2012 1149; x_wconf 90' lang='lat' dir='ltr'><strong>cum</strong></span> <span class='ocrx_word' id='word_1_673' title='bbox 2042 1105 2174 1150; x_wconf 87' lang='lat' dir='ltr'><strong>solita</strong></span> <span class='ocrx_word' id='word_1_674' title='bbox 2202 1118 2348 1162; x_wconf 88' lang='lat' dir='ltr'><strong>poena</strong></span> <span class='ocrx_word' id='word_1_675' title='bbox 2376 1105 2552 1150; x_wconf 86' lang='lat' dir='ltr'><strong>restitui</strong></span> <span class='ocrx_word' id='word_1_676' title='bbox 2583 1105 2758 1150; x_wconf 83' lang='lat' dir='ltr'><strong>efficiet.</strong></span> <span class='ocrx_word' id='word_1_677' title='bbox 2818 1106 2896 1150; x_wconf 89' lang='lat' dir='ltr'><strong>sed</strong></span> <span class='ocrx_word' id='word_1_678' title='bbox 2925 1111 2968 1151; x_wconf 88' lang='lat' dir='ltr'><strong>et</strong></span> 
     </span>
     <span class='ocr_line' id='line_1_96' title="bbox 1621 1161 2966 1218; baseline 0 -12"><span class='ocrx_word' id='word_1_679' title='bbox 1621 1162 1659 1206; x_wconf 90' lang='lat' dir='ltr'><strong>si</strong></span> <span class='ocrx_word' id='word_1_680' title='bbox 1682 1162 1876 1206; x_wconf 89' lang='lat' dir='ltr'><strong>criminis</strong></span> <span class='ocrx_word' id='word_1_681' title='bbox 1901 1162 2036 1218; x_wconf 84' lang='lat' dir='ltr'><strong>plagii</strong></span> <span class='ocrx_word' id='word_1_682' title='bbox 2060 1162 2390 1206; x_wconf 87' lang='lat' dir='ltr'><strong>accusationem</strong></span> <span class='ocrx_word' id='word_1_683' title='bbox 2404 1162 2664 1217; x_wconf 90' lang='lat' dir='ltr'><strong>institueris,</strong></span> <span class='ocrx_word' id='word_1_684' title='bbox 2687 1161 2770 1206; x_wconf 90' lang='lat' dir='ltr'><strong>tibi</strong></span> <span class='ocrx_word' id='word_1_685' title='bbox 2786 1162 2966 1207; x_wconf 88' lang='lat' dir='ltr'><strong>audien-</strong></span> 
     </span>
     <span class='ocr_line' id='line_1_97' title="bbox 1621 1211 2966 1277; baseline 0.001 -16"><span class='ocrx_word' id='word_1_686' title='bbox 1621 1219 1728 1262; x_wconf 89' lang='lat' dir='ltr'><strong>tiam</strong></span> <span class='ocrx_word' id='word_1_687' title='bbox 1751 1219 1967 1274; x_wconf 89' lang='lat' dir='ltr'><strong>praebere</strong></span> <span class='ocrx_word' id='word_1_688' title='bbox 1991 1232 2081 1263; x_wconf 91' lang='lat' dir='ltr'><strong>non</strong></span> <span class='ocrx_word' id='word_1_689' title='bbox 2108 1219 2341 1263; x_wconf 87' lang='lat' dir='ltr'><strong>dubit-abit.</strong></span> <span class='ocrx_word' id='word_1_690' title='bbox 2388 1217 2433 1262; x_wconf 87' lang='lat' dir='ltr'><strong>S.</strong></span> <span class='ocrx_word' id='word_1_691' title='bbox 2451 1218 2575 1276; x_wconf 77' lang='lat' dir='ltr'><strong>prid.</strong></span> <span class='ocrx_word' id='word_1_692' title='bbox 2596 1218 2657 1262; x_wconf 89' lang='lat' dir='ltr'><strong>id.</strong></span> <span class='ocrx_word' id='word_1_693' title='bbox 2677 1211 2797 1276; x_wconf 80' lang='lat' dir='ltr'><strong>Sept.</strong></span> <span class='ocrx_word' id='word_1_694' title='bbox 2818 1218 2966 1277; x_wconf 71' lang='lat' dir='ltr'><strong>Sinqi-</strong></span> 
     </span>
     <span class='ocr_line' id='line_1_98' title="bbox 1621 1273 2965 1328; baseline 0.001 -10"><span class='ocrx_word' id='word_1_695' title='bbox 1621 1274 1732 1318; x_wconf 89' lang='lat' dir='ltr'><strong>duni</strong></span> <span class='ocrx_word' id='word_1_696' title='bbox 1765 1273 1841 1319; x_wconf 88' lang='lat' dir='ltr'><strong>CC.</strong></span> <span class='ocrx_word' id='word_1_697' title='bbox 1875 1288 2018 1319; x_wconf 87' lang='lat' dir='ltr'><strong>conss.</strong></span> <span class='ocrx_word' id='word_1_698' title='bbox 2779 1279 2835 1327; x_wconf 89' lang='lat' dir='ltr'><strong>[a.</strong></span> <span class='ocrx_word' id='word_1_699' title='bbox 2868 1279 2965 1328; x_wconf 84' lang='grc'><strong>294]</strong></span> 
     </span>
    </p>

    <p class='ocr_par' dir='ltr' id='par_1_26' title="bbox 1620 1328 2966 1497">
     <span class='ocr_line' id='line_1_99' title="bbox 1680 1328 2966 1385; baseline 0 -9"><span class='ocrx_word' id='word_1_700' title='bbox 1680 1328 1743 1376; x_wconf 86' lang='grc'><strong>13</strong></span> <span class='ocrx_word' id='word_1_701' title='bbox 1784 1330 1911 1375; x_wconf 89' lang='lat' dir='ltr'><strong>Idem</strong></span> <span class='ocrx_word' id='word_1_702' title='bbox 1950 1332 2043 1375; x_wconf 89' lang='lat' dir='ltr'><strong>AA.</strong></span> <span class='ocrx_word' id='word_1_703' title='bbox 2086 1336 2132 1376; x_wconf 88' lang='lat' dir='ltr'><strong>et</strong></span> <span class='ocrx_word' id='word_1_704' title='bbox 2171 1330 2249 1375; x_wconf 89' lang='lat' dir='ltr'><strong>CC.</strong></span> <span class='ocrx_word' id='word_1_705' title='bbox 2292 1329 2517 1376; x_wconf 85' lang='lat' dir='ltr'><strong>Severino.</strong></span> <span class='ocrx_word' id='word_1_706' title='bbox 2587 1330 2727 1385; x_wconf 85' lang='lat' dir='ltr'><strong>Plagii</strong></span> <span class='ocrx_word' id='word_1_707' title='bbox 2774 1331 2966 1376; x_wconf 87' lang='lat' dir='ltr'><strong>criminis</strong></span> 
     </span>
     <span class='ocr_line' id='line_1_100' title="bbox 1620 1386 2964 1443; baseline 0.001 -13"><span class='ocrx_word' id='word_1_708' title='bbox 1620 1387 1848 1431; x_wconf 90' lang='lat' dir='ltr'><strong>accusatio</strong></span> <span class='ocrx_word' id='word_1_709' title='bbox 1899 1387 2068 1443; x_wconf 89' lang='lat' dir='ltr'><strong>publici</strong></span> <span class='ocrx_word' id='word_1_710' title='bbox 2120 1387 2179 1432; x_wconf 91' lang='lat' dir='ltr'><strong>sit</strong></span> <span class='ocrx_word' id='word_1_711' title='bbox 2228 1386 2393 1432; x_wconf 87' lang='lat' dir='ltr'><strong>iudicii.</strong></span> <span class='ocrx_word' id='word_1_712' title='bbox 2468 1386 2513 1430; x_wconf 90' lang='lat' dir='ltr'><strong>S.</strong></span> <span class='ocrx_word' id='word_1_713' title='bbox 2568 1399 2598 1430; x_wconf 81' lang='lat' dir='ltr'><strong><em>V</em></strong></span> <span class='ocrx_word' id='word_1_714' title='bbox 2644 1386 2686 1430; x_wconf 83' lang='lat' dir='ltr'><strong>lc.</strong></span> <span class='ocrx_word' id='word_1_715' title='bbox 2734 1386 2838 1432; x_wconf 84' lang='lat' dir='ltr'><strong>Deo.</strong></span> <span class='ocrx_word' id='word_1_716' title='bbox 2888 1388 2964 1434; x_wconf 91' lang='lat' dir='ltr'><strong>CC.</strong></span> 
     </span>
     <span class='ocr_line' id='line_1_101' title="bbox 1621 1448 2965 1497; baseline 0.001 -11"><span class='ocrx_word' id='word_1_717' title='bbox 1621 1457 1764 1487; x_wconf 87' lang='lat' dir='ltr'><strong>conss.</strong></span> <span class='ocrx_word' id='word_1_718' title='bbox 2779 1448 2835 1496; x_wconf 91' lang='lat' dir='ltr'><strong>[a.</strong></span> <span class='ocrx_word' id='word_1_719' title='bbox 2869 1448 2965 1497; x_wconf 85' lang='grc'><strong>294]</strong></span> 
     </span>
    </p>

    <p class='ocr_par' dir='ltr' id='par_1_27' title="bbox 1618 1497 2965 1778">
     <span class='ocr_line' id='line_1_102' title="bbox 1679 1497 2965 1555; baseline 0 -10"><span class='ocrx_word' id='word_1_720' title='bbox 1679 1498 1743 1545; x_wconf 89' lang='grc'><strong>14</strong></span> <span class='ocrx_word' id='word_1_721' title='bbox 1775 1497 1901 1543; x_wconf 86' lang='lat' dir='ltr'><strong>Idem</strong></span> <span class='ocrx_word' id='word_1_722' title='bbox 1931 1499 2023 1543; x_wconf 89' lang='lat' dir='ltr'><strong>AA.</strong></span> <span class='ocrx_word' id='word_1_723' title='bbox 2065 1504 2110 1543; x_wconf 89' lang='lat' dir='ltr'><strong>et</strong></span> <span class='ocrx_word' id='word_1_724' title='bbox 2148 1499 2225 1545; x_wconf 90' lang='lat' dir='ltr'><strong>CC.</strong></span> <span class='ocrx_word' id='word_1_725' title='bbox 2261 1498 2532 1544; x_wconf 77' lang='lat' dir='ltr'><strong>Callistheni.</strong></span> <span class='ocrx_word' id='word_1_726' title='bbox 2602 1499 2742 1555; x_wconf 80' lang='lat' dir='ltr'><strong>Plagii</strong></span> <span class='ocrx_word' id='word_1_727' title='bbox 2773 1500 2965 1545; x_wconf 89' lang='lat' dir='ltr'><strong>criminis</strong></span> 
     </span>
     <span class='ocr_line' id='line_1_103' title="bbox 1620 1555 2965 1609; baseline 0.001 -10"><span class='ocrx_word' id='word_1_728' title='bbox 1620 1555 1846 1599; x_wconf 88' lang='lat' dir='ltr'><strong>accusatio</strong></span> <span class='ocrx_word' id='word_1_729' title='bbox 1881 1560 2037 1609; x_wconf 88' lang='lat' dir='ltr'><strong>cessat,</strong></span> <span class='ocrx_word' id='word_1_730' title='bbox 2079 1556 2116 1600; x_wconf 90' lang='lat' dir='ltr'><strong>si</strong></span> <span class='ocrx_word' id='word_1_731' title='bbox 2146 1569 2223 1600; x_wconf 87' lang='lat' dir='ltr'><strong>vos</strong></span> <span class='ocrx_word' id='word_1_732' title='bbox 2264 1557 2445 1600; x_wconf 85' lang='lat' dir='ltr'><strong>servos⁷</strong></span> <span class='ocrx_word' id='word_1_733' title='bbox 2485 1556 2554 1600; x_wconf 89' lang='lat' dir='ltr'><strong>vel</strong></span> <span class='ocrx_word' id='word_1_734' title='bbox 2591 1556 2754 1600; x_wconf 88' lang='lat' dir='ltr'><strong>liberos</strong></span> <span class='ocrx_word' id='word_1_735' title='bbox 2786 1557 2965 1601; x_wconf 85' lang='lat' dir='ltr'><strong>adseve-</strong></span> 
     </span>
     <span class='ocr_line' id='line_1_104' title="bbox 1619 1612 2965 1668; baseline 0.001 -13"><span class='ocrx_word' id='word_1_736' title='bbox 1619 1616 1722 1655; x_wconf 89' lang='lat' dir='ltr'><strong>rent</strong></span> <span class='ocrx_word' id='word_1_737' title='bbox 1778 1612 1824 1655; x_wconf 91' lang='lat' dir='ltr'><strong>ui</strong></span> <span class='ocrx_word' id='word_1_738' title='bbox 1850 1612 2152 1668; x_wconf 86' lang='lat' dir='ltr'><strong>suppressisse</strong></span> <span class='ocrx_word' id='word_1_739' title='bbox 2178 1612 2398 1665; x_wconf 85' lang='lat' dir='ltr'><strong>dicuntur,</strong></span> <span class='ocrx_word' id='word_1_740' title='bbox 2420 1625 2513 1656; x_wconf 89' lang='grc'>11011</span> <span class='ocrx_word' id='word_1_741' title='bbox 2537 1612 2756 1656; x_wconf 88' lang='lat' dir='ltr'><strong>commissi</strong></span> <span class='ocrx_word' id='word_1_742' title='bbox 2780 1613 2965 1666; x_wconf 88' lang='lat' dir='ltr'><strong>velandi,</strong></span> 
     </span>
     <span class='ocr_line' id='line_1_105' title="bbox 1620 1667 2965 1727; baseline 0.002 -16"><span class='ocrx_word' id='word_1_743' title='bbox 1620 1668 1698 1712; x_wconf 89' lang='lat' dir='ltr'><strong>sed</strong></span> <span class='ocrx_word' id='word_1_744' title='bbox 1728 1680 1754 1711; x_wconf 89' lang='lat' dir='ltr'><strong>a</strong></span> <span class='ocrx_word' id='word_1_745' title='bbox 1813 1668 1931 1711; x_wconf 88' lang='lat' dir='ltr'><strong>hanc</strong></span> <span class='ocrx_word' id='word_1_746' title='bbox 1960 1668 2212 1723; x_wconf 89' lang='lat' dir='ltr'><strong>opinionem</strong></span> <span class='ocrx_word' id='word_1_747' title='bbox 2241 1668 2360 1712; x_wconf 88' lang='lat' dir='ltr'><strong>iusta</strong></span> <span class='ocrx_word' id='word_1_748' title='bbox 2384 1668 2506 1712; x_wconf 90' lang='lat' dir='ltr'><strong>ducti</strong></span> <span class='ocrx_word' id='word_1_749' title='bbox 2530 1668 2714 1712; x_wconf 90' lang='lat' dir='ltr'><strong>ratione.</strong></span> <span class='ocrx_word' id='word_1_750' title='bbox 2771 1667 2816 1712; x_wconf 93' lang='lat' dir='ltr'><strong>S.</strong></span> <span class='ocrx_word' id='word_1_751' title='bbox 2839 1670 2965 1727; x_wconf 80' lang='lat' dir='ltr'><strong>prid.</strong></span> 
     </span>
     <span class='ocr_line' id='line_1_106' title="bbox 1618 1722 2965 1778; baseline 0.002 -12"><span class='ocrx_word' id='word_1_752' title='bbox 1618 1737 1724 1767; x_wconf 86' lang='lat' dir='ltr'><strong>non.</strong></span> <span class='ocrx_word' id='word_1_753' title='bbox 1755 1722 1861 1767; x_wconf 90' lang='lat' dir='ltr'><strong>Dec.</strong></span> <span class='ocrx_word' id='word_1_754' title='bbox 1893 1722 2182 1767; x_wconf 82' lang='lat' dir='ltr'><strong>Nicomediae</strong></span> <span class='ocrx_word' id='word_1_755' title='bbox 2215 1723 2291 1770; x_wconf 88' lang='lat' dir='ltr'><strong>CC.</strong></span> <span class='ocrx_word' id='word_1_756' title='bbox 2325 1737 2468 1768; x_wconf 77' lang='lat' dir='ltr'><strong>conss.</strong></span> <span class='ocrx_word' id='word_1_757' title='bbox 2779 1728 2836 1778; x_wconf 91' lang='lat' dir='ltr'><strong>[a.</strong></span> <span class='ocrx_word' id='word_1_758' title='bbox 2869 1729 2965 1778; x_wconf 79' lang='lat'>294]</span> 
     </span>
    </p>

    <p class='ocr_par' dir='ltr' id='par_1_28' title="bbox 1618 1777 2965 1993">
     <span class='ocr_line' id='line_1_107' title="bbox 1679 1777 2965 1837; baseline 0.002 -13"><span class='ocrx_word' id='word_1_759' title='bbox 1679 1778 1741 1824; x_wconf 88' lang='lat'><strong>15</strong></span> <span class='ocrx_word' id='word_1_760' title='bbox 1775 1777 1900 1822; x_wconf 88' lang='lat' dir='ltr'><strong>Idem</strong></span> <span class='ocrx_word' id='word_1_761' title='bbox 1929 1781 2021 1823; x_wconf 92' lang='lat' dir='ltr'><strong>AA.</strong></span> <span class='ocrx_word' id='word_1_762' title='bbox 2061 1783 2105 1822; x_wconf 86' lang='lat' dir='ltr'><strong>et</strong></span> <span class='ocrx_word' id='word_1_763' title='bbox 2136 1779 2213 1823; x_wconf 93' lang='lat' dir='ltr'><strong>CC.</strong></span> <span class='ocrx_word' id='word_1_764' title='bbox 2245 1778 2513 1837; x_wconf 75' lang='lat' dir='ltr'><strong>Pomponio.</strong></span> <span class='ocrx_word' id='word_1_765' title='bbox 2573 1779 2785 1824; x_wconf 88' lang='lat' dir='ltr'><strong>Liberum</strong></span> <span class='ocrx_word' id='word_1_766' title='bbox 2822 1782 2965 1826; x_wconf 88' lang='lat' dir='ltr'><strong>sciens</strong></span> 
     </span>
     <span class='ocr_line' id='line_1_108' title="bbox 1622 1834 2965 1892; baseline 0.003 -15"><span class='ocrx_word' id='word_1_767' title='bbox 1622 1834 1926 1878; x_wconf 90' lang='lat' dir='ltr'><strong>condicionem</strong></span> <span class='ocrx_word' id='word_1_768' title='bbox 1966 1835 2060 1879; x_wconf 90' lang='lat' dir='ltr'><strong>eius</strong></span> <span class='ocrx_word' id='word_1_769' title='bbox 2097 1835 2283 1879; x_wconf 86' lang='lat' dir='ltr'><strong>invitum</strong></span> <span class='ocrx_word' id='word_1_770' title='bbox 2312 1835 2620 1881; x_wconf 89' lang='lat' dir='ltr'><strong>venumdando</strong></span> <span class='ocrx_word' id='word_1_771' title='bbox 2657 1836 2794 1892; x_wconf 87' lang='lat' dir='ltr'><strong>plagii</strong></span> <span class='ocrx_word' id='word_1_772' title='bbox 2823 1839 2965 1881; x_wconf 88' lang='lat' dir='ltr'><strong>crimi-</strong></span> 
     </span>
     <span class='ocr_line' id='line_1_109' title="bbox 1618 1890 2965 1947; baseline 0.001 -13"><span class='ocrx_word' id='word_1_773' title='bbox 1618 1891 1687 1934; x_wconf 92' lang='lat' dir='ltr'><strong>nis</strong></span> <span class='ocrx_word' id='word_1_774' title='bbox 1717 1903 1863 1947; x_wconf 91' lang='lat' dir='ltr'><strong>poena</strong></span> <span class='ocrx_word' id='word_1_775' title='bbox 1891 1893 2082 1935; x_wconf 89' lang='lat' dir='ltr'><strong>tenetur.</strong></span> <span class='ocrx_word' id='word_1_776' title='bbox 2143 1891 2196 1934; x_wconf 90' lang='lat' dir='ltr'><strong>D.</strong></span> <span class='ocrx_word' id='word_1_777' title='bbox 2230 1903 2335 1935; x_wconf 74' lang='grc' dir='ltr'><strong>ΧΠ]</strong></span> <span class='ocrx_word' id='word_1_778' title='bbox 2360 1891 2402 1935; x_wconf 81' lang='lat' dir='ltr'><strong>lc.</strong></span> <span class='ocrx_word' id='word_1_779' title='bbox 2435 1890 2533 1935; x_wconf 90' lang='lat' dir='ltr'><strong>Ian.</strong></span> <span class='ocrx_word' id='word_1_780' title='bbox 2566 1891 2856 1938; x_wconf 82' lang='lat' dir='ltr'><strong>Nicomediae</strong></span> <span class='ocrx_word' id='word_1_781' title='bbox 2888 1893 2965 1938; x_wconf 93' lang='lat' dir='ltr'><strong>CC.</strong></span> 
     </span>
     <span class='ocr_line' id='line_1_110' title="bbox 1619 1953 2951 1993; baseline 0.002 -2"><span class='ocrx_word' id='word_1_782' title='bbox 1619 1960 1763 1991; x_wconf 83' lang='lat' dir='ltr'><strong>conss.</strong></span> <span class='ocrx_word' id='word_1_783' title='bbox 2795 1963 2836 1993; x_wconf 89' lang='lat' dir='ltr'><strong>a.</strong></span> <span class='ocrx_word' id='word_1_784' title='bbox 2870 1953 2951 1993; x_wconf 82' lang='lat'><strong>294</strong></span> 
     </span>
    </p>

    <p class='ocr_par' dir='ltr' id='par_1_29' title="bbox 1617 1953 2974 2508">
     <span class='ocr_line' id='line_1_111' title="bbox 1677 1953 2974 2062; baseline 0.001 -13"><span class='ocrx_word' id='word_1_785' title='bbox 1677 2001 1743 2050; x_wconf 86' lang='grc'><strong>16</strong></span> <span class='ocrx_word' id='word_1_786' title='bbox 1776 2001 1910 2062; x_wconf 79' lang='lat' dir='ltr'><strong>⁸Imp.</strong></span> <span class='ocrx_word' id='word_1_787' title='bbox 1946 2001 2268 2048; x_wconf 84' lang='lat' dir='ltr'><strong>Constantinus</strong></span> <span class='ocrx_word' id='word_1_788' title='bbox 2296 2004 2348 2047; x_wconf 92' lang='lat' dir='ltr'><em>A.</em></span> <span class='ocrx_word' id='word_1_789' title='bbox 2391 2003 2452 2047; x_wconf 90' lang='lat' dir='ltr'><strong>ad</strong></span> <span class='ocrx_word' id='word_1_790' title='bbox 2487 1953 2974 2050; x_wconf 52' lang='lat' dir='ltr'><strong>Domitium⁹[0elsunzl</strong></span> 
     </span>
     <span class='ocr_line' id='line_1_112' title="bbox 1619 2059 2968 2118; baseline 0.001 -14"><span class='ocrx_word' id='word_1_791' title='bbox 1619 2059 1837 2104; x_wconf 83' lang='lat' dir='ltr'><strong>vicarium</strong></span> <span class='ocrx_word' id='word_1_792' title='bbox 1865 2059 2069 2118; x_wconf 82' lang='lat' dir='ltr'><strong>Africae.</strong></span> <span class='ocrx_word' id='word_1_793' title='bbox 2127 2059 2358 2114; x_wconf 82' lang='lat' dir='ltr'><strong>Plagiarii,</strong></span> <span class='ocrx_word' id='word_1_794' title='bbox 2400 2059 2476 2115; x_wconf 92' lang='lat' dir='ltr'><strong>qui</strong></span> <span class='ocrx_word' id='word_1_795' title='bbox 2511 2060 2747 2105; x_wconf 85' lang='lat' dir='ltr'><strong>viventium</strong></span> <span class='ocrx_word' id='word_1_796' title='bbox 2777 2060 2968 2108; x_wconf 89' lang='lat' dir='ltr'><strong>filiorum</strong></span> 
     </span>
     <span class='ocr_line' id='line_1_113' title="bbox 1619 2115 2967 2173; baseline 0.001 -13"><span class='ocrx_word' id='word_1_797' title='bbox 1619 2115 1891 2160; x_wconf 89' lang='lat' dir='ltr'><strong>miserandas</strong></span> <span class='ocrx_word' id='word_1_798' title='bbox 1944 2116 2154 2172; x_wconf 88' lang='lat' dir='ltr'><strong>infligunt</strong></span> <span class='ocrx_word' id='word_1_799' title='bbox 2205 2117 2467 2173; x_wconf 90' lang='lat' dir='ltr'><strong>parentibus</strong></span> <span class='ocrx_word' id='word_1_800' title='bbox 2512 2117 2748 2172; x_wconf 89' lang='lat' dir='ltr'><strong>orbitates,</strong></span> <span class='ocrx_word' id='word_1_801' title='bbox 2800 2119 2967 2162; x_wconf 90' lang='lat' dir='ltr'><strong>metalli</strong></span> 
     </span>
     <span class='ocr_line' id='line_1_114' title="bbox 1618 2173 2966 2229; baseline 0.001 -12"><span class='ocrx_word' id='word_1_802' title='bbox 1618 2185 1765 2229; x_wconf 88' lang='lat' dir='ltr'><strong>poena</strong></span> <span class='ocrx_word' id='word_1_803' title='bbox 1804 2186 1905 2217; x_wconf 90' lang='grc'>011111</span> <span class='ocrx_word' id='word_1_804' title='bbox 1946 2173 2104 2217; x_wconf 89' lang='lat' dir='ltr'><strong>ceteris</strong></span> <span class='ocrx_word' id='word_1_805' title='bbox 2142 2178 2247 2216; x_wconf 89' lang='lat' dir='ltr'><strong>ante</strong></span> <span class='ocrx_word' id='word_1_806' title='bbox 2277 2173 2463 2228; x_wconf 89' lang='lat' dir='ltr'><strong>cognitis</strong></span> <span class='ocrx_word' id='word_1_807' title='bbox 2495 2173 2722 2229; x_wconf 89' lang='lat' dir='ltr'><strong>suppliciis</strong></span> <span class='ocrx_word' id='word_1_808' title='bbox 2752 2175 2966 2218; x_wconf 86' lang='lat' dir='ltr'><strong>teneban-</strong></span> 
     </span>
     <span class='ocr_line' id='line_1_115' title="bbox 1623 2229 2965 2284; baseline 0.001 -11"><span class='ocrx_word' id='word_1_809' title='bbox 1623 2234 1641 2274; x_wconf 95' lang='lat'>1</span> <span class='ocrx_word' id='word_1_810' title='bbox 1690 2233 1764 2273; x_wconf 84' lang='lat' dir='ltr'><strong>tur</strong></span> <span class='ocrx_word' id='word_1_811' title='bbox 1780 2230 1829 2272; x_wconf 87' lang='lat'><strong>¹⁰.</strong></span> <span class='ocrx_word' id='word_1_812' title='bbox 1875 2229 1922 2273; x_wconf 89' lang='lat' dir='ltr'><strong>Si</strong></span> <span class='ocrx_word' id='word_1_813' title='bbox 1948 2229 2045 2284; x_wconf 88' lang='lat' dir='ltr'><strong>quis</strong></span> <span class='ocrx_word' id='word_1_814' title='bbox 2071 2234 2219 2272; x_wconf 86' lang='lat' dir='ltr'><strong>tamen</strong></span> <span class='ocrx_word' id='word_1_815' title='bbox 2245 2229 2458 2273; x_wconf 90' lang='lat' dir='ltr'><strong>eiusmodi</strong></span> <span class='ocrx_word' id='word_1_816' title='bbox 2480 2242 2582 2273; x_wconf 91' lang='lat' dir='ltr'><strong>reus</strong></span> <span class='ocrx_word' id='word_1_817' title='bbox 2611 2229 2747 2273; x_wconf 86' lang='lat' dir='ltr'><strong>fuerit</strong></span> <span class='ocrx_word' id='word_1_818' title='bbox 2776 2231 2965 2282; x_wconf 86' lang='lat' dir='ltr'><strong>oblatus,</strong></span> 
     </span>
     <span class='ocr_line' id='line_1_116' title="bbox 1617 2284 2966 2342; baseline 0 -13"><span class='ocrx_word' id='word_1_819' title='bbox 1617 2290 1912 2342; x_wconf 90' lang='lat' dir='ltr'><strong>posteaquam</strong></span> <span class='ocrx_word' id='word_1_820' title='bbox 1953 2298 2088 2340; x_wconf 88' lang='lat' dir='ltr'><strong>super</strong></span> <span class='ocrx_word' id='word_1_821' title='bbox 2129 2284 2309 2328; x_wconf 90' lang='lat' dir='ltr'><strong>crimine</strong></span> <span class='ocrx_word' id='word_1_822' title='bbox 2347 2285 2565 2340; x_wconf 89' lang='lat' dir='ltr'><strong>patuerit,</strong></span> <span class='ocrx_word' id='word_1_823' title='bbox 2603 2298 2755 2330; x_wconf 86' lang='lat' dir='ltr'><strong>servus</strong></span> <span class='ocrx_word' id='word_1_824' title='bbox 2790 2286 2966 2342; x_wconf 91' lang='lat' dir='ltr'><strong>quidem</strong></span> 
     </span>
     <span class='ocr_line' id='line_1_117' title="bbox 1619 2340 2964 2398; baseline 0.001 -13"><span class='ocrx_word' id='word_1_825' title='bbox 1619 2342 1687 2385; x_wconf 90' lang='lat' dir='ltr'><strong>vel</strong></span> <span class='ocrx_word' id='word_1_826' title='bbox 1730 2342 1935 2385; x_wconf 83' lang='lat' dir='ltr'><strong>libertate</strong></span> <span class='ocrx_word' id='word_1_827' title='bbox 1980 2340 2171 2385; x_wconf 88' lang='lat' dir='ltr'><strong>donatus</strong></span> <span class='ocrx_word' id='word_1_828' title='bbox 2216 2340 2371 2384; x_wconf 89' lang='lat' dir='ltr'><strong>bestiis</strong></span> <span class='ocrx_word' id='word_1_829' title='bbox 2418 2341 2703 2396; x_wconf 85' lang='lat' dir='ltr'><strong>obiciatur¹¹,</strong></span> <span class='ocrx_word' id='word_1_830' title='bbox 2747 2342 2964 2398; x_wconf 86' lang='lat' dir='ltr'><strong>ingenuus</strong></span> 
     </span>
     <span class='ocr_line' id='line_1_118' title="bbox 1619 2396 2964 2455; baseline 0 -14"><span class='ocrx_word' id='word_1_831' title='bbox 1619 2400 1769 2442; x_wconf 87' lang='lat' dir='ltr'><strong>autem</strong></span> <span class='ocrx_word' id='word_1_832' title='bbox 1812 2397 1957 2454; x_wconf 86' lang='lat' dir='ltr'><strong>gladio</strong></span> <span class='ocrx_word' id='word_1_833' title='bbox 2000 2401 2286 2441; x_wconf 88' lang='lat' dir='ltr'><strong>consumatur</strong></span> <span class='ocrx_word' id='word_1_834' title='bbox 2301 2398 2348 2440; x_wconf 79' lang='lat'><strong>¹2.</strong></span> <span class='ocrx_word' id='word_1_835' title='bbox 2417 2396 2472 2441; x_wconf 82' lang='lat' dir='ltr'><strong>D.</strong></span> <span class='ocrx_word' id='word_1_836' title='bbox 2514 2396 2556 2441; x_wconf 78' lang='lat' dir='ltr'><strong>lc.</strong></span> <span class='ocrx_word' id='word_1_837' title='bbox 2588 2399 2703 2455; x_wconf 74' lang='lat' dir='ltr'><strong>Auq.</strong></span> <span class='ocrx_word' id='word_1_838' title='bbox 2749 2397 2964 2443; x_wconf 85' lang='lat' dir='ltr'><strong>Constan-</strong></span> 
     </span>
     <span class='ocr_line' id='line_1_119' title="bbox 1621 2453 2963 2508; baseline -0.001 -9"><span class='ocrx_word' id='word_1_839' title='bbox 1621 2455 1713 2499; x_wconf 86' lang='lat' dir='ltr'><strong>tino</strong></span> <span class='ocrx_word' id='word_1_840' title='bbox 1744 2454 1796 2499; x_wconf 92' lang='lat' dir='ltr'><strong>A.</strong></span> <span class='ocrx_word' id='word_1_841' title='bbox 1828 2465 1920 2498; x_wconf 82' lang='lat'><em>1111</em></span> <span class='ocrx_word' id='word_1_842' title='bbox 1946 2458 1990 2498; x_wconf 87' lang='lat' dir='ltr'><strong>et</strong></span> <span class='ocrx_word' id='word_1_843' title='bbox 2018 2453 2193 2498; x_wconf 80' lang='lat' dir='ltr'><strong>Licinio</strong></span> <span class='ocrx_word' id='word_1_844' title='bbox 2224 2464 2316 2497; x_wconf 79' lang='lat' dir='ltr'><strong>HJJ</strong></span> <span class='ocrx_word' id='word_1_845' title='bbox 2343 2467 2485 2498; x_wconf 82' lang='lat' dir='ltr'><strong>conss.</strong></span> <span class='ocrx_word' id='word_1_846' title='bbox 2777 2458 2833 2508; x_wconf 92' lang='lat' dir='ltr'><strong>[a.</strong></span> <span class='ocrx_word' id='word_1_847' title='bbox 2867 2459 2963 2507; x_wconf 85' lang='lat'>315]</span> 
     </span>
    </p>
   </div>
   <div class='ocr_carea' id='block_1_13' title="bbox 1964 2626 2628 2748">
    <p class='ocr_par' dir='ltr' id='par_1_30' title="bbox 1964 2626 2628 2748">
     <span class='ocr_line' id='line_1_120' title="bbox 2227 2626 2358 2673; baseline 0 0"><span class='ocrx_word' id='word_1_848' title='bbox 2227 2626 2358 2673; x_wconf 89' lang='lat' dir='ltr'><strong>XXI.</strong></span> 
     </span>
     <span class='ocr_line' id='line_1_121' title="bbox 1964 2701 2628 2748; baseline -0.002 0"><span class='ocrx_word' id='word_1_849' title='bbox 1964 2701 2039 2748; x_wconf 79' lang='lat' dir='ltr'><strong>A&#39;D</strong></span> <span class='ocrx_word' id='word_1_850' title='bbox 2070 2707 2272 2748; x_wconf 87' lang='lat' dir='ltr'><strong>LEGEM</strong></span> <span class='ocrx_word' id='word_1_851' title='bbox 2300 2706 2628 2748; x_wconf 87' lang='lat' dir='ltr'><strong>VISELLIAM.</strong></span> 
     </span>
    </p>
   </div>
   <div class='ocr_carea' id='block_1_14' title="bbox 1613 2787 2964 3684">
    <p class='ocr_par' dir='ltr' id='par_1_31' title="bbox 1613 2787 2964 3684">
     <span class='ocr_line' id='line_1_122' title="bbox 1676 2787 2961 2850; baseline 0.001 -15"><span class='ocrx_word' id='word_1_852' title='bbox 1676 2790 1700 2837; x_wconf 89' lang='lat'>1</span> <span class='ocrx_word' id='word_1_853' title='bbox 1738 2788 1884 2850; x_wconf 78' lang='lat' dir='ltr'><strong>Impp.</strong></span> <span class='ocrx_word' id='word_1_854' title='bbox 1916 2789 2230 2835; x_wconf 85' lang='lat' dir='ltr'><strong>Diocletianus</strong></span> <span class='ocrx_word' id='word_1_855' title='bbox 2267 2793 2313 2834; x_wconf 86' lang='lat' dir='ltr'><strong>et</strong></span> <span class='ocrx_word' id='word_1_856' title='bbox 2339 2787 2657 2833; x_wconf 78' lang='lat' dir='ltr'><strong>Maximianus</strong></span> <span class='ocrx_word' id='word_1_857' title='bbox 2685 2789 2776 2834; x_wconf 89' lang='lat' dir='ltr'><strong>AA.</strong></span> <span class='ocrx_word' id='word_1_858' title='bbox 2809 2795 2855 2835; x_wconf 88' lang='lat' dir='ltr'><strong>et</strong></span> <span class='ocrx_word' id='word_1_859' title='bbox 2885 2789 2961 2836; x_wconf 91' lang='lat' dir='ltr'><strong>CC.</strong></span> 
     </span>
     <span class='ocr_line' id='line_1_123' title="bbox 1616 2845 2962 2892; baseline -0.001 0"><span class='ocrx_word' id='word_1_860' title='bbox 1616 2846 1817 2892; x_wconf 76' lang='lat' dir='ltr'><strong>Baccho.</strong></span> <span class='ocrx_word' id='word_1_861' title='bbox 1887 2847 1984 2891; x_wconf 86' lang='lat' dir='ltr'><strong>Lex</strong></span> <span class='ocrx_word' id='word_1_862' title='bbox 2017 2846 2200 2891; x_wconf 70' lang='lat' dir='ltr'><strong>Visellia</strong></span> <span class='ocrx_word' id='word_1_863' title='bbox 2236 2845 2470 2889; x_wconf 90' lang='lat' dir='ltr'><strong>libertinae</strong></span> <span class='ocrx_word' id='word_1_864' title='bbox 2510 2845 2783 2891; x_wconf 89' lang='lat' dir='ltr'><strong>condicionis</strong></span> <span class='ocrx_word' id='word_1_865' title='bbox 2822 2848 2962 2891; x_wconf 91' lang='lat' dir='ltr'><strong>homi·-</strong></span> 
     </span>
     <span class='ocr_line' id='line_1_124' title="bbox 1617 2902 2964 2960; baseline 0 -13"><span class='ocrx_word' id='word_1_866' title='bbox 1617 2916 1695 2947; x_wconf 91' lang='lat' dir='ltr'><strong>nes</strong></span> <span class='ocrx_word' id='word_1_867' title='bbox 1732 2904 2036 2960; x_wconf 90' lang='lat' dir='ltr'><strong>persequitur,</strong></span> <span class='ocrx_word' id='word_1_868' title='bbox 2079 2903 2117 2947; x_wconf 90' lang='lat' dir='ltr'><strong>si</strong></span> <span class='ocrx_word' id='word_1_869' title='bbox 2157 2915 2209 2946; x_wconf 91' lang='lat' dir='ltr'><strong>ea</strong></span> <span class='ocrx_word' id='word_1_870' title='bbox 2244 2914 2357 2957; x_wconf 89' lang='lat' dir='ltr'><strong>quae</strong></span> <span class='ocrx_word' id='word_1_871' title='bbox 2386 2902 2678 2956; x_wconf 87' lang='lat' dir='ltr'><strong>ingenuorum</strong></span> <span class='ocrx_word' id='word_1_872' title='bbox 2708 2906 2814 2946; x_wconf 87' lang='lat' dir='ltr'><strong>sunt</strong></span> <span class='ocrx_word' id='word_1_873' title='bbox 2844 2904 2964 2947; x_wconf 87' lang='lat' dir='ltr'><strong>circa</strong></span> 
     </span>
     <span class='ocr_line' id='line_1_125' title="bbox 1615 2957 2961 3016; baseline -0.001 -13"><span class='ocrx_word' id='word_1_874' title='bbox 1615 2960 1808 3007; x_wconf 89' lang='lat' dir='ltr'><strong>honores</strong></span> <span class='ocrx_word' id='word_1_875' title='bbox 1840 2965 1884 3003; x_wconf 91' lang='lat' dir='ltr'><strong>et</strong></span> <span class='ocrx_word' id='word_1_876' title='bbox 1914 2960 2146 3016; x_wconf 88' lang='lat' dir='ltr'><strong>dignitates</strong></span> <span class='ocrx_word' id='word_1_877' title='bbox 2178 2959 2275 3002; x_wconf 87' lang='lat' dir='ltr'><strong>ausi</strong></span> <span class='ocrx_word' id='word_1_878' title='bbox 2304 2957 2469 3001; x_wconf 87' lang='lat' dir='ltr'><strong>fuerint</strong></span> <span class='ocrx_word' id='word_1_879' title='bbox 2497 2960 2764 3013; x_wconf 89' lang='lat' dir='ltr'><strong>attemptare</strong></span> <span class='ocrx_word' id='word_1_880' title='bbox 2788 2959 2857 3002; x_wconf 91' lang='lat' dir='ltr'><strong>vel</strong></span> <span class='ocrx_word' id='word_1_881' title='bbox 2887 2960 2961 3002; x_wconf 90' lang='lat' dir='ltr'><strong>de-</strong></span> 
     </span>
     <span class='ocr_line' id='line_1_126' title="bbox 1619 3014 2960 3070; baseline 0 -11"><span class='ocrx_word' id='word_1_882' title='bbox 1619 3016 1900 3060; x_wconf 87' lang='lat' dir='ltr'><strong>curionatum</strong></span> <span class='ocrx_word' id='word_1_883' title='bbox 1940 3017 2165 3070; x_wconf 90' lang='lat' dir='ltr'><strong>adripere,</strong></span> <span class='ocrx_word' id='word_1_884' title='bbox 2203 3014 2289 3057; x_wconf 91' lang='lat' dir='ltr'><strong>nisi</strong></span> <span class='ocrx_word' id='word_1_885' title='bbox 2326 3014 2422 3056; x_wconf 86' lang='lat' dir='ltr'><strong>iure</strong></span> <span class='ocrx_word' id='word_1_886' title='bbox 2460 3025 2697 3060; x_wconf 89' lang='lat' dir='ltr'><strong>aureorum</strong></span> <span class='ocrx_word' id='word_1_887' title='bbox 2730 3015 2960 3059; x_wconf 90' lang='lat' dir='ltr'><strong>anulorum</strong></span> 
     </span>
     <span class='ocr_line' id='line_1_127' title="bbox 1615 3070 2961 3128; baseline 0 -13"><span class='ocrx_word' id='word_1_888' title='bbox 1615 3072 1852 3128; x_wconf 86' lang='lat' dir='ltr'><strong>impetrato</strong></span> <span class='ocrx_word' id='word_1_889' title='bbox 1883 3085 1910 3115; x_wconf 91' lang='lat' dir='ltr'><strong>a</strong></span> <span class='ocrx_word' id='word_1_890' title='bbox 1933 3072 2134 3127; x_wconf 91' lang='lat' dir='ltr'><strong>principe</strong></span> <span class='ocrx_word' id='word_1_891' title='bbox 2164 3072 2482 3114; x_wconf 86' lang='lat' dir='ltr'><strong>sustentantur.</strong></span> <span class='ocrx_word' id='word_1_892' title='bbox 2531 3073 2639 3112; x_wconf 91' lang='lat' dir='ltr'><strong>tunc</strong></span> <span class='ocrx_word' id='word_1_893' title='bbox 2671 3070 2785 3112; x_wconf 89' lang='lat' dir='ltr'><strong>enim</strong></span> <span class='ocrx_word' id='word_1_894' title='bbox 2815 3071 2961 3126; x_wconf 88' lang='lat' dir='ltr'><strong>quoad</strong></span> 
     </span>
     <span class='ocr_line' id='line_1_128' title="bbox 1615 3125 2962 3183; baseline 0 -13"><span class='ocrx_word' id='word_1_895' title='bbox 1615 3128 1764 3171; x_wconf 80' lang='lat' dir='ltr'><strong>vivunt</strong></span> <span class='ocrx_word' id='word_1_896' title='bbox 1800 3127 2056 3183; x_wconf 89' lang='lat' dir='ltr'><strong>imaginem,</strong></span> <span class='ocrx_word' id='word_1_897' title='bbox 2102 3139 2192 3170; x_wconf 90' lang='lat' dir='ltr'><strong>non</strong></span> <span class='ocrx_word' id='word_1_898' title='bbox 2233 3130 2397 3169; x_wconf 89' lang='lat' dir='ltr'><strong>statum</strong></span> <span class='ocrx_word' id='word_1_899' title='bbox 2436 3125 2720 3180; x_wconf 87' lang='lat' dir='ltr'><strong>ingenuitatis</strong></span> <span class='ocrx_word' id='word_1_900' title='bbox 2760 3126 2962 3171; x_wconf 88' lang='lat' dir='ltr'><strong>obtinent</strong></span> 
     </span>
     <span class='ocr_line' id='line_1_129' title="bbox 1615 3180 2962 3239; baseline -0.001 -11"><span class='ocrx_word' id='word_1_901' title='bbox 1615 3189 1660 3228; x_wconf 92' lang='lat' dir='ltr'><strong>et</strong></span> <span class='ocrx_word' id='word_1_902' title='bbox 1698 3184 1792 3227; x_wconf 91' lang='lat' dir='ltr'><strong>sine</strong></span> <span class='ocrx_word' id='word_1_903' title='bbox 1830 3184 2028 3239; x_wconf 91' lang='lat' dir='ltr'><strong>periculo</strong></span> <span class='ocrx_word' id='word_1_904' title='bbox 2068 3183 2357 3237; x_wconf 88' lang='lat' dir='ltr'><strong>ingenuorum</strong></span> <span class='ocrx_word' id='word_1_905' title='bbox 2399 3182 2529 3224; x_wconf 90' lang='lat' dir='ltr'><strong>etiam</strong></span> <span class='ocrx_word' id='word_1_906' title='bbox 2566 3180 2713 3225; x_wconf 85' lang='lat' dir='ltr'><strong>officia</strong></span> <span class='ocrx_word' id='word_1_907' title='bbox 2742 3188 2962 3238; x_wconf 85' lang='lat' dir='ltr'><strong>peragunt</strong></span> 
     </span>
     <span class='ocr_line' id='line_1_130' title="bbox 1620 3237 2957 3295; baseline 0 -12"><span class='ocrx_word' id='word_1_908' title='bbox 1620 3244 1636 3282; x_wconf 90' lang='lat'>1</span> <span class='ocrx_word' id='word_1_909' title='bbox 1698 3239 1890 3295; x_wconf 85' lang='lat' dir='ltr'><strong>publica.</strong></span> <span class='ocrx_word' id='word_1_910' title='bbox 1940 3239 2026 3293; x_wconf 83' lang='lat' dir='ltr'><strong>Qui</strong></span> <span class='ocrx_word' id='word_1_911' title='bbox 2055 3242 2203 3282; x_wconf 88' lang='lat' dir='ltr'><strong>autem</strong></span> <span class='ocrx_word' id='word_1_912' title='bbox 2231 3237 2464 3280; x_wconf 87' lang='lat' dir='ltr'><strong>libertinus</strong></span> <span class='ocrx_word' id='word_1_913' title='bbox 2495 3249 2543 3280; x_wconf 91' lang='lat' dir='ltr'><strong>se</strong></span> <span class='ocrx_word' id='word_1_914' title='bbox 2573 3237 2680 3285; x_wconf 88' lang='lat' dir='ltr'><strong>dicit</strong></span> <span class='ocrx_word' id='word_1_915' title='bbox 2707 3239 2957 3294; x_wconf 89' lang='lat' dir='ltr'><strong>ingenuum,</strong></span> 
     </span>
     <span class='ocr_line' id='line_1_131' title="bbox 1614 3293 2957 3351; baseline 0.001 -13"><span class='ocrx_word' id='word_1_916' title='bbox 1614 3300 1706 3339; x_wconf 89' lang='lat' dir='ltr'><strong>tam</strong></span> <span class='ocrx_word' id='word_1_917' title='bbox 1737 3295 1791 3338; x_wconf 93' lang='lat' dir='ltr'><strong>de</strong></span> <span class='ocrx_word' id='word_1_918' title='bbox 1822 3295 1968 3351; x_wconf 89' lang='lat' dir='ltr'><strong>operis</strong></span> <span class='ocrx_word' id='word_1_919' title='bbox 2001 3294 2184 3338; x_wconf 88' lang='lat' dir='ltr'><strong>civiliter</strong></span> <span class='ocrx_word' id='word_1_920' title='bbox 2215 3306 2346 3349; x_wconf 90' lang='lat' dir='ltr'><strong>quam</strong></span> <span class='ocrx_word' id='word_1_921' title='bbox 2377 3293 2508 3336; x_wconf 89' lang='lat' dir='ltr'><strong>etiam</strong></span> <span class='ocrx_word' id='word_1_922' title='bbox 2537 3293 2633 3348; x_wconf 87' lang='lat' dir='ltr'><strong>lege</strong></span> <span class='ocrx_word' id='word_1_923' title='bbox 2661 3293 2844 3339; x_wconf 86' lang='lat' dir='ltr'><strong>Visellia</strong></span> <span class='ocrx_word' id='word_1_924' title='bbox 2876 3296 2957 3340; x_wconf 90' lang='lat' dir='ltr'><strong>cri-</strong></span> 
     </span>
     <span class='ocr_line' id='line_1_132' title="bbox 1614 3349 2958 3407; baseline 0.001 -12"><span class='ocrx_word' id='word_1_925' title='bbox 1614 3351 1834 3395; x_wconf 89' lang='lat' dir='ltr'><strong>minaliter</strong></span> <span class='ocrx_word' id='word_1_926' title='bbox 1881 3351 2048 3407; x_wconf 89' lang='lat' dir='ltr'><strong>poterit</strong></span> <span class='ocrx_word' id='word_1_927' title='bbox 2095 3350 2374 3406; x_wconf 86' lang='lat' dir='ltr'><strong>perurgueri:</strong></span> <span class='ocrx_word' id='word_1_928' title='bbox 2419 3349 2465 3393; x_wconf 93' lang='lat' dir='ltr'><strong>in</strong></span> <span class='ocrx_word' id='word_1_929' title='bbox 2510 3351 2676 3394; x_wconf 90' lang='lat' dir='ltr'><strong>curiam</strong></span> <span class='ocrx_word' id='word_1_930' title='bbox 2719 3355 2868 3396; x_wconf 89' lang='lat' dir='ltr'><strong>autem</strong></span> <span class='ocrx_word' id='word_1_931' title='bbox 2912 3365 2958 3396; x_wconf 90' lang='lat' dir='ltr'><strong>se</strong></span> 
     </span>
     <span class='ocr_line' id='line_1_133' title="bbox 1613 3405 2955 3462; baseline 0.001 -12"><span class='ocrx_word' id='word_1_932' title='bbox 1613 3407 1864 3451; x_wconf 88' lang='lat' dir='ltr'><strong>immiscens</strong></span> <span class='ocrx_word' id='word_1_933' title='bbox 1917 3407 2076 3450; x_wconf 91' lang='lat' dir='ltr'><strong>damno</strong></span> <span class='ocrx_word' id='word_1_934' title='bbox 2129 3406 2302 3462; x_wconf 90' lang='lat' dir='ltr'><strong>quidem</strong></span> <span class='ocrx_word' id='word_1_935' title='bbox 2358 3419 2457 3449; x_wconf 92' lang='lat' dir='ltr'><strong>cum</strong></span> <span class='ocrx_word' id='word_1_936' title='bbox 2499 3405 2682 3451; x_wconf 89' lang='lat' dir='ltr'><strong>infamia</strong></span> <span class='ocrx_word' id='word_1_937' title='bbox 2727 3407 2955 3452; x_wconf 88' lang='lat' dir='ltr'><strong>adficitur:</strong></span> 
     </span>
     <span class='ocr_line' id='line_1_134' title="bbox 1614 3462 2957 3519; baseline 0 -12"><span class='ocrx_word' id='word_1_938' title='bbox 1614 3463 1869 3507; x_wconf 89' lang='lat' dir='ltr'><strong>muneribus</strong></span> <span class='ocrx_word' id='word_1_939' title='bbox 1899 3475 2001 3507; x_wconf 81' lang='lat' dir='ltr'><strong>vero</strong></span> <span class='ocrx_word' id='word_1_940' title='bbox 2031 3462 2341 3519; x_wconf 88' lang='lat' dir='ltr'><strong>personalibus</strong></span> <span class='ocrx_word' id='word_1_941' title='bbox 2371 3462 2418 3505; x_wconf 92' lang='lat' dir='ltr'><strong>in</strong></span> <span class='ocrx_word' id='word_1_942' title='bbox 2445 3463 2594 3518; x_wconf 88' lang='lat' dir='ltr'><strong>patria</strong></span> <span class='ocrx_word' id='word_1_943' title='bbox 2621 3464 2813 3519; x_wconf 90' lang='lat' dir='ltr'><strong>patroni,</strong></span> <span class='ocrx_word' id='word_1_944' title='bbox 2844 3476 2957 3518; x_wconf 91' lang='lat' dir='ltr'><strong>quae</strong></span> 
     </span>
     <span class='ocr_line' id='line_1_135' title="bbox 1616 3518 2954 3577; baseline -0.001 -13"><span class='ocrx_word' id='word_1_945' title='bbox 1616 3523 1864 3575; x_wconf 90' lang='lat' dir='ltr'><strong>congruunt</strong></span> <span class='ocrx_word' id='word_1_946' title='bbox 1897 3518 2150 3563; x_wconf 89' lang='lat' dir='ltr'><strong>huiusmodi</strong></span> <span class='ocrx_word' id='word_1_947' title='bbox 2187 3518 2463 3572; x_wconf 90' lang='lat' dir='ltr'><strong>hominibus,</strong></span> <span class='ocrx_word' id='word_1_948' title='bbox 2509 3519 2704 3575; x_wconf 89' lang='lat' dir='ltr'><strong>singulos</strong></span> <span class='ocrx_word' id='word_1_949' title='bbox 2742 3532 2824 3577; x_wconf 91' lang='lat' dir='ltr'><strong>pro</strong></span> <span class='ocrx_word' id='word_1_950' title='bbox 2854 3520 2954 3564; x_wconf 87' lang='lat' dir='ltr'><strong>viri-</strong></span> 
     </span>
     <span class='ocr_line' id='line_1_136' title="bbox 1614 3574 2952 3620; baseline -0.001 -1"><span class='ocrx_word' id='word_1_951' title='bbox 1614 3578 1697 3620; x_wconf 90' lang='lat' dir='ltr'><strong>bus</strong></span> <span class='ocrx_word' id='word_1_952' title='bbox 1742 3575 1979 3620; x_wconf 89' lang='lat' dir='ltr'><strong>adstrictos</strong></span> <span class='ocrx_word' id='word_1_953' title='bbox 2025 3588 2122 3620; x_wconf 89' lang='lat' dir='ltr'><strong>esse</strong></span> <span class='ocrx_word' id='word_1_954' title='bbox 2158 3588 2249 3619; x_wconf 90' lang='lat' dir='ltr'><strong>non</strong></span> <span class='ocrx_word' id='word_1_955' title='bbox 2294 3574 2475 3619; x_wconf 90' lang='lat' dir='ltr'><strong>dubium</strong></span> <span class='ocrx_word' id='word_1_956' title='bbox 2519 3580 2598 3620; x_wconf 87' lang='lat' dir='ltr'><strong>est.</strong></span> <span class='ocrx_word' id='word_1_957' title='bbox 2673 3574 2766 3619; x_wconf 84' lang='grc' dir='ltr'><strong>ΡΡ.</strong></span> <span class='ocrx_word' id='word_1_958' title='bbox 2810 3587 2856 3619; x_wconf 82' lang='lat' dir='ltr'><strong>II</strong></span> <span class='ocrx_word' id='word_1_959' title='bbox 2893 3575 2952 3618; x_wconf 87' lang='lat' dir='ltr'><strong>id.</strong></span> 
     </span>
     <span class='ocr_line' id='line_1_137' title="bbox 1615 3629 2952 3684; baseline -0.001 -9"><span class='ocrx_word' id='word_1_960' title='bbox 1615 3632 1742 3676; x_wconf 85' lang='lat' dir='ltr'><strong>Febr.</strong></span> <span class='ocrx_word' id='word_1_961' title='bbox 1774 3631 2042 3677; x_wconf 78' lang='lat' dir='ltr'><strong>Antioohiae</strong></span> <span class='ocrx_word' id='word_1_962' title='bbox 2075 3629 2151 3675; x_wconf 92' lang='lat' dir='ltr'><strong>CC.</strong></span> <span class='ocrx_word' id='word_1_963' title='bbox 2184 3644 2328 3676; x_wconf 68' lang='lat' dir='ltr'><strong>cons-9.</strong></span> <span class='ocrx_word' id='word_1_964' title='bbox 2737 3635 2793 3684; x_wconf 91' lang='lat' dir='ltr'><strong>[a.</strong></span> <span class='ocrx_word' id='word_1_965' title='bbox 2826 3632 2952 3683; x_wconf 82' lang='lat'>300?]</span> 
     </span>
    </p>
   </div>
   <div class='ocr_carea' id='block_1_15' title="bbox 1780 3802 2786 3927">
    <p class='ocr_par' dir='ltr' id='par_1_32' title="bbox 1780 3802 2786 3927">
     <span class='ocr_line' id='line_1_138' title="bbox 2182 3802 2375 3854; baseline 0.016 -3"><span class='ocrx_word' id='word_1_966' title='bbox 2182 3802 2375 3854; x_wconf 72' lang='grc' dir='ltr'><strong>ΧΧΙΙ.13</strong></span> 
     </span>
     <span class='ocr_line' id='line_1_139' title="bbox 1780 3882 2786 3927; baseline -0.004 0"><span class='ocrx_word' id='word_1_967' title='bbox 1780 3886 1854 3927; x_wconf 84' lang='lat' dir='ltr'><strong>AD</strong></span> <span class='ocrx_word' id='word_1_968' title='bbox 1883 3884 2084 3925; x_wconf 85' lang='lat' dir='ltr'><strong>LEGEM</strong></span> <span class='ocrx_word' id='word_1_969' title='bbox 2115 3883 2446 3925; x_wconf 85' lang='lat' dir='ltr'><strong>CORNELIAM</strong></span> <span class='ocrx_word' id='word_1_970' title='bbox 2474 3884 2550 3924; x_wconf 92' lang='lat' dir='ltr'><strong>DE</strong></span> <span class='ocrx_word' id='word_1_971' title='bbox 2580 3882 2786 3924; x_wconf 79' lang='lat' dir='ltr'><strong>FALSIS.</strong></span> 
     </span>
    </p>
   </div>
   <div class='ocr_carea' id='block_1_16' title="bbox 1610 3964 2950 4190">
    <p class='ocr_par' dir='ltr' id='par_1_33' title="bbox 1610 3964 2950 4190">
     <span class='ocr_line' id='line_1_140' title="bbox 1670 3964 2949 4024; baseline -0.003 -13"><span class='ocrx_word' id='word_1_972' title='bbox 1670 3966 1694 4012; x_wconf 88' lang='lat'>1</span> <span class='ocrx_word' id='word_1_973' title='bbox 1740 3964 1854 4024; x_wconf 85' lang='lat' dir='ltr'><strong>Imp.</strong></span> <span class='ocrx_word' id='word_1_974' title='bbox 1895 3966 2150 4010; x_wconf 85' lang='lat' dir='ltr'><strong>Antoninus</strong></span> <span class='ocrx_word' id='word_1_975' title='bbox 2187 3968 2238 4011; x_wconf 94' lang='lat' dir='ltr'><strong>A.</strong></span> <span class='ocrx_word' id='word_1_976' title='bbox 2282 3965 2508 4013; x_wconf 85' lang='lat' dir='ltr'><strong>Severino.</strong></span> <span class='ocrx_word' id='word_1_977' title='bbox 2575 3964 2621 4008; x_wconf 90' lang='lat' dir='ltr'><strong>Si</strong></span> <span class='ocrx_word' id='word_1_978' title='bbox 2659 3965 2814 4020; x_wconf 84' lang='lat' dir='ltr'><strong>partus</strong></span> <span class='ocrx_word' id='word_1_979' title='bbox 2845 3965 2949 4008; x_wconf 86' lang='lat' dir='ltr'><strong>sub-</strong></span> 
     </span>
     <span class='ocr_line' id='line_1_141' title="bbox 1611 4020 2950 4080; baseline -0.003 -13"><span class='ocrx_word' id='word_1_980' title='bbox 1611 4024 1715 4067; x_wconf 89' lang='lat' dir='ltr'><strong>iecti</strong></span> <span class='ocrx_word' id='word_1_981' title='bbox 1746 4023 1909 4066; x_wconf 89' lang='lat' dir='ltr'><strong>crimen</strong></span> <span class='ocrx_word' id='word_1_982' title='bbox 1940 4022 2136 4067; x_wconf 87' lang='lat' dir='ltr'><strong>diversae</strong></span> <span class='ocrx_word' id='word_1_983' title='bbox 2176 4023 2296 4080; x_wconf 89' lang='lat' dir='ltr'><strong>parti</strong></span> <span class='ocrx_word' id='word_1_984' title='bbox 2332 4021 2528 4073; x_wconf 89' lang='lat' dir='ltr'><strong>obicitis,</strong></span> <span class='ocrx_word' id='word_1_985' title='bbox 2572 4033 2707 4064; x_wconf 88' lang='lat' dir='ltr'><strong>causa</strong></span> <span class='ocrx_word' id='word_1_986' title='bbox 2747 4020 2950 4075; x_wconf 81' lang='lat' dir='ltr'><strong>capitalis</strong></span> 
     </span>
     <span class='ocr_line' id='line_1_142' title="bbox 1610 4076 2950 4135; baseline -0.002 -13"><span class='ocrx_word' id='word_1_987' title='bbox 1610 4080 1656 4122; x_wconf 89' lang='grc'><strong>111</strong></span> <span class='ocrx_word' id='word_1_988' title='bbox 1686 4083 1858 4134; x_wconf 87' lang='lat' dir='ltr'><strong>tempus</strong></span> <span class='ocrx_word' id='word_1_989' title='bbox 1889 4079 2136 4134; x_wconf 86' lang='lat' dir='ltr'><strong>pubertatis</strong></span> <span class='ocrx_word' id='word_1_990' title='bbox 2166 4079 2291 4135; x_wconf 86' lang='lat' dir='ltr'><strong>pueri</strong></span> <span class='ocrx_word' id='word_1_991' title='bbox 2324 4077 2489 4120; x_wconf 83' lang='lat' dir='ltr'><strong>differri</strong></span> <span class='ocrx_word' id='word_1_992' title='bbox 2520 4089 2607 4119; x_wconf 89' lang='lat' dir='ltr'><strong>non</strong></span> <span class='ocrx_word' id='word_1_993' title='bbox 2638 4076 2802 4128; x_wconf 84' lang='lat' dir='ltr'><strong>debuit,</strong></span> <span class='ocrx_word' id='word_1_994' title='bbox 2835 4077 2950 4119; x_wconf 89' lang='lat' dir='ltr'><strong>sicut</strong></span> 
     </span>
     <span class='ocr_line' id='line_1_143' title="bbox 1611 4132 2945 4190; baseline -0.003 -11"><span class='ocrx_word' id='word_1_995' title='bbox 1611 4137 1698 4179; x_wconf 90' lang='lat' dir='ltr'><strong>iam</strong></span> <span class='ocrx_word' id='word_1_996' title='bbox 1737 4134 1905 4190; x_wconf 87' lang='lat' dir='ltr'><strong>pridem</strong></span> <span class='ocrx_word' id='word_1_997' title='bbox 1943 4134 2050 4178; x_wconf 91' lang='lat' dir='ltr'><strong>mihi</strong></span> <span class='ocrx_word' id='word_1_998' title='bbox 2090 4139 2134 4179; x_wconf 89' lang='lat' dir='ltr'><strong>et</strong></span> <span class='ocrx_word' id='word_1_999' title='bbox 2174 4135 2270 4179; x_wconf 88' lang='lat' dir='ltr'><strong>divo</strong></span> <span class='ocrx_word' id='word_1_1000' title='bbox 2302 4133 2460 4176; x_wconf 87' lang='lat' dir='ltr'><strong>Severo</strong></span> <span class='ocrx_word' id='word_1_1001' title='bbox 2497 4132 2613 4188; x_wconf 87' lang='lat' dir='ltr'><strong>patri</strong></span> <span class='ocrx_word' id='word_1_1002' title='bbox 2641 4145 2736 4175; x_wconf 89' lang='lat' dir='ltr'><strong>meo</strong></span> <span class='ocrx_word' id='word_1_1003' title='bbox 2766 4132 2945 4187; x_wconf 87' lang='lat' dir='ltr'><strong>placuit.</strong></span> 
     </span>
    </p>
   </div>
   <div class='ocr_carea' id='block_1_17' title="bbox 2407 4224 2636 4232">
    <p class='ocr_par' dir='ltr' id='par_1_34' title="bbox 2407 4224 2636 4232">
     <span class='ocr_line' id='line_1_144' title="bbox 2407 4224 2636 4232; baseline 0 0"><span class='ocrx_word' id='word_1_1004' title='bbox 2407 4224 2636 4232; x_wconf 95' lang='lat' dir='ltr'><strong> </strong></span> 
     </span>
    </p>
   </div>
   <div class='ocr_carea' id='block_1_18' title="bbox 2637 4227 2935 4232">
    <p class='ocr_par' dir='ltr' id='par_1_35' title="bbox 2637 4227 2935 4232">
     <span class='ocr_line' id='line_1_145' title="bbox 2637 4227 2935 4232; baseline 0 0"><span class='ocrx_word' id='word_1_1005' title='bbox 2637 4227 2935 4232; x_wconf 95' lang='lat' dir='ltr'><strong> </strong></span> 
     </span>
    </p>
   </div>
   <div class='ocr_carea' id='block_1_19' title="bbox 1609 4272 2951 4666">
    <p class='ocr_par' dir='ltr' id='par_1_36' title="bbox 1609 4272 2951 4666">
     <span class='ocr_line' id='line_1_146' title="bbox 1610 4272 2951 4330; baseline -0.002 -13"><span class='ocrx_word' id='word_1_1006' title='bbox 1610 4278 1829 4317; x_wconf 85' lang='lat' dir='ltr'><strong>teneantur</strong></span> <span class='ocrx_word' id='word_1_1007' title='bbox 1859 4276 1978 4318; x_wconf 82' lang='lat' dir='ltr'><strong>libri:</strong></span> <span class='ocrx_word' id='word_1_1008' title='bbox 2007 4278 2059 4330; x_wconf 71' lang='lat' dir='ltr'><strong>cf</strong></span> <span class='ocrx_word' id='word_1_1009' title='bbox 2081 4285 2159 4317; x_wconf 83' lang='lat' dir='ltr'><strong>not.</strong></span> <span class='ocrx_word' id='word_1_1010' title='bbox 2179 4285 2217 4317; x_wconf 83' lang='grc'><strong>12</strong></span> <span class='ocrx_word' id='word_1_1011' title='bbox 2270 4301 2272 4303; x_wconf 89' lang='lat'>·</span> <span class='ocrx_word' id='word_1_1012' title='bbox 2304 4275 2372 4325; x_wconf 88' lang='lat'>(11)</span> <span class='ocrx_word' id='word_1_1013' title='bbox 2402 4275 2460 4314; x_wconf 84' lang='lat' dir='ltr'><strong>sic</strong></span> <span class='ocrx_word' id='word_1_1014' title='bbox 2478 4274 2567 4324; x_wconf 65' lang='lat' dir='ltr'><strong>Th„</strong></span> <span class='ocrx_word' id='word_1_1015' title='bbox 2597 4272 2823 4313; x_wconf 86' lang='lat' dir='ltr'><strong>subiciatur</strong></span> <span class='ocrx_word' id='word_1_1016' title='bbox 2855 4274 2951 4314; x_wconf 85' lang='lat' dir='ltr'><strong>libri</strong></span> 
     </span>
     <span class='ocr_line' id='line_1_147' title="bbox 1610 4329 2946 4384; baseline -0.004 -10"><span class='ocrx_word' id='word_1_1017' title='bbox 1610 4333 1683 4384; x_wconf 80' lang='lat'>(12)</span> <span class='ocrx_word' id='word_1_1018' title='bbox 1715 4331 1855 4372; x_wconf 87' lang='lat' dir='ltr'><strong>bestiis</strong></span> <span class='ocrx_word' id='word_1_1019' title='bbox 1882 4331 2016 4383; x_wconf 89' lang='lat' dir='ltr'><strong>primo</strong></span> <span class='ocrx_word' id='word_1_1020' title='bbox 2045 4344 2207 4384; x_wconf 88' lang='lat' dir='ltr'><strong>quoque</strong></span> <span class='ocrx_word' id='word_1_1021' title='bbox 2236 4343 2403 4370; x_wconf 87' lang='lat' dir='ltr'><strong>munero</strong></span> <span class='ocrx_word' id='word_1_1022' title='bbox 2433 4329 2649 4377; x_wconf 86' lang='lat' dir='ltr'><strong>obiciatur,</strong></span> <span class='ocrx_word' id='word_1_1023' title='bbox 2680 4329 2786 4369; x_wconf 88' lang='lat' dir='ltr'><strong>liber</strong></span> <span class='ocrx_word' id='word_1_1024' title='bbox 2810 4332 2946 4369; x_wconf 88' lang='lat' dir='ltr'><strong>autem</strong></span> 
     </span>
     <span class='ocr_line' id='line_1_148' title="bbox 1610 4384 2945 4437; baseline -0.002 -8"><span class='ocrx_word' id='word_1_1025' title='bbox 1610 4388 1685 4429; x_wconf 92' lang='lat' dir='ltr'><strong>sub</strong></span> <span class='ocrx_word' id='word_1_1026' title='bbox 1724 4388 1801 4427; x_wconf 87' lang='lat' dir='ltr'><strong>hac</strong></span> <span class='ocrx_word' id='word_1_1027' title='bbox 1837 4388 1967 4427; x_wconf 87' lang='lat' dir='ltr'><strong>forma</strong></span> <span class='ocrx_word' id='word_1_1028' title='bbox 1995 4387 2041 4427; x_wconf 88' lang='lat' dir='ltr'><strong>in</strong></span> <span class='ocrx_word' id='word_1_1029' title='bbox 2070 4388 2215 4428; x_wconf 85' lang='lat' dir='ltr'><strong>ludum</strong></span> <span class='ocrx_word' id='word_1_1030' title='bbox 2246 4387 2363 4426; x_wconf 83' lang='lat' dir='ltr'><strong>detur</strong></span> <span class='ocrx_word' id='word_1_1031' title='bbox 2392 4384 2704 4437; x_wconf 86' lang='lat' dir='ltr'><strong>gladiatorium,</strong></span> <span class='ocrx_word' id='word_1_1032' title='bbox 2741 4387 2800 4436; x_wconf 85' lang='lat' dir='ltr'><strong>ut,</strong></span> <span class='ocrx_word' id='word_1_1033' title='bbox 2831 4387 2945 4426; x_wconf 85' lang='lat' dir='ltr'><strong>ante—</strong></span> 
     </span>
     <span class='ocr_line' id='line_1_149' title="bbox 1612 4441 2945 4496; baseline -0.002 -12"><span class='ocrx_word' id='word_1_1034' title='bbox 1612 4456 1733 4496; x_wconf 87' lang='lat' dir='ltr'><strong>quam</strong></span> <span class='ocrx_word' id='word_1_1035' title='bbox 1763 4442 1923 4494; x_wconf 82' lang='lat' dir='ltr'><strong>aliquid</strong></span> <span class='ocrx_word' id='word_1_1036' title='bbox 1950 4443 2088 4494; x_wconf 82' lang='lat' dir='ltr'><strong>faciat,</strong></span> <span class='ocrx_word' id='word_1_1037' title='bbox 2118 4443 2256 4495; x_wconf 87' lang='lat' dir='ltr'><strong>gladio</strong></span> <span class='ocrx_word' id='word_1_1038' title='bbox 2286 4443 2560 4482; x_wconf 88' lang='lat' dir='ltr'><strong>consumatur.</strong></span> <span class='ocrx_word' id='word_1_1039' title='bbox 2608 4454 2675 4481; x_wconf 85' lang='lat' dir='ltr'><strong>eos</strong></span> <span class='ocrx_word' id='word_1_1040' title='bbox 2693 4443 2841 4490; x_wconf 81' lang='lat' dir='ltr'><strong>autem,</strong></span> <span class='ocrx_word' id='word_1_1041' title='bbox 2872 4441 2945 4493; x_wconf 87' lang='lat' dir='ltr'><strong>qui</strong></span> 
     </span>
     <span class='ocr_line' id='line_1_150' title="bbox 1609 4496 2945 4554; baseline -0.003 -14"><span class='ocrx_word' id='word_1_1042' title='bbox 1609 4513 1684 4554; x_wconf 86' lang='lat' dir='ltr'><strong>pro</strong></span> <span class='ocrx_word' id='word_1_1043' title='bbox 1713 4500 1791 4539; x_wconf 91' lang='lat' dir='ltr'><strong>hoc</strong></span> <span class='ocrx_word' id='word_1_1044' title='bbox 1821 4499 1993 4540; x_wconf 83' lang='lat' dir='ltr'><strong>crimine</strong></span> <span class='ocrx_word' id='word_1_1045' title='bbox 2021 4499 2104 4540; x_wconf 88' lang='lat' dir='ltr'><strong>iam</strong></span> <span class='ocrx_word' id='word_1_1046' title='bbox 2132 4500 2177 4538; x_wconf 89' lang='lat' dir='ltr'><strong>in</strong></span> <span class='ocrx_word' id='word_1_1047' title='bbox 2206 4496 2418 4538; x_wconf 86' lang='lat' dir='ltr'><strong>metallum</strong></span> <span class='ocrx_word' id='word_1_1048' title='bbox 2449 4496 2534 4536; x_wconf 88' lang='lat' dir='ltr'><strong>dati</strong></span> <span class='ocrx_word' id='word_1_1049' title='bbox 2563 4499 2681 4547; x_wconf 86' lang='lat' dir='ltr'><strong>sunt,</strong></span> <span class='ocrx_word' id='word_1_1050' title='bbox 2720 4509 2945 4549; x_wconf 86' lang='lat' dir='ltr'><strong>numquam</strong></span> 
     </span>
     <span class='ocr_line' id='line_1_151' title="bbox 1610 4553 2944 4608; baseline -0.002 -12"><span class='ocrx_word' id='word_1_1051' title='bbox 1610 4555 1794 4597; x_wconf 80' lang='lat' dir='ltr'><strong>revocari</strong></span> <span class='ocrx_word' id='word_1_1052' title='bbox 1821 4555 2094 4607; x_wconf 85' lang='lat' dir='ltr'><strong>praecipimus</strong></span> <span class='ocrx_word' id='word_1_1053' title='bbox 2130 4555 2202 4595; x_wconf 70' lang='lat' dir='ltr'><strong>Th.</strong></span> <span class='ocrx_word' id='word_1_1054' title='bbox 2317 4554 2390 4606; x_wconf 86' lang='lat'><strong>(13)</strong></span> <span class='ocrx_word' id='word_1_1055' title='bbox 2422 4553 2464 4593; x_wconf 89' lang='grc' dir='ltr'><em>Β</em></span> <span class='ocrx_word' id='word_1_1056' title='bbox 2497 4555 2562 4606; x_wconf 84' lang='grc'><strong>60,</strong></span> <span class='ocrx_word' id='word_1_1057' title='bbox 2592 4561 2645 4606; x_wconf 69' lang='grc'><strong>41,</strong></span> <span class='ocrx_word' id='word_1_1058' title='bbox 2676 4561 2720 4594; x_wconf 87' lang='grc'><strong>36</strong></span> <span class='ocrx_word' id='word_1_1059' title='bbox 2750 4568 2858 4608; x_wconf 80' lang='lat' dir='ltr'><strong>seqq.</strong></span> <span class='ocrx_word' id='word_1_1060' title='bbox 2889 4576 2944 4583; x_wconf 90' lang='lat'><strong>-—</strong></span> 
     </span>
     <span class='ocr_line' id='line_1_152' title="bbox 1617 4611 1979 4666; baseline 0 -14"><span class='ocrx_word' id='word_1_1061' title='bbox 1617 4613 1678 4666; x_wconf 89' lang='lat' dir='ltr'><strong>Cf.</strong></span> <span class='ocrx_word' id='word_1_1062' title='bbox 1710 4611 1808 4666; x_wconf 74' lang='lat' dir='ltr'><strong>Diq.</strong></span> <span class='ocrx_word' id='word_1_1063' title='bbox 1840 4612 1908 4664; x_wconf 77' lang='lat'><strong>48,</strong></span> <span class='ocrx_word' id='word_1_1064' title='bbox 1939 4620 1979 4653; x_wconf 86' lang='lat'><strong>10</strong></span> 
     </span>
    </p>
   </div>
  </div>
 </body>
</html>
