3054 4796
149 171 241 221 VII
286 169 359 217 14.
401 167 461 214 15

143 326 250 360 suae
299 309 421 354 reddi
473 320 571 351 eum
619 302 794 348 efficiet.
840 310 843 313 ·
877 302 922 348 S.
969 313 1060 346 1111
1103 298 1162 343 id.
1209 294 1331 403 Ian.¹
1369 294 1469 401 ἐξ]

143 381 283 413 conss.
1261 405 1272 416 ·
1296 365 1335 394 a·

197 421 225 467 5
268 419 390 463 Idem
427 417 518 461 AA.
559 419 604 458 et
634 411 710 456 00.
746 411 979 457 Crescenti.
1047 408 1275 453 Defamari
1304 408 1470 449 statum

140 479 422 532 ingenuorum
462 483 540 514 seu
578 480 726 511 errore
764 480 843 511 seu
882 465 1153 520 malignitate
1194 460 1470 525 quorundam

140 531 414 589 periniquum
454 530 539 577 est,
579 523 840 578 praesertim
876 535 973 566 cum
1003 520 1206 563 adfirmes
1237 517 1309 559 diu
1341 527 1467 580 prae-

141 588 275 632 sidem
311 596 444 628 unum
479 583 611 634 atque
650 579 836 621 alterum
864 576 1192 631 interpellatum
1223 584 1251 614 a
1279 577 1323 615 te
1352 584 1469 614 voci—

140 647 260 687 tasse
298 639 507 683 diversam
547 636 738 689 partem,
777 638 828 675 ut
866 629 1258 675 contradictionem
1285 627 1469 680 faceret,

145 704 163 741 1
224 697 263 739 si
300 690 624 738 defensionibus
664 689 756 731 suis
796 687 1048 730 confideret.
1124 684 1251 728 Unde
1295 685 1473 747 constat

141 752 296 798 merito
335 753 548 792 rectorem
583 739 837 799 provinciae
877 744 1143 785 commotum
1183 739 1470 794 adlegatiom-

139 811 223 852 bus
258 806 345 849 tuis
385 800 645 846 sententiam
674 798 861 849 dedisse,
901 810 958 841 ne
988 796 1042 840 de
1074 800 1219 840 cetero
1248 795 1471 850 inquietu-

141 868 165 908 2
222 861 363 904 dinem
401 857 654 901 sustineres.
725 854 772 898 Si
806 854 941 919 igitur
979 852 1126 896 adhuc
1163 852 1339 895 diversa
1367 862 1472 906 pars

140 917 387 975 perseverat
435 913 479 962 in
528 911 680 954 eadem
724 909 1040 963 obstinatione,
1094 907 1240 951 aditus
1292 918 1472 970 praes-es

139 971 386 1029 provinciae
415 970 471 1012 ab
501 967 663 1010 iniuria
692 965 929 1021 temperari
957 964 1211 1021 praecipiet.
1267 963 1322 1007 D.
1345 962 1471 1021 prid.

140 1041 240 1072 non.
272 1024 414 1084 April.
446 1024 536 1067 ΛΑ.
568 1036 712 1066 conss.
1284 1023 1340 1071 [a.
1368 1020 1471 1083 293]

196 1081 226 1129 6
257 1080 380 1125 Idem
408 1080 500 1123 ΛΑ.
531 1083 576 1123 et
606 1076 683 1122 CC.
715 1076 951 1135 Dionysio.
1020 1076 1211 1120 Scientis
1250 1074 1471 1118 condic1o·

139 1151 239 1183 nem
280 1137 463 1183 liberum
505 1147 595 1178 non
636 1145 768 1189 posse
810 1133 906 1176 fieri
946 1145 1120 1176 servum
1158 1129 1475 1175 evidentissimi

140 1195 246 1238 iuris
287 1197 363 1236 est.
431 1203 530 1234 cum
568 1190 702 1244 igitur
737 1201 962 1244 proponas
992 1194 1161 1244 patrem
1191 1186 1471 1252 pupillorum,

141 1261 324 1307 quorum
364 1246 570 1303 precibus
612 1245 760 1288 fecisti
798 1246 1086 1298 mentionem,
1130 1243 1248 1287 velut
1285 1244 1473 1306 liberum

140 1312 184 1349 te
212 1316 344 1360 penes
374 1315 420 1346 se
444 1301 667 1353 habuisse,
697 1301 1001 1351 ministerium,
1031 1300 1136 1343 licet
1157 1300 1204 1342 in
1228 1301 1334 1341 actu
1354 1298 1474 1351 longi

139 1359 369 1416 temporis,
407 1370 494 1401 non
533 1356 827 1412 praecedente
866 1369 972 1400 vero
1009 1356 1160 1409 titulo,
1204 1355 1364 1410 quibus
1396 1354 1472 1417 do·

139 1417 271 1459 minia
309 1414 463 1470 quaeri
501 1413 664 1467 solent,
704 1416 877 1456 mutare
908 1417 1031 1455 tuam
1063 1410 1365 1454 condicionem
1394 1422 1474 1452 mi-

138 1473 254 1515 nime
315 1469 439 1514 otuit.
500 1467 545 1512 S.
588 1480 657 1511 VII
683 1467 726 1512 lc.
757 1467 868 1512 Mai.
899 1468 991 1512 ΛΑ.
1024 1480 1166 1511 conss.
1284 1471 1341 1517 [a.
1375 1467 1473 1516 293]

196 1524 224 1572 7
283 1525 394 1569 'dem
431 1525 523 1568 ΑΑ.
569 1529 614 1568 et
654 1522 730 1568 00.
771 1523 1028 1567 Matronae.
1097 1522 1145 1566 Si
1182 1526 1227 1565 te
1266 1534 1320 1565 ac
1360 1520 1474 1564 filios

138 1581 270 1626 tuos²
307 1582 521 1636 ingenuos
563 1591 659 1623 esse
699 1582 896 1631 constat,
941 1579 1156 1624 natalium
1194 1578 1357 1621 veritas
1398 1589 1475 1620 vos

140 1642 302 1682 tuetur.
376 1650 477 1680 nam
528 1636 604 1691 qui
654 1635 875 1679 servitutis
919 1638 1118 1679 moverat
1160 1633 1475 1690 quaestionem,

140 1693 258 1749 apud
295 1695 397 1736 acta
437 1704 597 1736 causae
634 1691 930 1735 renuntiando
969 1691 1027 1734 ad
1056 1691 1343 1746 ingenuitatis
1372 1701 1475 1744 pro-

84 1754 87 1755 ’
139 1750 363 1792 bationem
391 1760 472 1792 nec
499 1759 662 1791 nocere
698 1747 933 1803 quicquam
962 1759 1043 1790 nec
1074 1746 1285 1802 prodesse
1314 1748 1475 1801 potest.

143 1804 187 1848 S.
220 1815 291 1848 XV
314 1804 356 1847 lc.
391 1803 476 1847 Iul.
507 1805 598 1846 ΑΑ.
631 1816 774 1846 conss.
1290 1806 1344 1853 [a.
1379 1803 1475 1852 293]

199 1856 229 1907 8
271 1858 395 1903 Idem
432 1860 524 1902 AA.
562 1863 607 1902 et
647 1857 724 1902 00.
769 1857 1085 1916 Callimorpho.
1153 1858 1338 1912 Ingenui
1374 1869 1476 1900 nas·
1525 1853 1532 1858 ’

144 1917 317 1966 cuntur,
342 1913 537 1958 libertini
563 1913 904 1957 manumissione
927 1917 1101 1957 tantum
1127 1913 1475 1960 constituuntur:

142 1975 323 2027 pactum
352 1975 498 2013 autem
527 1982 607 2012 nec
637 1972 775 2013 servis
805 1982 886 2012 nec
915 1969 1130 2013 libertinis
1160 1968 1478 2024 ingenuitatem

144 2025 349 2080 adsignat
376 2037 458 2069 nec
487 2025 568 2078 hiS,
601 2026 676 2080 qui
704 2025 997 2069 transactioni
1024 2038 1112 2069 non
1142 2029 1476 2076 consenserunt,

145 2082 377 2137 quicquam
415 2080 721 2136 praeiudicare
759 2086 920 2136 potest.
980 2080 1024 2124 S.
1061 2093 1146 2124 ΠΙ]
1175 2080 1218 2124 lc.
1251 2080 1352 2124 Ian.
1380 2082 1476 2187 29⁴4]

144 2149 286 2181 conss.
1290 2140 1345 2189 [a.
1437 2140 1458 2177 3

199 2189 230 2238 9
262 2190 386 2235 Idem
415 2192 506 2235 AA.
538 2196 583 2235 et
613 2189 689 2235 00.
723 2191 965 2235 Potamonz’
977 2192 1005 2235 ³.
1075 2190 1309 2235 Libertina
1337 2194 1478 2235 matre

143 2249 420 2303 procreatam
470 2247 671 2301 ingenuis
724 2246 849 2290 nasci
900 2247 1124 2290 natalibus
1169 2247 1379 2290 evidentis
1424 2259 1478 2290 ac

148 2307 163 2345 1
225 2301 447 2345 manifesti
486 2303 593 2344 iuris
632 2306 712 2345 est.
784 2302 892 2346 Cum
930 2303 1063 2356 igitur
1100 2307 1145 2345 te
1174 2307 1315 2345 matre
1344 2303 1476 2345 liber-

141 2357 235 2400 tina
264 2357 445 2409 editam,
487 2358 644 2400 dehinc
684 2357 739 2399 ab
772 2358 973 2401 hostibus
1004 2362 1178 2411 captam
1208 2358 1476 2412 postliminio

139 2424 357 2454 reversam
397 2424 622 2466 proponas
668 2416 713 2455 et
755 2425 872 2455 nunc
922 2413 1004 2456 tibi
1048 2413 1271 2456 servitutis
1313 2414 1477 2456 moveri

139 2467 449 2523 quaestionem,
482 2479 755 2522 consequens
786 2471 855 2511 est
883 2467 994 2510 adiri
1024 2468 1270 2523 praesidem
1297 2468 1475 2523 provin-

139 2524 254 2572 ciae,
300 2522 376 2587 qui
419 2523 472 2566 de
518 2534 654 2566 causa
694 2522 870 2567 liberali
909 2529 1147 2578 cognoscet
1180 2524 1274 2567 iure
1303 2524 1475 2568 laturus

138 2581 412 2631 sententiam,
444 2578 588 2621 sciens
620 2590 759 2634 neque
789 2579 1043 2622 huiusmodi
1072 2580 1225 2623 matris
1251 2579 1474 2623 condicio-

137 2646 237 2677 nem
278 2646 419 2689 neque
463 2634 761 2689 captivitatem
799 2636 985 2678 reversis
1031 2634 1085 2679 de
1126 2640 1246 2679 statu
1288 2636 1474 2691 pristino

144 2690 378 2745 quicquam
406 2702 536 2744 posse
565 2690 810 2734 detrahere.

197 2744 261 2791 10
293 2743 416 2788 Idem
444 2746 535 2787 AA.
561 2751 605 2788 et
637 2745 712 2790 00.
744 2745 1074 2790 Athenodorae.
1140 2746 1212 2790 Ad
1240 2760 1474 2802 recognos-

141 2799 302 2843 cendos
355 2799 550 2855 singulos
601 2802 777 2844 nomina
828 2807 1086 2857 comparata
1138 2803 1316 2858 publico
1371 2816 1476 2846 con-

140 2867 294 2908 sensu,
345 2855 402 2898 ob
446 2855 652 2899 celandos
695 2857 866 2900 natales
909 2857 1111 2912 ingenuis
1157 2859 1195 2900 si
1237 2861 1475 2911 mutentur,

143 2911 316 2953 minime
345 2916 494 2966 nocet,
534 2915 772 2968 natosque,
810 2913 916 2956 licet
943 2914 989 2956 in
1018 2913 1258 2958 ministerio
1290 2915 1475 2958 servitu·-

141 2966 217 3017 tis,
261 2966 426 3009 liberae
470 2967 740 3011 condicionis
783 2981 874 3012 non
918 2981 1068 3013 servos
1107 2970 1355 3025 possessio,
1399 2970 1477 3014 sed

139 3024 282 3065 status
311 3022 522 3076 ingenuos
553 3023 624 3066 edi
653 3023 842 3078 perficit.

196 3076 253 3122 11
292 3075 416 3120 Idem
445 3079 536 3121 ΑΛ.
575 3084 619 3122 et
651 3078 728 3123 CC.
760 3079 1005 3124 Maximae.
1077 3080 1122 3125 Si
1151 3087 1342 3125 vestram
1371 3095 1474 3138 pos-

137 3134 376 3176 sessionem
404 3133 553 3177 nullus
582 3136 829 3189 praecessit
856 3136 1027 3189 titulus,
1058 3137 1136 3181 sed
1162 3138 1342 3193 ingenui
1367 3151 1474 3182 con-

138 3188 280 3231 stituti
319 3201 476 3244 operas
515 3190 715 3234 mercede
753 3192 918 3247 placita
955 3192 1159 3247 locastis,
1211 3206 1293 3238 nec
1338 3195 1476 3238 statui

140 3244 371 3298 quicquam
399 3250 544 3289 vestro
576 3246 835 3301 derogatum
874 3252 1058 3299 est,nec
1087 3249 1144 3292 ad
1175 3251 1475 3294 conventionis

138 3298 402 3352 implendam
435 3300 566 3344 fidem
602 3303 870 3347 sollemniter
898 3316 1029 3359 agere
1057 3305 1366 3360 prohibemini.
1427 3305 1472 3350 S.

140 3367 243 3396 non.
275 3352 409 3398 Mart.
447 3356 522 3399 00.
556 3371 696 3401 conss.
1290 3366 1347 3414 [a.
1376 3365 1473 3414 294]

199 3406 263 3453 12
285 3408 407 3452 Idem
423 3413 512 3454 AA.
538 3418 581 3455 et
599 3412 674 3456 00.
693 3412 888 3466 Quietae.
929 3415 1000 3459 Ad
1023 3416 1284 3461 mutandum
1307 3418 1474 3462 liberae

141 3467 304 3506 statum
329 3467 604 3510 commissum
626 3469 761 3523 plagii
787 3471 895 3513 nihil
920 3474 1187 3527 promovet⁴,
1212 3474 1291 3517 sed
1307 3475 1472 3518 abduc-

140 3524 231 3584 tam
257 3520 439 3572 nataleS,
466 3522 624 3575 quibus
646 3528 753 3567 nata
777 3531 856 3579 est,
891 3531 995 3582 post
1018 3529 1137 3572 hunc
1163 3530 1297 3573 etiam
1321 3543 1475 3574 casum

141 3575 339 3618 obtinere
369 3577 584 3621 convenit.
632 3578 676 3622 S.
708 3591 775 3623 III
801 3580 963 3626 lc.I)e0.
993 3583 1070 3629 00.
1097 3598 1241 3628 conss.
1290 3590 1347 3638 [a.
1375 3590 1472 3638 294]

199 3628 261 3676 13
303 3629 427 3673 Idem
467 3633 559 3676 AA.
599 3641 644 3677 et
684 3633 760 3679 00.
799 3635 1066 3683 Menandro.
1139 3640 1382 3696 Ingenuum
1425 3655 1474 3686 se

140 3685 442 3750 contendendo
468 3700 553 3732 nec
576 3690 804 3761 probando
830 3705 919 3736 non
945 3695 1106 3739 amittit
1129 3697 1472 3742 libertinitatem.

139 3739 183 3783 S.
224 3752 297 3784 VJ!
321 3742 380 3785 id.
412 3742 516 3787 Dec.
552 3744 629 3789 60.
660 3760 802 3790 conss.
1299 3759 1344 3805 [a
1374 3758 1471 3807 294]

197 3795 260 3842 14
292 3795 417 3841 Idem
444 3800 536 3842 AA.
578 3805 623 3845 et
654 3800 730 3845 00.
762 3803 1003 3849 Aristoteli.
1074 3807 1224 3853 Status
1255 3809 1474 3865 ingenuae

139 3863 193 3894 ex
223 3865 273 3895 eo
304 3853 420 3906 solo,
462 3855 579 3909 quod
608 3857 728 3901 velut
756 3859 917 3903 ancilla
947 3865 1270 3917 sponsaliorum
1297 3867 1474 3910 nomine

139 3907 243 3950 data
281 3909 565 3964 proponitur,
604 3913 904 3967 praeiudicari
939 3919 1058 3962 nulla
1097 3922 1270 3965 ratione
1309 3927 1471 3977 potest.

139 3961 184 4006 S.
224 3974 294 4006 VII
319 3963 362 4007 lc.
394 3963 492 4010 Ian.
527 3966 604 4012 00.
637 3982 780 4013 conss,
1284 3980 1341 4029 [a.
1374 3981 1471 4030 294]

746 4084 871 4135 ΧΨ

314 4159 615 4204 COMMUNIA
645 4165 721 4205 DE
751 4165 1285 4214 MANUMIssmNIBUS.

196 4240 218 4287 1
257 4239 389 4300 ⁶Imp.
423 4241 703 4289 lastinianus
731 4247 781 4290 A.
815 4245 995 4293 Iuliano

276 4296 286 4307 .
389 4298 399 4307 .
1049 4265 1100 4308 p.
1156 4253 1401 4310 Sancimus,
1433 4257 1471 4300 si

137 4302 455 4352 proprietarius
498 4312 647 4354 servo,
697 4303 820 4347 cuius
865 4317 973 4348 usus

1034 4310 1187 4353 ructus
1233 4311 1291 4354 ad
1333 4313 1469 4356 alium

137 4490 187 4541 (1)
215 4491 270 4532 id.
296 4494 377 4534 ian.
404 4496 563 4549 scripsi,
591 4497 632 4539 k.
663 4498 746 4539 ian.
773 4499 828 4539 id.
856 4502 1029 4542 traditur
1092 4504 1147 4555 (2)
1177 4507 1270 4547 tuos
1297 4510 1369 4549 dm.
1388 4509 1477 4548 ΒΣ

140 4548 194 4595 (κ.
212 4551 275 4594 π.)
349 4550 402 4600 (3)
419 4554 637 4603 requiritur
666 4569 802 4595 nomen
826 4556 1003 4597 mulieris
1075 4560 1128 4609 (4)
1145 4563 1203 4601 sic
1223 4563 1266 4611 G,
1293 4576 1468 4603 commo-

142 4604 207 4638 vot
232 4602 340 4653 Pleb,
370 4608 595 4655 praemovit
629 4609 726 4659 R“?‚
757 4605 1002 4652 ἀντίκειται
1034 4615 1119 4652 ΒΣ
1134 4618 1269 4665 (mar.)
1352 4619 1408 4669 (5)
1428 4619 1469 4659 B

1464 140 1568 201 300

1945 157 2240 198 commonui
2274 128 2360 195 nn
2384 136 2886 199 mirumssmmssus

1552 292 1818 350 pertinebat,
1845 291 2096 339 libertatem
2124 293 2355 350 imposuit,
2385 305 2476 341 non
2505 294 2746 340 secundum
2774 294 2887 339 anti-

1554 361 1686 404 quam
1730 349 2080 395 observationem
2124 355 2168 394 et
2209 350 2462 394 libertatem
2504 350 2663 396 cadere
2699 356 2746 396 et
2788 363 2889 395 eum

1554 405 1649 448 sine
1689 403 1864 448 domino
1891 405 2086 462 intellegi
2113 417 2234 458 esse,
2274 403 2380 448 sed⁷
2410 416 2493 448 nec
2521 406 2708 451 inveniri
2735 419 2890 463 perso-

1553 471 1678 513 nam,
1721 459 1792 503 cui
1821 471 1893 504 res
1923 461 1981 504 ad
2009 474 2057 506 se
2085 461 2309 506 venientes
2339 459 2567 515 adquirat:
2608 463 2685 506 sed
2724 464 2763 507 si
2798 465 2890 506 tam

1554 515 1872 571 proprietarius
1904 529 2035 572 quam
2061 517 2418 562 usufructuarius
2441 515 2691 561 libertatem
2715 518 2756 562 ei
2785 531 2890 562 con-

1555 571 1796 615 sentientes
1824 571 2135 627 imposuerant,
2165 573 2297 629 pleno
2324 573 2421 615 iure
2442 571 2631 616 liberum
2654 585 2754 617 eum
2775 573 2893 618 effici

1556 629 1613 679 et,
1645 627 1684 669 si
1714 626 1819 681 quid
1846 631 2002 682 postea
2030 629 2116 673 sibi
2144 628 2414 683 adquisierit,
2452 629 2539 671 hoc
2566 628 2614 671 in
2642 629 2770 673 bonis
2800 629 2892 673 suis

1563 687 1576 725 1
1650 682 1827 726 habere.
1895 682 1973 727 Sin
2006 687 2169 728 'autem
2207 682 2528 739 proprietarius
2572 682 2720 727 solus⁸
2759 684 2892 729 liber-

1555 740 1693 781 tatem
1721 739 1981 794 imposuerit
2012 740 2344 784 usufructuario
2372 739 2549 782 minime
2579 739 2893 793 consentiente,

1558 795 1616 838 sit
1657 793 1832 849 quidem
1867 793 1962 846 ille,
2004 796 2078 851 qui
2107 795 2357 839 libertatem
2388 808 2415 838 a
2443 794 2738 850 proprietario
2768 806 2895 839 acce-

1557 850 1645 906 pit,
1682 850 1799 893 inter
1833 849 2018 894 libertos
2057 852 2337 907 proprietarii
2373 853 2716 895 connumeratus
2753 854 2818 904 et,
2858 851 2897 894 si

1558 905 1663 962 quid
1692 905 1739 948 in
1767 905 1910 949 medio
1940 907 2161 961 possedit,
2201 907 2287 951 hoc
2318 907 2403 951 sibi
2433 907 2657 961 adquirat.
2697 905 2783 950 sibi
2816 905 2896 950 ha-

1556 963 1685 1014 beat,
1730 973 1838 1005 suae
1880 963 2133 1016 posteritati
2175 963 2418 1018 relinquat,
2467 962 2587 1006 salvo
2631 964 2897 1018 patronatus

1557 1018 1654 1061 iure
1716 1030 1763 1060 er
1794 1017 1943 1060 omnia
1974 1018 2283 1073 custodiendo,
2322 1019 2410 1063 nisi
2448 1023 2493 1062 et
2531 1018 2618 1061 hoc
2658 1017 2699 1061 ei
2727 1018 2898 1074 legibus

1559 1082 1615 1121 ra
1693 1073 1808 1116 uerit
1834 1072 2079 1116 remissum.
2124 1074 2227 1130 Ipse
2254 1079 2403 1118 tamen
2431 1074 2619 1118 libertus
2650 1074 2779 1130 quasi
2806 1086 2897 1118 ser·

1557 1141 1638 1174 vus
1668 1129 1790 1185 apud
1818 1128 2197 1174 usufructuarium
2223 1135 2493 1186 permaneat,
2525 1130 2667 1174 donec
2690 1128 2898 1175 usufruc-

1557 1186 1731 1229 tuarius
1776 1185 1879 1228 vivit
1920 1184 1989 1228 vel
2032 1197 2138 1228 usus
2179 1186 2352 1230 fructus
2396 1199 2485 1230 non
2532 1185 2725 1241 legitimo
2769 1185 2898 1229 modo

1558 1243 1813 1298 peremptus
1850 1243 1932 1284 est.
2002 1241 2164 1286 etenim
2199 1241 2239 1285 si
2275 1242 2407 1286 finem
2446 1255 2554 1285 usus
2585 1242 2760 1285 fructus
2791 1254 2899 1296 quo-

1560 1309 1746 1353 cumque
1789 1296 1918 1339 modo
1965 1295 2175 1352 accipiat,
2219 1300 2328 1342 tunc
2370 1298 2564 1342 facultas
2604 1298 2646 1341 ei
2687 1297 2902 1341 tribuitur

1559 1367 1645 1410 quo
1686 1353 1894 1396 maluerit
1932 1351 2089 1406 degere
2127 1353 2272 1396 modo.
2338 1354 2376 1397 si
2414 1367 2518 1398 vero
2558 1353 2705 1397 adhuc
2744 1365 2900 1410 super-¹

1560 1411 1662 1454 stite
1701 1408 2034 1453 usufructuario
2077 1408 2133 1451 ab
2172 1409 2258 1451 hac
2293 1408 2393 1453 luce
2430 1409 2565 1453 fuerit
2602 1409 2788 1455 libertus
2816 1420 2901 1455 rex-

1560 1470 1748 1522 emptus,
1778 1463 2003 1508 hereditas
2034 1463 2130 1507 eius
2160 1464 2400 1519 legitimum
2429 1466 2650 1509 tramitem
2675 1469 2902 1521 sequatur.

1561 1527 1584 1564 2
1645 1522 1724 1564 Sin
1756 1525 1904 1564 autem
1932 1519 2293 1564 usufructuarius
2319 1522 2624 1565 tantummodo
2653 1520 2904 1566 libertatem

1559 1577 1831 1633 imposuerit,
1858 1577 1896 1619 si
1922 1575 2098 1632 quidem
2123 1576 2209 1620 hoc
2231 1577 2375 1628 modo,
2401 1581 2453 1620 ut
2475 1576 2605 1621 cedat
2625 1589 2711 1620 usu
2724 1576 2904 1621 fructu⁹

1561 1633 1874 1690 proprietario,
1914 1632 2218 1687 plenissimum
2257 1633 2325 1675 ius
2366 1633 2532 1676 habeat
2566 1633 2614 1676 in
2643 1645 2770 1676 servo
2800 1645 2903 1688 pro-·

1561 1689 1799 1745 prietarius
1830 1693 1876 1731 et
1904 1688 2050 1733 omnia
2079 1689 2121 1732 ei
2151 1701 2303 1732 servus
2333 1689 2539 1743 adquirat
2563 1689 2807 1736 secundum
2836 1701 2902 1740 ea,

1563 1759 1676 1800 quae
1726 1744 1992 1800 generaliter
2040 1744 2089 1787 in
2133 1757 2283 1788 servos
2329 1748 2374 1788 et
2417 1745 2616 1789 dominos
2664 1745 2906 1789 constituta

1564 1805 1621 1845 2a
1678 1806 1795 1844 sunt.
1856 1800 1934 1843 Sin
1971 1813 2074 1844 vero
2117 1801 2284 1854 gratias
2329 1801 2498 1856 agendo
2543 1800 2905 1844 usufructuarius

1564 1869 1664 1900 eum
1694 1858 1750 1901 ab
1779 1869 1866 1899 usu
1895 1856 2048 1899 fructu
2076 1856 2329 1899 liberaverit
2359 1862 2403 1899 et
2431 1857 2637 1900 libertate
2661 1857 2904 1909 donaverit,

1563 1917 1671 1956 tunc
1722 1918 1902 1956 maneat
1944 1912 2119 1967 quidem
2164 1924 2316 1955 servus
2360 1913 2655 1968 proprietario
2701 1925 2782 1956 suo
2826 1913 2904 1956 ad-

1563 1982 1718 2020 nexus,
1751 1969 1829 2012 sed
1858 1982 1948 2011 non
1976 1970 2220 2011 necessitas
2251 1969 2292 2011 ei
2320 1968 2596 2024 imponatur,
2630 1968 2770 2013 donec
2798 1969 2906 2012 vivit

1563 2025 1922 2069 usufructuarius
1951 2025 2020 2067 vel
2050 2037 2157 2068 usus
2187 2023 2360 2067 fructus
2391 2027 2596 2068 constare
2624 2027 2786 2081 potest,
2824 2025 2904 2068 ob-

1565 2093 1742 2125 servare
1764 2080 2107 2136 proprietarium
2133 2084 2177 2123 et
2192 2080 2407 2135 quaedam
2430 2081 2675 2124 ministeria
2699 2081 2740 2124 ei
2765 2080 2904 2124 adim-

1563 2137 1705 2192 plere,
1748 2136 1827 2180 sed
1868 2135 2038 2179 iudices
2082 2137 2222 2179 nostri
2266 2149 2365 2179 eum
2408 2136 2455 2179 in
2495 2137 2640 2191 quiete
2677 2139 2902 2180 tueantur.

1563 2195 1668 2248 post
1709 2192 2031 2236 usufructuarii
2059 2197 2207 2235 autem
2235 2196 2421 2235 mortem
2464 2193 2533 2235 vel
2579 2204 2688 2236 usus
2731 2191 2907 2236 fructus

1564 2260 1844 2304 quocumque
1882 2247 2010 2291 modo
2047 2247 2429 2302 interemptionem
2469 2252 2578 2290 tunc
2614 2247 2782 2291 serviat
2809 2247 2906 2304 qui·

1564 2306 1662 2348 dem
1692 2304 1867 2347 domino
1899 2306 1943 2346 et
1972 2303 2141 2356 omnia,
2183 2315 2293 2358 quae
2329 2303 2376 2345 in
2413 2303 2558 2346 medio
2591 2302 2648 2348 ad
2677 2315 2777 2347 eum
2804 2316 2905 2360 per-

1564 2360 1616 2402 2b
1674 2359 1876 2411 veniant,
1916 2358 2028 2402 haec
2068 2371 2149 2402 suo
2189 2358 2366 2402 domino
2396 2359 2614 2414 adquirat.
2673 2359 2735 2404 Et
2763 2359 2825 2404 sit
2851 2372 2908 2404 ex

1563 2417 1719 2457 nostra
1760 2414 2075 2458 constitutione
2113 2414 2226 2458 haec
2263 2415 2486 2470 separatio
2526 2414 2643 2459 inter
2681 2428 2832 2460 servos
2863 2419 2907 2461 et

1562 2471 1726 2515 liberos
1769 2473 1814 2513 et
1851 2482 1943 2513 non
1979 2470 2222 2514 secundum
2249 2470 2318 2514 ius
2350 2471 2579 2526 antiquum
2608 2471 2725 2515 idem
2754 2483 2907 2517 servus

1564 2531 1587 2568 3
1659 2531 1885 2569 remaneat
1928 2530 1973 2569 et
2015 2526 2185 2570 nullum
2230 2527 2439 2583 respiciat
2481 2527 2717 2571 dominum.
2791 2527 2908 2573 Illud

1563 2594 1739 2637 quoque
1767 2582 1871 2625 huic
1900 2581 1988 2635 legi
2016 2582 2254 2635 adicimus,
2294 2586 2346 2626 ut
2381 2583 2564 2639 explosa
2594 2584 2777 2639 antiqua
2804 2596 2906 2640 per-

1563 2651 1773 2681 sonarum
1818 2637 2066 2681 differentia
2108 2638 2243 2682 liceat
2294 2640 2555 2694 parentibus
2598 2645 2692 2684 tam
2733 2639 2907 2685 feminis

1564 2706 1696 2748 quam
1739 2694 1950 2737 masculis
1997 2694 2100 2737 filiis
2150 2695 2325 2738 filiabus
2369 2695 2458 2739 sive
2493 2695 2541 2739 in
2570 2696 2710 2740 sacris
2741 2697 2906 2740 consti-

1563 2750 1671 2793 tutis
1711 2751 1801 2793 sive
1839 2750 2130 2804 emancipatis
2162 2751 2476 2806 cuiuscumque
2513 2752 2677 2806 gradus
2723 2752 2907 2797 manda-

1562 2810 1658 2848 tum
1686 2805 1925 2860 imponere,
1957 2808 2177 2860 quatenus
2209 2819 2358 2850 servos
2387 2807 2433 2849 in
2462 2807 2710 2851 libertatem
2739 2809 2906 2864 produ-

1565 2862 1668 2904 cant
1706 2861 1796 2904 sive
1836 2860 1956 2916 apud
1993 2860 2183 2904 iudicem
2221 2863 2311 2904 sive
2337 2863 2383 2904 in
2414 2862 2554 2906 sacris
2585 2864 2786 2908 ecclesiis
2817 2865 2907 2908 sive

1564 2916 1804 2960 secundum
1842 2917 1977 2960 alium
2020 2929 2149 2972 quem
2187 2917 2420 2961 mandator
2449 2919 2640 2963 voluerit
2666 2919 2907 2975 legitimum
2973 2935 2976 2937 ’

1562 2972 1753 3016 modum.
1821 2986 1921 3016 cum
1959 2973 2076 3016 enim
2115 2976 2161 3016 et
2195 2973 2241 3016 in
2270 2974 2629 3018 successionibus
2659 2977 2704 3018 et
2730 2975 2778 3019 in
2807 2975 2905 3020 aliis

1562 3041 1704 3084 paene
1757 3029 1960 3072 omnibus
2016 3028 2139 3072 nulla
2191 3031 2262 3073 est
2311 3029 2427 3073 inter
2474 3030 2638 3075 liberos
2683 3030 2905 3084 discretio,

1564 3087 1740 3141 oportet
1774 3085 1858 3127 hoc
1898 3085 2124 3128 observari
2161 3088 2206 3128 et
2242 3086 2287 3128 in
2323 3086 2550 3141 praesenti
2581 3096 2689 3130 casu
2716 3087 2907 3132 maxime

1561 3153 1644 3195 pro
1673 3140 1893 3193 libertate,
1926 3153 2058 3196 quam
2089 3145 2132 3184 et
2164 3141 2313 3185 fovere
2343 3146 2388 3184 et
2415 3142 2530 3184 tueri
2558 3141 2770 3187 Romanis
2798 3143 2904 3200 legi-

1563 3197 1647 3239 bus
1678 3201 1722 3239 et
1750 3197 1990 3252 praecipue
2019 3201 2172 3240 nostro
2198 3197 2367 3240 numini
2388 3197 2612 3253 peculiare
2638 3203 2719 3245 est.
2765 3197 2821 3244 D.
2839 3210 2908 3244 xv

1561 3251 1604 3295 lc.
1622 3251 1767 3310 April.
1794 3251 2048 3310 Lampadio
2080 3259 2126 3296 et
2152 3251 2308 3297 Oreste
2336 3267 2400 3298 vv.
2433 3266 2494 3297 ec.
2526 3267 2670 3298 conss.
2717 3258 2774 3308 [a.
2806 3259 2905 3308 530]

1619 3306 1651 3352 2
1682 3306 1808 3352 Idem
1836 3309 1887 3351 A.
1921 3306 2104 3352 Iuliano
2127 3322 2210 3366 pp.
2271 3309 2319 3352 Si
2357 3309 2456 3365 quis
2495 3322 2621 3354 servo
2660 3323 2742 3355 suo
2770 3311 2905 3356 liber·-

1560 3366 1698 3407 tatem
1726 3364 1925 3419 imponat
1954 3363 2044 3408 sive
2078 3364 2126 3408 in
2163 3363 2352 3408 ecclesia
2381 3365 2472 3409 sive
2501 3365 2558 3409 ad
2587 3366 2818 3422 qualecum
2850 3380 2906 3411 ue

1561 3420 1757 3463 tribunal
1787 3420 1855 3463 vel
1884 3419 2004 3476 apud
2034 3433 2155 3475 eum,
2196 3420 2271 3476 qui
2308 3421 2558 3465 libertatem
2587 3423 2814 3478 imponere
2859 3435 2904 3467 e-

1560 3476 1689 3530 gibus
1728 3476 1867 3519 habet
1903 3476 2152 3528 licentiam,
2197 3477 2288 3520 sive
2330 3477 2378 3520 in
2413 3481 2678 3522 testamento
2707 3478 2778 3523 vel
2817 3479 2904 3524 alio

1561 3532 1714 3576 ultimo
1745 3532 1886 3586 elogio
1917 3531 2130 3575 directam
2159 3533 2228 3575 vel
2265 3531 2741 3588 fideicommissariam,
2781 3535 2904 3579 nullo

1563 3592 1787 3632 coartetur
1829 3588 1959 3631 modo
2003 3601 2156 3632 eorum
2199 3587 2276 3643 qui
2329 3588 2387 3631 ad
2429 3589 2681 3633 libertatem
2722 3591 2907 3635 veniunt

1562 3647 1753 3687 aetatem
1796 3643 2036 3698 requirere.
2108 3656 2251 3699 neque
2296 3644 2412 3687 enim
2457 3656 2556 3688 eum
2599 3646 2904 3690 tantummodo

1563 3700 1781 3743 civitatem
1809 3698 2055 3742 Romanam
2085 3698 2271 3755 adipisci
2299 3699 2515 3754 volumus,
2552 3701 2627 3766 qui
2655 3702 2797 3746 maior
2822 3702 2903 3746 tri-

1559 3756 1684 3811 ginta
1713 3755 1840 3798 annis
1871 3755 2029 3808 extitit,
2060 3755 2138 3798 sed
2195 3755 2532 3799 uemadmodum
2561 3770 2609 3800 in
2634 3757 2902 3802 ecclesiasti-

1562 3812 1625 3855 cis
1654 3810 1935 3855 libertatibus
1965 3823 2056 3854 non
2085 3816 2153 3854 est
2214 3810 2438 3867 uiusmodi
2462 3812 2621 3856 aetatis
2645 3811 2901 3867 differentia,

1559 3868 1623 3911 ita
1660 3867 1708 3910 in
1746 3866 1951 3910 omnibus
1990 3866 2293 3922 libertatibus,
2334 3879 2448 3923 quae
2488 3880 2515 3911 a
2546 3868 2732 3912 dominis
2760 3868 2901 3925 impo-

1560 3927 1727 3967 nuntur
1777 3922 1870 3966 sive
1921 3923 1969 3966 in
2020 3923 2227 3966 extremis
2280 3923 2644 3979 dispositionibus
2689 3924 2779 3968 sive
2820 3936 2901 3980 per

1558 3979 1727 4022 iudices
1755 3978 1826 4021 vel
1855 3977 1941 4021 alio
1972 3978 2166 4033 legitimo
2196 3978 2345 4031 modo,
2385 3979 2471 4023 hoc
2502 3979 2727 4023 observari
2754 3979 2899 4023 sanci-

1559 4047 1671 4088 mus,
1701 4036 1753 4077 ut
1773 4034 1862 4077 sint
1886 4047 2037 4078 omnes
2056 4035 2171 4078 cives
2186 4034 2378 4078 Romani
2402 4035 2653 4079 constituti:
2683 4034 2898 4090 amplian-

1559 4091 1658 4134 dam
1697 4089 1814 4133 enim
1851 4090 1991 4144 magis
2033 4090 2254 4134 civitatem
2292 4094 2490 4134 nostram
2531 4103 2663 4146 quam
2699 4090 2898 4134 minuen-

1558 4146 1659 4189 dam
1688 4157 1785 4188 esse
1815 4158 2057 4190 censemus.
2103 4145 2159 4189 D.
2190 4145 2233 4189 lc.
2256 4146 2372 4204 Auq.
2396 4145 2649 4204 Lampadio
2677 4150 2722 4189 et
2745 4143 2900 4190 Oreste

1556 4215 1620 4246 vv.
1652 4214 1713 4245 oc.
1745 4214 1889 4245 conss.
2709 4203 2766 4252 [a.
2798 4205 2897 4253 530]

1613 4253 1644 4303 3
1676 4255 1800 4300 Idem
1829 4259 1880 4300 A.
1913 4255 2112 4301 Iohanni
2130 4272 2216 4315 pp.
2285 4256 2333 4301 Si
2371 4256 2468 4313 quis
2497 4255 2592 4300 sine
2619 4267 2758 4299 uxore
2788 4269 2895 4300 con-

1556 4312 1739 4356 stitutus
1784 4313 1992 4356 ancillam
2035 4326 2161 4357 suam
2204 4312 2379 4357 nomine
2417 4311 2581 4355 habeat
2619 4311 2898 4356 concubinae

1554 4508 1622 4555 48,
1639 4516 1679 4548 19
1699 4529 1749 4536 —-
1773 4508 1836 4561 Cf.
1865 4508 1964 4563 Diq.
1991 4511 2059 4560 40,
2085 4519 2100 4551 1
2172 4510 2228 4561 (6)
2258 4510 2376 4560 {unqe
2406 4509 2443 4558 7,
2478 4516 2510 4557 7,
2541 4517 2557 4549 1
2638 4509 2693 4559 (7)
2721 4508 2792 4549 sed
2820 4523 2892 4550 om.

1554 4564 1641 4602 ΒΣ
1665 4565 1718 4613 (κ.
1736 4567 1800 4612 π.)
1928 4566 1985 4615 (8)
2016 4565 2126 4606 solus
2163 4580 2234 4606 om.
2266 4564 2354 4603 ΒΣ
2376 4563 2430 4613 (κ.
2448 4565 2513 4612 π.)
2641 4565 2699 4615 (9)
2735 4566 2794 4606 sic
2823 4566 2894 4604 Μ(ι

1555 4634 1639 4659 cum
1684 4619 1767 4657 ΒΣ
1800 4621 1960 4672 (mm),
2007 4633 2085 4661 usu
2125 4621 2305 4661 fructum
2349 4619 2400 4670 0,
2446 4630 2543 4658 usus
2581 4619 2741 4661 fructus
2780 4618 2894 4661 ΗΜ)
