3054 4796
147 176 224 221 D!
256 177 794 220 FIDEICOMMISSARIIS
828 178 1223 220 LIBERTATfflUS

145 333 151 336 ’
206 321 270 371 12
312 323 436 368 Idem
476 326 567 369 AA.
609 331 654 370 et
693 323 770 370 CC.
803 322 1007 369 Irenaeo,
1075 326 1146 368 Ex
1176 327 1307 371 verbo
1340 331 1482 372 ‘com-

147 380 350 424 ‘mendo'
390 385 652 426 testamento
692 381 760 425 vel
797 379 1011 425 codicillis
1057 395 1144 425 non
1183 383 1318 427 videri
1360 384 1481 428 fidei-

148 437 491 481 commissariam
535 438 783 481 libertatem
824 436 1023 480 relictam
1072 439 1336 483 auctoritate
1374 441 1482 484 iuris

147 493 412 537 declaratur.
460 493 505 536 S.
526 505 639 537 XVI!
660 493 702 537 lc.
721 491 829 536 Mai.
854 491 993 535 Sirmi
1012 491 1088 536 CC.
1114 507 1255 538 conss.
1309 500 1364 548 [a.
1384 500 1481 547 294]

205 546 268 595 13
301 548 426 593 Idem
455 551 546 593 AA.
581 555 626 593 et
656 549 732 594 CC.
763 547 1117 606 Pythaqoridae.
1179 550 1224 594 Si
1252 555 1310 605 te,
1345 553 1482 595 dona-

146 609 238 649 tam
281 611 384 649 ante
423 605 746 649 matrimonium
786 605 916 648 uxori
955 618 1081 658 suae,
1122 612 1223 661 post
1261 609 1302 652 ei
1338 609 1482 663 legato

144 662 298 705 relicto
351 661 600 706 manumitti
649 665 912 704 testamento
962 674 1037 704 seu
1084 663 1293 707 codicillis
1337 663 1482 708 verbis

145 718 360 773 precariis
390 731 418 762 a
441 717 774 762 successoribus
801 717 951 768 voluit,
979 723 1068 761 tam
1094 719 1174 762 hos
1201 719 1258 762 ad
1283 720 1482 775 redemp-

145 774 310 818 tionem
350 777 395 818 et
431 773 816 817 manumissionem
857 786 988 828 quam
1026 787 1140 828 eam,
1181 787 1294 831 quae
1330 776 1376 819 in
1409 788 1483 818 ca-

144 829 316 885 piendis
359 830 523 874 relictis
577 830 774 873 defuncti
829 831 1054 873 consensit
1107 832 1292 884 iudicio,
1344 830 1486 874 teneri

146 886 315 941 tibique
339 885 787 930 fideicommissariam
814 885 973 929 debere
990 888 1002 912 ¹
1027 886 1274 931 libertatem
1287 901 1376 932 non
1391 899 1483 930 am-

149 942 324 997 bigitur.
385 940 430 986 S.
471 954 540 985 Vll
567 941 626 984 id.
659 941 764 985 Dee.
799 940 876 985 CC.
911 956 1053 985 conss.
1297 947 1352 996 [a.
1385 946 1482 994 294]

204 997 269 1044 14
301 996 434 1056 ²Imp.
466 996 748 1040 lastinianus
778 1000 827 1041 A.
862 997 1044 1042 Iuliano
1075 1014 1157 1057 pp.
1229 1000 1338 1043 Cum
1370 1000 1485 1041 inter

143 1059 313 1098 veteres
344 1053 650 1106 dubitabatur,
691 1054 729 1097 si
758 1053 1206 1099 fideicommissariam
1236 1055 1485 1099 libertatem

146 1109 355 1164 possibile
399 1114 514 1154 esset
552 1109 742 1164 relinqui
782 1123 926 1163 servo,
970 1111 1044 1165 qui
1081 1112 1229 1155 adhuc
1256 1111 1303 1154 in
1333 1115 1484 1154 ventre

146 1169 399 1220 portaretur
438 1171 482 1209 et
519 1165 649 1209 homo
687 1165 784 1209 fieri
813 1173 1090 1222 speraretur,
1126 1181 1208 1211 nos
1238 1169 1363 1211 vetus
1393 1165 1484 1209 iur-

143 1223 261 1276 gium
290 1221 541 1265 decidentes
571 1221 789 1265 libertatis
820 1223 972 1266 favore
1011 1236 1238 1267 censemus
1279 1227 1324 1266 et
1361 1221 1486 1265 fidei-

144 1277 486 1321 commissariam
536 1291 618 1321 nec
662 1292 752 1322 non
804 1279 1016 1322 directam
1069 1279 1318 1325 libertatem
1361 1291 1487 1322 suam

143 1333 395 1376 firmitatem
437 1334 601 1377 habere
642 1335 731 1378 sive
769 1335 815 1378 in
853 1336 1050 1379 masculo
1092 1335 1183 1379 sive
1220 1336 1267 1378 in
1308 1334 1484 1388 femina,

144 1402 255 1444 quae
279 1390 427 1433 adhuc
450 1390 496 1433 in
512 1395 665 1433 ventre
681 1392 895 1434 vehatur⁸
921 1396 1136 1444 materno,
1162 1395 1213 1434 ut
1234 1403 1334 1434 cum
1353 1390 1485 1433 liber-

143 1451 235 1489 tate
264 1446 398 1490 solem
428 1446 653 1502 respiciat,
685 1447 768 1491 etsi
797 1453 938 1490 mater
967 1460 1050 1491 sua
1078 1447 1225 1490 adhuc
1263 1447 1311 1489 in
1350 1447 1485 1490 servi-

152 1507 162 1543 1
226 1506 323 1546 tute
359 1505 571 1546 constans
610 1516 710 1546 eum
738 1505 807 1547 vel
847 1516 943 1547 eam
972 1503 1170 1546 ediderit.
1230 1502 1308 1546 Sin
1338 1506 1486 1545 autem

142 1558 291 1613 plures
333 1560 470 1602 creati
499 1561 567 1603 vel
597 1562 774 1603 creatae
804 1560 912 1614 sint,
950 1559 1041 1602 sive
1070 1559 1201 1601 unius
1231 1557 1338 1602 fecit
1364 1571 1485 1601 men-

143 1614 307 1657 tionem
332 1615 420 1658 sive
443 1616 674 1670 pluraliter
697 1614 982 1670 nuncupavit,
1015 1614 1152 1657 nihilo
1173 1614 1318 1658 minus
1335 1627 1486 1658 omnes

142 1670 200 1713 ad
235 1670 483 1715 libertatem
520 1672 578 1714 ad
607 1672 751 1726 prima
785 1671 964 1714 veniant
1003 1670 1228 1713 cunabula
1240 1671 1271 1722 ⁴,
1311 1684 1410 1713 cum
1440 1670 1487 1713 in

142 1726 357 1782 ambiguis
397 1727 599 1771 sensibus
636 1726 792 1775 melius
832 1731 919 1777 est,
959 1729 1004 1768 et
1042 1727 1231 1768 maxime
1271 1726 1316 1768 in
1351 1725 1484 1768 liber-

141 1784 254 1835 tate,
292 1782 444 1826 favore
481 1783 576 1826 eius
616 1781 921 1824 humaniorem
960 1781 1168 1835 amplecti
1206 1781 1485 1825 sententiam.

139 1837 195 1882 D.
247 1836 290 1881 lc.
335 1838 428 1881 Oct.
482 1836 876 1895 Constantinopoli
922 1835 1176 1894 Lampadio
1230 1842 1276 1880 et
1331 1835 1486 1880 Oreste

139 1907 204 1939 vv.
235 1905 295 1936 co.
327 1906 472 1936 conss.
1296 1896 1354 1945 [a.
1386 1895 1485 1944 530]

196 1946 259 1993 15
294 1946 440 1992 ¹⁵Idem
468 1950 520 1992 A.
553 1946 735 1990 Iuliano
799 1961 851 2005 p.
920 1947 1141 1991 Ancillam
1180 1960 1260 1992 seu
1295 1960 1484 2002 servum,

139 2004 270 2047 cumss
297 2003 704 2047 fideicommissaria
733 2004 764 2046 li
796 2008 916 2047 ertas
947 2003 1010 2047 eis
1039 2004 1196 2047 relicta
1224 2004 1305 2057 sit,
1339 2003 1485 2048 sanci-

137 2073 249 2112 mus,
280 2060 319 2104 si
347 2072 473 2107 mora
501 2072 528 2103 a
553 2059 753 2103 debitore
778 2059 1027 2103 libertatis⁷
1056 2060 1178 2104 facta
1204 2060 1353 2114 fuerit,
1384 2073 1484 2104 sen-

137 2116 279 2160 tentia
320 2116 537 2173 praesidis
583 2115 695 2171 eripi
734 2115 794 2159 ad
831 2116 1082 2161 libertatem
1121 2121 1165 2160 et
1203 2117 1326 2161 nullo
1362 2116 1484 2160 facto

139 2178 218 2215 aut
246 2172 472 2216 voluntate
501 2174 557 2216 ab
587 2171 751 2216 herede
780 2172 1071 2228 expectanda,
1103 2172 1211 2217 sed⁸
1240 2173 1374 2217 talem
1404 2173 1485 2216 ha-

140 2229 245 2272 bere
274 2241 351 2272 eos
379 2228 642 2280 libertatem,
675 2228 804 2284 quasi
832 2229 889 2272 ab
918 2228 1017 2285 ipso
1050 2232 1266 2274 testatore
1305 2229 1485 2273 directis

139 2284 283 2328 verbis
307 2284 476 2328 fuerint
499 2285 751 2328 libertatem
777 2285 1017 2338 consecuti,
1046 2299 1146 2329 cum
1169 2286 1278 2330 satis
1303 2286 1485 2342 impium

141 2345 275 2396 atque
313 2340 556 2386 absurdum
595 2346 662 2384 est
680 2372 682 2374 .
700 2341 886 2384 heredes
926 2342 1153 2385 testatoris
1194 2342 1372 2385 differre
1409 2354 1484 2385 vo-

139 2398 358 2450 luntates,
403 2397 592 2441 maxime
638 2398 769 2441 cum⁹
822 2397 879 2440 ad
932 2397 1182 2441 libertatem
1227 2397 1482 2453 respiciant.

139 2453 195 2498 D.
223 2453 265 2497 lc.
293 2452 385 2499 Oct.
412 2452 807 2512 Constantinopoli
822 2453 1075 2511 Lampadio
1098 2459 1144 2498 et
1162 2453 1318 2499 Oreste
1339 2468 1404 2498 vv.
1422 2466 1484 2497 co.

141 2523 285 2554 conss.
1314 2523 1354 2554 a.
1387 2513 1468 2553 530

199 2563 264 2612 16
301 2564 462 2609 ¹⁰Idem
490 2566 542 2609 A.
575 2564 758 2610 Iuliano
796 2581 874 2624 pp.
943 2566 990 2610 Si
1027 2566 1127 2622 quis
1158 2567 1205 2610 in
1234 2514 1316 2610 sud
1346 2513 1486 2610 testa-J-

139 2627 288 2666 mento
332 2621 550 2677 rogaverit
594 2635 724 2666 suum
767 2622 974 2666 heredem
1013 2635 1068 2666 ex
1106 2622 1258 2666 liberis
1297 2623 1486 2666 ancillae

141 2691 247 2723 suae
277 2691 409 2734 quam
437 2678 730 2722 nominaverit
752 2692 888 2722 unum
913 2691 1042 2734 quem
1067 2679 1248 2733 elegerit
1272 2679 1330 2722 ad
1352 2679 1485 2722 liber·

141 2740 277 2779 tat-em
315 2734 561 2791 perducere
600 2737 662 2788 et,
709 2748 808 2778 cum
848 2735 1012 2779 ancilla
1051 2749 1189 2778 unum
1227 2735 1295 2778 vel
1334 2735 1484 2791 plures

140 2791 270 2836 enixa
310 2794 398 2842 est,
435 2791 565 2834 heres
603 2803 746 2846 neque
785 2790 889 2834 dum
927 2793 1132 2846 superest
1159 2791 1206 2834 in
1234 2790 1486 2836 libertatem

139 2848 331 2903 aliquem
359 2845 593 2890 adduxerit
621 2847 701 2898 vel,
733 2860 833 2890 cum
862 2847 1099 2901 deliberat,
1139 2847 1236 2903 quis
1266 2847 1323 2890 ad
1351 2847 1484 2891 liber-

138 2909 275 2946 tatem
295 2901 608 2958 producendus
633 2905 715 2954 est,
739 2903 796 2946 ab
822 2902 908 2947 hac
930 2903 1030 2947 luce
1050 2903 1185 2947 fuerit
1207 2904 1483 2948 subtractus:

139 2959 428 3003 dubitabatur
457 2960 512 3002 ab
544 2959 758 3014 antiquis,
800 2965 1006 3003 utrumne
1036 2973 1187 3003 omnes
1219 2973 1278 3003 an
1307 2959 1486 3016 quidam

139 3020 220 3059 aut
254 3028 381 3059 nemo
422 3028 478 3059 ex
509 3015 579 3059 his
608 3017 666 3058 ad
695 3015 945 3060 libertatem
973 3017 1246 3072 perveniant.
1306 3017 1384 3061 sed
1412 3029 1484 3060 ve-

138 3072 245 3116 teris
275 3071 451 3126 quidem
478 3072 587 3115 iuris
619 3072 848 3116 altercatio
881 3073 1022 3116 multa
1052 3073 1138 3116 sibi
1166 3086 1302 3129 super
1329 3073 1483 3117 huius-

147 3132 163 3170 1
224 3127 344 3171 modi
373 3127 549 3171 casibus
578 3129 814 3171 resonavit.
867 3128 962 3172 Nos
997 3132 1150 3172 autem
1187 3129 1361 3172 heredis
1391 3142 1484 3172 ma-

140 3182 386 3237 lignitatem
428 3188 703 3234 coercentes,
748 3184 786 3226 si
825 3197 915 3227 non
952 3185 1224 3228 voluntatem
1259 3186 1486 3229 testatoris

143 3238 444 3294 adimpleverit
469 3243 512 3280 et
535 3251 652 3290 mox,
679 3252 781 3281 cum
801 3240 1012 3295 potuerit,
1037 3254 1127 3284 non
1149 3241 1330 3295 elegerit
1349 3255 1486 3284 unum

143 3307 198 3338 ex
226 3294 377 3337 liberis
409 3294 596 3337 ancillae
626 3299 672 3337 et
701 3307 800 3337 eum
824 3294 1031 3339 libertate
1063 3295 1308 3350 donaverit,
1338 3297 1485 3347 sanci-

141 3363 239 3395 mus
270 3350 474 3405 compelli
502 3363 592 3393 non
622 3350 764 3393 solum
794 3363 908 3403 eum,
939 3351 1016 3394 sed
1048 3351 1179 3393 etiam
1205 3351 1390 3395 heredes
1416 3353 1484 3395 vel

143 3418 424 3450 successores
475 3405 569 3449 eius
621 3418 771 3449 omnes
822 3406 1010 3450 ancillae
1060 3406 1223 3450 liberos
1263 3407 1311 3450 in
1352 3407 1484 3451 liber-

145 3466 170 3507 2
227 3467 363 3505 tatem
406 3461 664 3517 producere.
733 3462 886 3519 Neque
923 3462 1039 3506 enim
1083 3463 1168 3506 hoc
1213 3464 1486 3507 contrarium

143 3522 213 3562 est
241 3518 487 3562 sententiae
515 3518 762 3562 testatoris:
795 3532 895 3562 cum
925 3519 1040 3562 enim
1066 3519 1315 3563 omnimodo
1347 3531 1483 3575 quen-

145 3575 246 3618 dam
275 3586 329 3617 ex
357 3574 426 3618 his
455 3574 642 3619 liberum
667 3586 766 3619 esse
789 3575 1010 3631 disposuit
1040 3581 1083 3619 et
1112 3588 1200 3619 non
1230 3575 1286 3618 ad
1317 3580 1484 3619 certum

146 3643 324 3686 corpus,
366 3630 444 3674 sed
473 3630 531 3673 ad
561 3643 710 3674 omnes
740 3632 955 3687 respexit,
997 3631 1033 3675 si
1062 3644 1151 3675 non
1180 3635 1363 3687 paretur
1392 3631 1484 3675 eius

144 3686 381 3738 voluntati,
422 3686 516 3730 sine
556 3686 689 3730 dubio
729 3699 783 3730 ex
821 3689 1040 3731 sententia
1076 3688 1302 3732 testatoris
1333 3700 1484 3732 omnes

145 3747 169 3785 3
229 3742 286 3786 ad
319 3742 566 3786 libertatem
604 3743 876 3799 perveniunt.
946 3744 1226 3798 Similemque
1269 3756 1365 3788 esse
1409 3743 1483 3787 de-

143 3798 386 3841 finitionem
414 3811 662 3850 censemus,
703 3803 748 3842 et
779 3799 817 3843 si
847 3813 936 3843 non
967 3800 1022 3843 ab
1054 3799 1227 3854 herede,
1259 3799 1337 3843 sed
1367 3813 1393 3842 a
1421 3800 1483 3842 le-

143 3854 312 3910 gatario
342 3854 410 3898 vel
436 3854 842 3899 fideicommissario
879 3859 1069 3899 testator
1097 3857 1315 3911 rogaverit
1352 3856 1483 3899 liber-

145 3917 171 3953 4
228 3913 363 3953 tatem
405 3910 583 3965 imponi.
651 3911 724 3954 Sic
762 3912 921 3954 etenim
961 3913 1078 3956 iusto
1115 3912 1272 3956 timore
1300 3911 1482 3955 heredes

145 3967 215 4010 vel
243 3966 443 4022 legatarii
472 3967 540 4009 vel
568 3965 958 4011 fideicommissarii
996 3968 1219 4023 perterriti
1256 3972 1301 4011 et
1329 3968 1482 4012 volun-

143 4027 280 4066 tatem
318 4023 543 4066 testatoris
579 4022 816 4078 adimplere
852 4029 1094 4079 procurent
1123 4027 1169 4067 et
1197 4024 1284 4068 sibi
1311 4037 1400 4068 non
1430 4036 1483 4067 ex

145 4079 339 4123 omnium
360 4079 566 4122 libertate
585 4078 806 4133 quandam
828 4079 994 4123 adferri
1007 4080 1238 4135 patiantur
1251 4080 1481 4124 iacturam.

145 4135 263 4190 quod
301 4135 340 4179 si
375 4134 732 4189 reclamaverint,
778 4134 861 4178 sibi
897 4136 988 4178 tale
1028 4135 1305 4190 dispendium
1339 4136 1481 4192 impu-

144 4193 261 4246 tent,
300 4204 390 4235 non
420 4203 474 4234 ex
511 4195 666 4235 nostra
702 4190 811 4245 lege,
849 4191 928 4235 sed
966 4203 1022 4235 ex
1060 4204 1142 4236 sua
1178 4192 1377 4248 lugentes
1415 4192 1482 4235 in-

146 4331 196 4384 (1)
226 4331 370 4373 debere
399 4332 437 4375 0
455 4348 539 4374 cum
570 4334 657 4372 ΒΣ
684 4334 736 4383 (κ.
754 4332 834 4384 π.),
864 4331 1004 4373 deberi
1043 4333 1144 4374 VR.-
1184 4332 1330 4374 debere
1368 4334 1479 4375 intel-

148 4388 233 4442 1696
255 4397 427 4439 eatenus,
458 4399 501 4431 ut
524 4405 601 4430 non
627 4398 779 4430 recuset
801 4390 1103 4441 redemptionem
1209 4389 1265 4442 (2)
1295 4391 1413 4444 iunqe
1444 4392 1482 4441 6,

148 4452 206 4488 57.
237 4451 256 4484 6
288 4448 325 4484 e‘t
354 4459 386 4485 c.
409 4454 449 4487 15
481 4447 518 4486 h.
546 4454 570 4486 t.
660 4446 713 4497 (3)
743 4445 918 4484 vehatur
957 4445 1028 4496 V2,
1062 4444 1229 4486 vehitur
1263 4446 1306 4497 C,
1335 4445 1480 4486 habea-

148 4501 218 4538 tur
245 4498 343 4554 PR,
368 4500 542 4540 habetur
573 4501 624 4549 L,
663 4496 938 4555 βαστάζεται
971 4501 1060 4540 ΒΣ
1082 4502 1137 4552 (κ.
1153 4501 1220 4553 π.)
1341 4502 1395 4553 (4)
1425 4503 1483 4542 sic

164 4554 236 4595 VC
274 4569 359 4595 cum
396 4558 484 4596 ΒΣ
516 4559 572 4608 (κ.
588 4557 675 4609 π.),
719 4568 743 4596 a
779 4556 923 4608 primis
951 4556 1120 4596 veniant
1150 4557 1366 4597 cunabulis
1403 4557 1483 4598 PR

148 4610 205 4659 (5)
236 4611 353 4664 {unqe
381 4613 420 4662 6,
451 4621 507 4662 57,
537 4621 557 4653 6
589 4622 625 4654 et
654 4628 686 4652 c.
717 4622 756 4654 14
788 4614 823 4652 lz.
857 4622 879 4653 t.
1005 4611 1061 4664 (6)
1092 4613 1127 4651 si
1167 4612 1363 4654 Vcontra
1401 4614 1489 4652 ΒΣ

149 4665 206 4714 (κ.
221 4667 288 4715 π.)
371 4668 424 4718 (7)
452 4665 656 4708 libertatis
679 4684 750 4709 om.
768 4669 855 4708 ΒΣ
873 4669 926 4718 (κ.
943 4668 1008 4718 π.)
1094 4667 1152 4718 (8)
1176 4667 1245 4708 Sed
1276 4669 1483 4719 confirmat

1477 168 1578 229 295

2631 178 2728 232 VII
2765 181 2901 231 4—6

1566 330 1743 376 stantia.
1803 328 1858 375 D.
1890 339 1959 374 JV
1994 328 2037 373 lc.
2069 328 2174 374 Dec.
2220 329 2614 390 Constantinopoli
2651 330 2903 391 Lampadio

1565 391 1611 430 et
1642 385 1797 430 Oreste
1824 399 1890 431 vv.
1920 397 1981 430 co.
2014 398 2157 429 conss.
2716 391 2772 440 [a.
2804 390 2903 439 530]

1626 439 1688 488 17
1735 440 1898 486 ¹¹Idem
1936 443 1988 486 A.
2022 439 2203 486 Iuliano
2235 458 2318 508 pp.
2379 443 2487 487 Cum
2524 443 2703 499 quidam
2731 456 2905 487 servum

1567 511 1696 542 suum
1724 498 1789 542 ita
1815 498 1989 552 legavit,
2019 501 2071 542 ut
2093 498 2134 542 le
2165 503 2331 543 atarius
2355 500 2607 543 libertatem
2631 499 2673 541 ei
2692 500 2904 553 imponat,

1566 556 1612 596 et
1654 554 1782 598 heres
1826 554 1883 597 ad
1925 554 2129 598 huiusmo
2163 555 2177 597 i
2221 555 2413 611 legatum
2460 555 2662 610 improbe
2705 560 2906 597 versatus

1567 621 1740 652 servum
1770 610 1876 654 dare
1905 610 2118 666 legatario
2149 611 2408 666 dedignatus
2439 615 2528 663 est,
2569 613 2620 652 ut
2660 609 2792 651 etiam
2827 610 2906 651 lite

1565 665 1790 719 pulsetur,
1833 671 1878 709 et
1905 666 2050 709 «iudex
2088 680 2178 710 non
2216 668 2314 710 in¹2
2351 667 2496 723 ipsum
2526 677 2719 717 servum,
2757 663 2835 706 sed
2864 664 2906 704 in

1567 720 1916 764 aestimationem
1945 722 2033 765 litis
2064 722 2471 766 condemnationem
2500 719 2719 774 proferat:
2752 719 2910 761 veteris

1566 775 1675 818 iuris
1728 775 1991 830 interpretes
2047 778 2330 830 dubitabant,
2383 789 2439 819 ne
2484 774 2589 830 quid
2633 774 2910 816 obstaculum

1566 830 1762 873 libertati
1789 844 1846 874 ex
1874 831 1958 873 hac
1990 845 2126 874 causa
2154 832 2371 887 procedat
2399 835 2456 882 et,
2489 830 2526 873 si
2554 829 2778 884 placuerit
2806 841 2908 871 ean-

1567 886 1666 929 dem
1695 885 1846 929 deberi
1874 886 2149 938 libertatem,
2168 899 2195 928 a
2226 900 2312 940 quo
2344 885 2491 928 danda
2521 890 2589 927 est
2618 889 2823 927 utrumne
2853 885 2909 927 ab

1565 942 1729 985 herede
1759 954 1816 985 an
1838 954 1865 984 a
1887 941 2111 995 legatario,
2143 946 2187 983 et
2209 942 2248 984 si
2271 942 2399 984 heres
2424 941 2625 995 imponat
2648 940 2910 993 libertatem,

1567 1011 1625 1041 an
1669 998 1932 1053 legatarius,
1985 997 2104 1052 quod
2148 1009 2203 1040 ex
2243 996 2502 1051 pecuniaria
2547 995 2914 1039 condemnatione

1568 1055 1753 1110 accepit,
1784 1053 1968 1097 firmiter
1997 1053 2165 1096 detinet
2194 1052 2284 1096 sive
2307 1057 2451 1096 totum
2476 1053 2567 1095 sive
2591 1065 2647 1095 ex
2671 1056 2799 1108 parte
2823 1052 2913 1095 sive

1573 1116 1589 1153 1
1653 1110 1787 1154 etiam
1815 1109 1939 1153 nihil.
1987 1108 2140 1152 Talem
2164 1109 2316 1164 itaque
2345 1109 2680 1152 altercationem
2708 1119 2912 1151 resecan-

1567 1171 1635 1211 tes
1671 1167 1906 1221 miramur,
1952 1178 2091 1222 quare
2128 1165 2283 1218 iudex,
2327 1165 2402 1220 qui
2440 1164 2723 1220 praepositus
2762 1170 2833 1207 est
2869 1164 2915 1206 in

1568 1223 1799 1279 praedicta
1830 1235 1989 1275 causa,
2028 1235 2119 1265 non
2148 1221 2398 1265 omnimodo
2430 1220 2840 1267 condemnationem
2869 1221 2914 1262 in

1570 1292 1767 1335 servum,
1822 1278 1901 1323 sed
1956 1279 2003 1321 in
2047 1278 2397 1322 aestimationem
2441 1278 2535 1321 eius
2578 1277 2769 1326 fecerat,
2816 1289 2915 1319 cum

1568 1336 1710 1391 ipsius
1752 1336 1905 1379 vitium
1940 1335 2073 1378 etiam
2111 1333 2363 1378 huiusmodi
2402 1333 2679 1378 altercationi
2708 1333 2916 1389 praebuit

1571 1397 1593 1435 2
1664 1393 1958 1436 occasionem.
2026 1390 2155 1436 Unde
2199 1390 2238 1434 si
2280 1390 2385 1434 talis
2430 1390 2629 1446 quaestio
2672 1389 2912 1444 emerserit,

1570 1448 1740 1492 nullum
1779 1447 1954 1503 quidem
1994 1446 2184 1490 iudicem
2221 1447 2286 1490 ita
2326 1459 2423 1490 esse
2463 1447 2648 1491 stultum
2692 1451 2913 1502 putamus,

1569 1508 1620 1553 ut
1648 1504 1902 1548 huiusmodi
1929 1503 2129 1559 proferat
2158 1502 2580 1552 condemnationem,
2622 1502 2699 1546 sed
2729 1503 2766 1545 si
2794 1502 2913 1557 lega-

1568 1561 1707 1604 tarius
1745 1560 1990 1612 immineat,
2033 1564 2251 1615 quatenus
2289 1560 2330 1603 ei
2367 1572 2520 1603 servus
2549 1559 2833 1612 restituatur,
2871 1564 2916 1601 et

1569 1623 1673 1671 post
1723 1616 1846 1660 litem
1899 1619 2194 1659 contestatam
2248 1615 2435 1659 duorum
2479 1628 2682 1658 mensum
2724 1614 2915 1670 spatium

1570 1671 1805 1724 effluxerit,
1839 1685 2069 1716 censemus
2097 1671 2201 1715 ilico
2231 1671 2289 1715 ad
2316 1672 2564 1715 libertatem
2589 1671 2700 1726 eripi
2727 1683 2915 1722 servum,

1570 1733 1616 1771 et
1649 1728 1774 1771 illum
1812 1727 1989 1783 quidem
2026 1727 2215 1771 liberum
2253 1739 2372 1780 esse,
2412 1727 2617 1770 heredem
2656 1730 2804 1770 autem
2832 1739 2914 1782 pro

1571 1796 1655 1827 sua
1683 1783 1961 1827 indevotione
1992 1795 2144 1827 omnes
2175 1795 2412 1837 expensas,
2485 1796 2564 1826 uas
2600 1782 2840 1838 legatarius
2870 1783 2913 1824 in

1570 1839 1693 1882 litem
1720 1838 1849 1894 fecit,
1888 1839 1936 1882 in
1978 1838 2274 1894 quadruplum
2303 1839 2345 1881 ei
2374 1851 2458 1882 con
2491 1839 2672 1892 emnari‚
2712 1838 2808 1882 iure
2836 1851 2916 1894 pa-

1570 1897 1776 1938 tronatus
1814 1895 1986 1950 integro
2026 1893 2239 1949 legatario
2280 1894 2510 1938 servando.
2571 1893 2625 1938 D.
2665 1893 2917 1938 Constanti-

1569 1950 1730 2008 nopoli
1773 1963 1843 1994 XV
1893 1950 1935 1994 lc.
1982 1949 2088 1995 Dec.
2141 1948 2396 2008 Lampadio
2451 1957 2496 1995 et
2542 1948 2696 1996 Oreste
2745 1964 2810 1995 vv.
2856 1963 2916 1994 cc.

1570 2019 1713 2050 conss.
1909 2029 1914 2033 ·
2730 2010 2786 2060 [a.
2820 2010 2917 2059 530]

2208 2179 2267 2228 V.

1690 2262 1767 2302 DE
1799 2261 2095 2302 DEDITICIA
2125 2262 2449 2303 LIBERTATE
2479 2261 2797 2303 TOLLENDA.

1629 2343 1653 2389 1
1692 2342 1806 2401 Imp.
1834 2342 2118 2387 lastinianus
2145 2344 2197 2387 A.
2228 2342 2411 2388 Iuliano
2434 2358 2518 2401 pp.
2566 2344 2789 2387 Dediticia
2810 2356 2915 2387 con-

1571 2400 1686 2443 dicio
1712 2400 1834 2443 nullo
1860 2400 1989 2444 modo
2012 2401 2058 2443 in
2082 2405 2309 2455 posterum
2338 2404 2537 2443 nostram
2565 2412 2659 2444 rem
2688 2400 2917 2455 publicam

1569 2455 1807 2500 molestare
1847 2455 2138 2509 concedatur,
2179 2455 2258 2500 sed
2297 2457 2357 2499 sit
2385 2456 2562 2511 penitus
2603 2455 2768 2511 deleta,
2814 2453 2917 2511 quia

1570 2525 1653 2555 nec
1682 2512 1728 2554 in
1757 2525 1845 2557 usu
1875 2524 1971 2556 esse
2000 2512 2258 2568 reperimus,
2292 2512 2370 2555 sed
2392 2525 2555 2555 vanum
2578 2525 2737 2556 nomen
2763 2513 2913 2555 huius-

1570 2568 1690 2612 modi
1724 2568 1941 2612 libertatis
1981 2568 2342 2612 circumducitur.
2410 2581 2492 2612 nos
2526 2568 2656 2621 enim,
2698 2569 2774 2624 qui
2802 2569 2914 2612 veri-

1569 2627 1708 2668 tatem
1747 2624 1955 2679 colimus,
2001 2638 2053 2668 ea
2091 2624 2394 2671 tantummodo
2431 2625 2633 2669 volumus
2673 2625 2719 2668 in
2753 2625 2917 2669 nostris

1571 2693 1669 2725 esse
1696 2681 1891 2736 legibus,
1960 2693 2045 2724 uae
2081 2694 2131 2725 re
2159 2681 2259 2737 ipsa
2289 2681 2501 2724 obtinent.
2562 2680 2605 2724 D
2609 2715 2912 2724 ........

1571 2736 1824 2794 Lampadio
1855 2743 1901 2781 et
1969 2742 2087 2781 reste
2116 2750 2260 2782 conss.
2726 2740 2783 2790 [a.
2817 2741 2914 2789 530]

2202 2909 2285 2958 Vl.

1571 2992 1647 3032 DE
1701 2991 1915 3032 LATINA
1958 2990 2281 3032 LIBERTATE
2328 2990 2632 3030 TOLLENDA
2675 2990 2750 3030 ET
2803 2991 2917 3031 PER

1653 3047 1868 3089 CERTOS-
1894 3047 2184 3143 MODOSTliffi
2185 3045 2517 3142 1{JSIIYIIJTS{1¹EM
2548 3045 2830 3086 ROMANAM

1628 3184 1651 3230 1
1694 3183 1847 3241 ²³Imp.
1880 3183 2164 3228 lastinianus
2192 3186 2243 3227 A.
2277 3182 2475 3227 Iohanni
2503 3197 2587 3240 pp.
2648 3183 2757 3227 Cum
2791 3183 2908 3227 dedi-

1569 3240 1663 3285 ticii
1692 3239 1841 3283 liberti
1868 3240 1956 3282 iam
1986 3239 2151 3283 sublati
2186 3241 2312 3293 sunt,
2353 3241 2625 3294 quapropter
2652 3239 2913 3295 imperfecta

1569 3297 1832 3341 Latinorum
1883 3295 2064 3340 libertas
2114 3295 2296 3338 incertis
2338 3295 2531 3351 vestigiis
2575 3295 2775 3340 titubans
2792 3297 2824 3322 ¹⁴
2868 3303 2913 3340 et

1570 3353 1698 3408 quasi
1740 3364 1821 3407 per
1863 3354 2059 3395 saturam
2097 3351 2280 3394 inducta
2319 3350 2467 3395 adhuc
2503 3356 2704 3395 remanet
2742 3358 2786 3396 et
2822 3366 2911 3397 non

1568 3408 1737 3455 ‘mutilis
1777 3407 1952 3462 quidem
1990 3419 2096 3462 pars
2136 3407 2229 3450 eius
2270 3407 2561 3462 deminuitur,
2602 3408 2722 3464 quod
2765 3415 2912 3452 autem

1569 3479 1622 3509 ex
1652 3465 1749 3519 ipsa
1778 3463 2042 3507 rationabile
2073 3465 2160 3517 est,
2199 3463 2286 3507 hoc
2322 3463 2369 3506 in
2396 3464 2466 3507 ius
2496 3464 2744 3520 perfectum
2774 3465 2909 3509 dedu-

1574 3527 1591 3565 1
1656 3520 1803 3563 citur?
1856 3518 1965 3562 Cum
1994 3519 2110 3563 enim
2137 3519 2289 3563 Latini
2316 3519 2467 3563 liberti
2494 3520 2551 3564 ad
2582 3520 2910 3565 similitudinem

1569 3576 1778 3631 antiquae
1814 3574 2092 3628 Latinitatis,
2139 3589 2251 3641 quae
2288 3576 2335 3619 in
2372 3576 2557 3620 coloniis
2574 3579 2608 3604 ²⁵
2649 3577 2784 3620 missa
2828 3586 2908 3629 est,

1569 3632 1771 3687 videntur
1800 3644 1897 3675 esse
1925 3631 2189 3686 introducti,
2230 3645 2285 3676 ex
2324 3645 2414 3688 qua
2444 3632 2554 3676 nihil
2584 3633 2703 3676 aliud
2732 3634 2797 3676 rei
2826 3648 2907 3689 pu-

1567 3688 1712 3732 blicae
1756 3687 1843 3730 nisi
1886 3687 2050 3731 bellum
2090 3689 2279 3732 accessit
2323 3689 2466 3740 civile,
2514 3689 2623 3733 satis
2666 3689 2907 3732 absurdum

1568 3747 1638 3788 est
1664 3744 1764 3799 ipsa
1795 3743 1960 3798 origine
1987 3744 2051 3787 rei
2074 3744 2249 3788 sublata
2270 3745 2504 3799 imaginem
2529 3745 2621 3788 eius
2648 3743 2904 3800 derelinqui.

1573 3805 1625 3844 la
1683 3800 1794 3844 Cum
1821 3800 1955 3853 igitur
1983 3799 2132 3844 multis
2160 3801 2300 3845 modis
2337 3804 2380 3844 et
2409 3813 2548 3856 paene
2577 3800 2906 3843 innumerabili-

1567 3857 1653 3900 bus
1682 3855 1944 3900 Latinorum
1982 3855 2240 3900 introducta
2279 3862 2346 3900 est
2384 3855 2584 3900 condicio
2621 3861 2666 3898 et
2693 3856 2810 3910 leges
2841 3855 2904 3898 di-

1569 3924 1723 3955 versae
1751 3917 1796 3954 et
1824 3916 2004 3955 senatus
2035 3913 2238 3956 consulta
2266 3912 2520 3955 introducta
2551 3916 2654 3954 sunt
2685 3916 2729 3954 et
2759 3924 2812 3954 ex
2837 3912 2905 3955 his

1570 3968 1853 4011 difficultates
1884 3967 2098 4012 maximae
2136 3970 2416 4023 emergebant
2452 3970 2542 4010 tam
2572 3979 2626 4009 ex
2654 3967 2749 4021 lege
2777 3967 2906 4010 Iunia

1570 4036 1701 4079 quam
1746 4035 1800 4066 ex
1843 4022 2065 4079 Largiano
2115 4030 2295 4068 senatus
2347 4024 2548 4067 consulto
2593 4035 2675 4066 nec
2717 4035 2807 4066 non
2849 4036 2902 4066 ex

1570 4079 1712 4123 edicto
1751 4078 1838 4122 divi
1868 4078 2070 4133 Traiani,
2110 4093 2296 4136 quorum
2333 4079 2492 4134 plenae
2526 4077 2698 4132 quidem
2727 4078 2904 4121 fuerant

1568 4138 1747 4180 nostrae
1773 4134 1906 4190 leges,
1936 4148 2027 4179 non
2055 4141 2204 4180 autem
2232 4136 2278 4178 in
2307 4135 2440 4179 rebus
2468 4133 2618 4177 fuerat
2647 4146 2798 4177 eorum
2827 4147 2901 4178 ex-

1567 4192 1879 4248 perimentum:
1925 4190 2292 4236 studiosissimum
2332 4190 2459 4235 nobis
2498 4189 2639 4234 visum
2682 4194 2751 4234 est
2790 4190 2902 4234 haec

1566 4333 1654 4373 ΒΣ
1664 4334 1719 4383 (κ.
1734 4331 1814 4382 m),
1842 4331 1977 4373 melius
2003 4326 2130 4374 tamen
2156 4335 2292 4373 abesse
2313 4331 2463 4372 monuit
2481 4329 2700 4371 Mommsen
2778 4330 2836 4382 (9)
2861 4334 2902 4371 et

1567 4390 1640 4429 ins.
1657 4388 1808 4439 3202.
1823 4388 1889 4439 π.)
1959 4387 2036 4439 (10)
2060 4390 2179 4443 iunye
2200 4403 2233 4429 c.
2251 4396 2290 4429 17
2308 4388 2348 4428 h.
2365 4395 2389 4427 t.
2409 4395 2446 4427 et
2469 4388 2510 4437 7,
2535 4395 2567 4436 7,
2596 4395 2615 4425 2
2688 4385 2756 4436 (11)
2782 4387 2901 4440 iunqo

1567 4460 1599 4485 c.
1626 4452 1665 4485 16
1693 4444 1732 4483 Ιι.
1758 4452 1783 4484 t.
1816 4453 1853 4483 et
1883 4446 1921 4493 7,
1946 4452 1980 4496 7,
2005 4452 2026 4485 2
2140 4445 2214 4494 (12)
2244 4442 2290 4482 in
2328 4440 2383 4485 V⁶
2412 4457 2496 4482 cum
2524 4442 2613 4481 ΒΣ
2637 4441 2786 4493 (mm),
2825 4458 2898 4483 om.

1576 4498 1712 4540 V⁰CR
1853 4499 1927 4551 (13)
1962 4499 2009 4540 Β
2039 4500 2108 4551 48,
2137 4509 2190 4550 14,
2219 4507 2236 4540 1
2365 4498 2439 4549 (14)
2467 4495 2651 4537 titubans
2680 4497 2899 4539 Mommsen

1567 4570 1650 4596 cum
1682 4555 1769 4593 ΒΣ
1791 4555 1846 4604 (κ.
1861 4555 1940 4606 π.),
1970 4554 2124 4595 titubat
2159 4556 2200 4603 C,
2232 4552 2411 4593 titubata
2441 4552 2519 4593 PR
2631 4552 2706 4605 (15)
2736 4551 2795 4594 eie
2824 4550 2899 4595 τὰς

1566 4609 1748 4650 colonias
1776 4611 1863 4649 ΒΣ
1886 4610 1942 4663 (κ.
1957 4612 2022 4662 π.)
