3034 4776
197 154 267 193 13⁶1·
299 151 374 197 DE
409 151 538 189 IURE
573 153 930 192 PATRONATUS

198 292 246 334 19
302 286 457 332 κίδιον.
513 285 638 333 ‘'Ocoa
676 288 726 333 δι’
762 285 843 334 ἂν*
880 288 1034 342 εἴησαν
1065 290 1314 351 πάτρωνες,
1355 293 1437 339 κᾶν
1476 299 1524 349 ἐξ

301 340 475 387 ἀνίσων
499 347 653 404 μερῶν
680 338 795 401 ἦσαν
822 342 1039 389 δεσπόται
1068 350 1148 390 τοῦ
1178 351 1370 405 οἰκέτου,
1403 352 1519 408 μεθ’

302 397 328 443 ὃ
368 403 592 469 γένωνται
634 399 882 461 πάτρωνες,
933 401 982 452 ἐξ
1023 402 1120 446 ἴσου
1163 404 1520 465 κληρονομοῦσιν.

198 459 275 500 19α
300 453 415 499 Ἐαν
456 454 506 500 δὲ
546 454 869 512 τελευτήσωσιν
906 456 952 500 οἱ
988 457 1236 518 πάτρωνες,
1276 467 1349 506 καὶ
1388 460 1411 508 ὁ
1439 468 1524 521 μὲν

301 514 388 566 ἔχει
417 510 592 566 παῖδας,
622 510 647 557 ὁ
677 511 726 556 δὲ
753 509 968 571 ἐγγόνους,
999 513 1044 556 οἱ
1067 512 1290 576 ἐγγύτεροι
1314 524 1416 579 περὶ
1441 519 1522 564 τὸν

300 567 502 625 βαθμόν,
531 573 761 612 τουτέστιν
789 568 834 612 οἱ
859 567 1015 612 παῖδες
1041 574 1121 613 τοῦ
1154 573 1250 616 ἑνὸς
1274 572 1521 635 πάτρωνος,

299 620 608 668 ἀποκλείσουσι
635 623 737 668 τὀύς
765 620 970 683 ἐγγόνους
996 627 1076 668 τοῦ
1105 625 1236 671 ἄλλου
1273 630 1519 692 πάτρωνος.

196 679 269 724 19b
301 685 391 723 Καὶ
425 681 628 740 γινέσθω
666 676 693 734 ἡ
728 678 877 733 κλῆσις
914 678 1011 734 ούχὶ
1049 682 1162 726 κατὰ
1205 684 1369 744 σειράν,
1412 685 1521 730 ἀλλὰ

299 738 618 804 προσωπικῶς,
661 739 892 779 τουτέστιν
935 738 1009 779 ἵνα
1056 739 1166 797 πρὸς
1200 740 1280 784 τὸν
1323 739 1520 800 ἀριθμὸν

298 809 395 836 των
422 790 603 836 παίδων
629 793 709 835 τοῦ
750 788 984 849 πάτρωνος
1019 793 1071 837 τὸ
1115 800 1244 854 μέρος
1284 795 1518 853 διαιοῆται.

298 852 373 892 καὶ
406 846 542 901 τυχὸν
580 845 662 889 ἐὰν
696 843 776 890 δύο
814 845 1047 904 πάτρωνες
1082 840 1409 906 τελευτήσωσιν
1445 855 1518 897 ἐπὶ

297 908 466 955 παισίν,
506 900 530 946 ὁ
557 905 641 959 μὲν
671 905 746 946 ἐπὶ
777 900 876 955 δύο,
915 900 939 947 ὁ
969 903 1019 947 δὲ
1047 908 1120 949 ἐπὶ
1150 913 1345 963 τέτρασι,
1384 911 1444 953 εἰς
1473 909 1520 959 ἒξ

295 963 405 1018 μέρη
462 963 604 1002 ίνεται
632 954 659 1013 ἡ
683 957 965 1015 κληρονομιά,
991 959 1137 1006 ούκέτι
1162 966 1220 1007 εἰς
1245 962 1335 1017 δύο,
1366 963 1518 1019 ἐπειδὴ

190 1019 267 1060 190
299 1019 375 1060 καὶ
445 1011 494 1058 ύο
537 1012 796 1074 πατρώνων
841 1014 995 1060 παῖδές
1037 1020 1162 1063 εἰσιν.
1227 1018 1332 1063 Ἐὰν
1371 1018 1421 1064 δὲ
1461 1020 1519 1063 εἷς

295 1073 392 1116 τῶν
428 1068 535 1114 δύοῖ
565 1067 834 1138 ’πατρώνων
871 1071 923 1115 τὸ
964 1078 1092 1131 μέρος
1129 1075 1181 1118 τὸ
1212 1074 1329 1119 ἴδιον
1357 1093 1517 1136 παραι-

294 1125 495 1183 τήσηται,
524 1143 628 1170 τοτε
657 1143 710 1170 το
739 1131 868 1183 μέρος
898 1126 1031 1171 αὐτοῦ
1056 1130 1101 1172 οἱ
1120 1130 1266 1175 λοιποὶ
1289 1129 1519 1184 πάτρωνες

186 1188 238 1228 20
296 1182 666 1237 λαμβανέτωσαν.
726 1185 782 1226 Εἰ
811 1177 861 1223 δὲ
889 1185 963 1223 καὶ
992 1181 1016 1224 ὁ
1041 1180 1376 1251 προλαμβάνων
1405 1183 1525 1239 βαθ-

290 1237 370 1295 μὸς
410 1237 765 1297 παραιτήσηται,
808 1239 914 1283 τότε
956 1238 1095 1286 πάλιν
1155 1260 1178 1285 o
1218 1243 1332 1298 μετὰ
1373 1247 1515 1287 ταῦτα

291 1293 474 1351 βαθμὸς
501 1295 752 1337 καλείσθω·
793 1293 1019 1352 δεχόμεθα
1055 1297 1141 1357 γὰρ
1169 1298 1246 1342 τὰς
1275 1298 1388 1343 κατὰ
1417 1315 1514 1358 συγ·

289 1354 465 1411 γένειαν
489 1348 693 1404 διαδοχὰς
716 1354 789 1395 ἐπὶ
806 1354 902 1395 τῶν
928 1350 1259 1412 ἀπελευθέρων,
1285 1359 1516 1398 τουτέστιν

292 1408 367 1451 ἵνα
407 1409 486 1450 τοῦ
530 1405 712 1465 πρώτου
754 1413 1111 1467 παραιτουμένου
1155 1409 1179 1452 ὁ
1221 1410 1334 1465 μετὰ
1373 1413 1515 1454 ταῦτα

292 1462 474 1520 βαθμὸς
510 1460 834 1521 ὑπεισέρχηται.
908 1467 1043 1507 Τοῦτο
1078 1465 1163 1524 γὰρ
1199 1471 1273 1508 καὶ
1315 1470 1390 1510 ἐπὶ
1420 1468 1515 1509 τῶν

290 1517 486 1579 εὐγενῶν
513 1524 667 1577 κρατεῖ
678 1517 890 1576 ἣνέπειδὴ
922 1525 996 1562 καὶ
1021 1519 1073 1563 τὸ
1099 1520 1309 1576 παλαιόν,
1340 1519 1415 1566 ὅτε
1440 1525 1515 1566 ἐπὶ

289 1574 579 1635 κληρονομίας
606 1570 686 1618 οὐκ
709 1577 764 1629 ἠν
787 1571 1083 1618 ὑπεισέλευσις
1105 1578 1202 1618 τῶν
1223 1578 1338 1633 μετὰ
1358 1581 1514 1630 ταῦτα,

288 1634 365 1675 ἐπὶ
392 1631 468 1685 τῆς
497 1632 738 1688 ἐπιτροπῆς
769 1627 1059 1687 ἐφυλάττετο,
1099 1635 1172 1673 καὶ
1211 1635 1290 1676 τοῦ
1334 1632 1514 1692 πρώτου

288 1685 421 1740 τυχὸν
449 1684 716 1741 καλουμένου
746 1685 1138 1736 ὲξκουσατεύοντος
1168 1687 1328 1732 ἑαυτὸν
1352 1686 1377 1732 ὁ
1401 1689 1514 1744 μετὰ

285 1744 429 1786 ταῦτα
465 1739 673 1784 ἐκαλεῖτο.
733 1739 1071 1783 Καλείσθωσαν
1110 1740 1159 1784 δὲ
1195 1742 1257 1798 μὴ
1326 1741 1435 1787 όνον
1473 1746 1515 1788 οἱ

286 1801 338 1840 ἐν
366 1795 496 1855 φύσει
523 1795 750 1839 κατιόντες
777 1797 875 1838 τῶν
903 1795 1176 1854 πατρώνων,
1218 1762 1328 1841 ἀλλιά
1366 1805 1440 1843 καὶ
1471 1801 1514 1842 οἱ

283 1868 419 1910 κυοφο
449 1851 627 1906 ούμενοι
658 1848 812 1893 αὐτῶν
838 1855 914 1893 καὶ
942 1850 985 1893 οἱ
1014 1853 1074 1895 εἰς
1113 1854 1244 1896 θέσιν
1281 1853 1394 1913 παρ’
1438 1853 1510 1898 αύ-

283 1909 380 1952 τῶν
421 1867 670 1963 Ξεδομένοι.
742 1904 769 1960 ἡ
817 1898 900 1949 οὖν
942 1907 1112 1952 παλαιὰ
1155 1906 1387 1968 ὑπόκρισις
1438 1916 1511 1954 καὶ

282 1965 607 2023 παρατήρησις,
651 1957 727 2006 ὅτε
771 1961 1095 2019 ἐπλαττόμεθα
1143 1964 1228 2020 τὴν
1280 1966 1510 2026 θυγατέρα

279 2021 360 2064 τοῦ
389 2017 624 2078 πάτρωνος
651 2018 750 2061 υἱὸν
778 2015 1015 2078 πάτρωνος
1040 2020 1168 2073 εἶναι,
1199 2018 1510 2082 ἀνῃρείσθω4·

281 2075 472 2134 σήμερον
498 2074 584 2135 γὰρ
613 2077 688 2117 καὶ
719 2070 829 2129 αὕτη
862 2073 1062 2120 καλεῖται
1101 2077 1211 2136 πρὸς
1246 2078 1330 2133 τὴν
1357 2078 1508 2138 κληρο-

282 2137 457 2190 νομίαν.
516 2134 608 2174 Καὶ
636 2129 959 2175 καλείσθωσαν
986 2131 1048 2189 μὴ
1074 2132 1218 2188 μόνον
1242 2133 1510 2190 διακατοχὴν

282 2191 529 2241 αἰτοῦντες,
569 2183 680 2230 ἀλλὰ
717 2189 792 2229 καὶ
828 2183 888 2231 ῶς
914 2186 1096 2245 νόμιμοι
1125 2189 1509 2251 κληρονομοῦντες,

281 2249 355 2288 καὶ
384 2242 649 2303 κληρονόμοι
677 2241 727 2286 δὲ
735 2240 1024 2310 γραφόμενοι
1047 2243 1396 2304 ώμολογημένως
1422 2251 1508 2302 ἔχε’·

281 2317 438 2345 τωσαν
479 2299 563 2356 τὴν
606 2301 654 2342 ἐκ
697 2313 773 2354 της
815 2297 1034 2356 διαθήκης
1074 2299 1319 2358 βοήθειαν·
1370 2304 1419 2347 αἱ
1460 2302 1510 2348 δὲ

282 2357 434 2402 λοιπαὶ
490 2358 774 2416 πατρωνεκαὶ
831 2353 1094 2411 διακατοχαὶ
1149 2355 1506 2413 ἡσυχαζέτωσαν.

169 2419 222 2462 22
278 2411 383 2458 Ἐὰν
413 2411 461 2457 δὲ
489 2410 651 2456 θετοὺς
677 2407 842 2456 παῖδας
865 2412 1031 2466 ἔχωσιν
1052 2414 1096 2457 οἱ
1119 2413 1507 2474 ἐλευθερωθέντες

182 1466 264 1508 2οα

178 1747 223 1786 21

172 2137 254 2178 21a

169 2564 218 2614 (1)
248 2557 306 2604 ἄν
332 2558 466 2614 Reice,
495 2551 575 2599 ἐάν
606 2556 779 2598 traditur
880 2554 933 2604 (2)
965 2550 1045 2596 δύο
1075 2559 1257 2599 abundat
1363 2559 1423 2610 (3)
1454 2560 1507 2613 cs.

169 2621 270 2662 Inst.
302 2621 342 2670 3,
372 2628 407 2670 2,
439 2627 455 2659 Ἰ
627 2613 682 2666 (4)
711 2607 960 2675 ἀνῃρήσθω
990 2612 1056 2654 vel
1080 2607 1363 2672 ἀναιρείσθω
1392 2616 1510 2658 Reitz

167 2679 222 2728 (5)
252 2675 368 2727 ἔχειν
397 2675 642 2726 Ηεννηιαηη,
673 2670 762 2725 ἔχει
792 2674 969 2715 traditur
1060 2673 1116 2723 (6)
1145 2686 1250 2724 quae
1278 2681 1508 2726 sequuntur,

164 2847 216 2887 ut
264 2840 352 2886 sibi
401 2855 463 2886 ex
511 2856 596 2887 sua
644 2843 928 2888 institutione
969 2839 1221 2886 Falcidiam
1266 2837 1504 2884 retineant.

168 2902 217 2942 19
274 2896 583 2956 Quotcumque
625 2905 773 2944 autem
811 2900 1004 2959 patroni
1044 2896 1245 2957 fuerint,
1294 2894 1398 2940 licet
1445 2909 1508 2940 ex

162 2954 477 3012 inaequalibus
510 2955 727 3020 partibus
769 2955 938 3000 domini
979 2955 1098 3001 servi
1139 2951 1338 3016 fuerint,
1376 2959 1506 3010 post-

164 3024 298 3069 quam
327 3015 520 3069 patroni
557 3012 678 3068 facti
705 3017 831 3065 sunt,
870 3026 932 3057 ex
967 3012 1125 3070 aequis
1157 3008 1372 3069 partebus
1408 3022 1506 3053 suc-

169 3070 249 3111 19a
305 3066 478 3111 cedunt.
550 3065 683 3120 Quod
723 3068 764 3112 si
802 3069 994 3126 patroni
1037 3067 1253 3120 obierint,
1301 3070 1349 3112 et
1390 3064 1507 3109 alter

164 3121 343 3180 quidem
382 3122 549 3166 liberos
587 3122 770 3176 habeat,
809 3124 926 3168 alter
963 3131 1168 3182 nepotes,
1209 3123 1360 3180 qradu
1395 3134 1505 3182 pro-

158 3178 340 3236 piores,
375 3177 425 3220 id
452 3183 521 3222 est
548 3178 677 3222 liberi
706 3179 892 3223 alterius
916 3180 1126 3236 patroni,
1160 3178 1405 3224 eaecludent
1430 3191 1505 3225 ne-

168 3233 246 3278 19b
296 3239 433 3292 potes
454 3233 642 3277 alterius
657 3235 860 3299 patroni.
906 3237 1054 3292 Atque
1074 3234 1302 3293 procedat
1326 3237 1502 3280 vocatio

165 3302 256 3333 non
278 3289 328 3332 in
349 3289 528 3347 stirpes,
557 3289 639 3333 sed
659 3303 707 3333 tn
737 3291 904 3348 capita,
934 3289 1021 3334 hoc
1044 3296 1112 3334 est
1137 3296 1187 3333 ut
1203 3303 1297 3347 pro
1318 3304 1502 3335 numero

166 3345 407 3389 liberorum
428 3345 622 3403 patroni
642 3345 803 3403 portio
834 3345 1074 3390 dividatur.
1120 3351 1166 3390 et
1190 3345 1233 3388 si
1257 3346 1385 3402 forte
1413 3346 1502 3390 duo

163 3401 351 3460 patroni
372 3401 644 3445 decesserint
667 3401 819 3445 liberis
839 3401 1022 3454 relictis,
1053 3401 1169 3445 alter
1190 3399 1366 3445 duobus
1388 3401 1504 3446 alter

166 3462 398 3515 quattuor,
433 3457 482 3500 in
517 3470 603 3502 sex
663 3463 784 3501 artes
813 3455 1040 3501 hereditas
1068 3456 1297 3508 dividitur,
1335 3470 1428 3501 non
1456 3458 1502 3501 in

171 3517 247 3557 19c
289 3513 418 3566 duas,
448 3513 573 3570 quod
625 3527 784 3558 uorum
805 3519 1112 3571 patronorum
1137 3511 1267 3556 liberi
1289 3518 1405 3556 sunt.
1452 3511 1503 3558 Si

166 3583 270 3614 vero
286 3583 404 3614 unus
418 3583 479 3614 ex
490 3568 719 3625 [duobus]
726 3569 945 3635 patronis
957 3582 1086 3613 suam
1096 3573 1276 3627 partem
1293 3568 1502 3626 repudia-

167 3630 219 3670 20
255 3625 382 3679 verit,
401 3630 491 3670 tum
540 3631 682 3670 artem
697 3639 792 3670 ezus
805 3625 968 3682 reliqui
974 3625 1168 3690 patroni
1185 3624 1381 3682 capiant.
1414 3623 1505 3669 Sed

165 3686 211 3726 et
235 3681 278 3726 si
306 3694 477 3740 praece
509 3695 588 3725 ens
620 3681 793 3739 qradus
820 3681 1145 3740 repudiaverit,
1187 3686 1278 3725 tum
1315 3694 1504 3737 sequens

164 3737 339 3796 qradus
354 3743 561 3782 vocetur:
582 3737 856 3782 admittimus
879 3737 995 3782 enim
1015 3736 1320 3782 successiones
1335 3749 1502 3801 coqua-

167 3801 315 3838 torum
369 3793 418 3837 in
460 3792 701 3846 libertinis,
749 3793 799 3837 id
838 3799 907 3838 est
947 3800 999 3838 ut
1037 3793 1191 3851 primo
1235 3791 1503 3858 repudiante

166 3854 251 3893 2οα
322 3863 512 3906 sequens
553 3847 727 3906 qradus
767 3848 989 3894 succedat.
1065 3848 1167 3894 Hoc
1214 3862 1328 3893 enzm
1372 3853 1418 3893 et
1453 3848 1501 3892 in

165 3905 373 3964 ingenuis
417 3904 605 3957 obtinet,
650 3905 864 3962 quoniam
906 3911 952 3949 et
994 3905 1267 3962 antiquitus,
1313 3917 1411 3948 cum
1453 3904 1501 3948 in

166 3961 412 4007 hereditate
434 3974 526 4004 non
550 3966 663 4012 erat,
691 3961 914 4004 successio
935 3961 1260 4019 posteriorum,
1290 3961 1336 4003 in
1363 3959 1501 4005 tutela

168 4023 314 4063 tamen
355 4015 691 4069 observabatur,
727 4023 778 4060 ut
814 4031 866 4061 eo
897 4017 977 4074 qui
1006 4017 1187 4075 primus
1212 4017 1341 4073 forte
1370 4029 1500 4060 voca·

166 4078 216 4118 21
279 4078 351 4118 tus
377 4078 479 4118 erat
504 4086 553 4116 se
588 4078 834 4117 excusante
869 4086 1059 4129 sequens
1096 4078 1345 4117 vocaretur.
1415 4071 1500 4116 Vo-

165 4135 321 4176 centur
359 4134 508 4174 autem
547 4141 639 4172 non
675 4128 820 4172 solum
858 4127 1172 4172 descendentes
1198 4133 1501 4187 patronorum

165 4187 256 4231 iam
291 4185 409 4238 nati,
447 4184 527 4229 sed
561 4189 606 4229 et
633 4185 838 4243 postumi
875 4197 1029 4228 eorum
1064 4189 1110 4228 et
1136 4184 1183 4227 in
1213 4183 1501 4242 adoptionem

167 4242 221 4286 ab
251 4243 316 4287 eis
343 4241 451 4286 dati.
511 4240 699 4298 antiqua
734 4239 876 4298 iqitur
902 4239 1131 4284 simulatio
1161 4246 1207 4284 et
1234 4238 1499 4292 observatio,

167 4295 1501 4409 &5529523‘3'2222255253‘diffitente{Zumffiz‘zssiz

167 4413 252 4452 2la
317 4415 518 4454 vocatur.
591 4407 656 4453 Et
696 4413 910 4453 vocentur
953 4420 1045 4450 non
1086 4406 1232 4451 solum
1283 4406 1501 4451 bonorum

164 4465 491 4523 possessionem
562 4469 753 4516 etentes,
790 4463 871 4508 sed
907 4463 1040 4507 etiam
1075 4467 1127 4506 ut
1161 4462 1350 4521 leqitimi
1376 4462 1501 4507 liere-

167 4520 265 4572 des,
303 4525 348 4565 et
384 4534 484 4565 cum
542 4520 696 4566 eredes
723 4519 884 4578 scripti
910 4523 1031 4570 sunt,
1063 4517 1260 4564 habeant
1284 4532 1396 4563 sane
1422 4517 1500 4562 bo-

167 4589 328 4621 norum
375 4577 707 4636 possessionem
762 4574 1004 4621 secundum
1061 4573 1263 4619 tabulas:
1326 4580 1500 4619 ceterae

169 4638 316 4677 autem
345 4630 564 4677 bonorum
595 4633 908 4691 possessiones
936 4644 1054 4688 quae
1084 4629 1301 4688 patronis
1329 4629 1499 4674 daban-

1514 142 1616 200 245

1546 2255 1554 2471 ἒ

1546 2560 1554 2725 Ι

2803 151 2939 203 V14

1719 294 1745 352 ἢ
1774 297 1818 341 οἱ
1846 293 1938 341 πάτ
1967 311 2087 348 ωνες,
2118 295 2308 350 τούτους,
2349 300 2387 342 εἰ
2415 304 2487 342 καὶ
2517 296 2798 352 ὑπεξουσίους
2837 302 2943 354 ἔχω-

1717 368 1804 409 σιν,
1843 350 1893 397 ού
1960 351 2157 409 εχόμεθα
2196 356 2247 396 ἐν
2277 352 2398 406 τάξει
2425 356 2550 408 υἱῶν,
2586 353 2699 400 ἀλλὰ
2734 362 2785 400 ὲν
2822 357 2946 408 τάξει

1717 410 1960 461 ἐξωτικῶν.
2027 409 2066 452 εἰ
2101 406 2151 452 δὲ
2184 413 2258 451 καὶ
2287 408 2612 466 τελευτήσωσιν
2641 413 2686 455 οἱ
2713 411 2946 472 πάτρωνες

1717 469 1792 509 ἐπὶ
1837 466 2060 518 ἐξωτικοῖς
2101 463 2407 523 κληρονόμοις,
2455 465 2505 510 οὗ
2548 467 2790 511 καλοῦνται
2834 468 2946 524 πρὸς

1715 521 1799 575 τὴν
1846 523 1926 564 τοῦ
1971 517 2273 580 ἀπελευθέρου
2317 522 2635 581 κληρονομίαν·
2696 527 2942 581 συγγενικῴ

1743 577 1798 636 ἀρ
1865 575 2024 630 δικαίῳ
2090 575 2467 635 κληρονομοῦνται
2532 578 2577 621 οἱ
2630 575 2941 635 ἀπελεύθεροι.

1720 630 1892 686 Επειδὴ
1931 630 1981 674 δὲ
2015 629 2042 687 ἡ
2079 632 2249 676 παλαιὰ
2288 633 2526 688 διακατοχὴ
2566 630 2728 690 ἥρμοζε
2766 636 2840 675 καὶ
2871 630 2945 674 ὅτε

1715 686 1999 741 ἐτελεύτησεν
2051 688 2142 732 υἱὸς
2195 686 2498 746 ἀπελευθέρου
2551 688 2790 746 γεννηθεὶς
2832 687 2946 742 μετὰ

1714 741 1795 795 τὴν
1835 742 2098 801 ἐλευθερίαν
2137 742 2357 798 διαθήκης
2396 747 2470 786 καὶ
2508 747 2762 801 συγγενείας
2800 748 2945 798 χωρίς,

1713 801 1788 838 καὶ
1826 795 1969 839 ἐκάλει
2008 797 2090 840 τὸν
2130 797 2503 857 ἐλευθερώσαντα
2539 797 2622 840 τὸν
2661 801 2836 854 πατέρα
2872 802 2946 838 καὶ

1713 851 1814 895 τούς
1851 853 1900 902 ἐξ
1927 848 2238 910 ἀρρενογονίας
2278 850 2416 897 αὐτοῦ
2447 856 2679 910 συγγενεῖς,
2710 852 2800 894 εἴτε
2833 853 2863 893 ἔ
2890 869 2945 893 ει-

1711 925 1798 950 ναν
1828 911 2047 965 συγγενεῖς
2076 908 2164 950 εἴτε
2194 908 2378 950 ἔπαθον
2407 905 2721 950 καταστάσεως
2761 909 2842 949 ἐνα
2873 906 2944 949 λα-

1712 960 1810 1022 γήν,
1834 961 2031 1005 ἐκέλευσε
2046 960 2107 1013 δέ,
2125 964 2212 1013 ἵνα,
2231 962 2309 1004 ἐὰν
2324 959 2347 1005 ὁ
2366 961 2728 1020 πάτρωνντούτου
2744 964 2823 1005 τοῦ
2841 963 2944 1006 ἀπε-

1715 1017 1928 1077 λευθέρου
1958 1021 2031 1059 καὶ
2061 1015 2193 1060 αὐτὸς
2223 1015 2524 1076 ἀπελεύθερος
2554 1020 2608 1070 ἠν
2638 1019 2790 1077 ἑτέρου
2812 1016 2945 1068 τινός,

1713 1078 1786 1118 καὶ
1829 1072 1852 1117 ὁ
1898 1076 1975 1118 τοῦ
2021 1073 2256 1132 πάτρωνος
2300 1073 2490 1131 πάτρων
2534 1078 2609 1116 καὶ
2647 1070 2674 1127 ἡ
2717 1078 2946 1133 συγγένεια

1715 1128 1848 1174 αὐτοῦ
1879 1129 2079 1183 καλῆται,
2109 1127 2273 1172 κελεύει
2302 1126 2329 1184 ἡ
2359 1127 2569 1181 διάταξις,
2602 1131 2689 1182 ἵνα,
2727 1129 2807 1172 ἐὰν
2833 1128 2948 1185 μετὰ

1713 1186 1796 1242 τὴν
1813 1185 2076 1244 ἐλευθερίαν
2090 1185 2387 1244 γεννηθέντες
2411 1187 2489 1228 τοῦ
2516 1183 2819 1244 ἀπελευθέρου
2844 1190 2944 1230 παῖ-

1714 1241 1783 1286 δες
1821 1239 2146 1296 τελευτήσωσιν
2182 1239 2422 1284 ἀδιάθετοι
2462 1246 2535 1283 καὶ
2572 1240 2746 1298 μηδένα
2782 1258 2945 1286 παντει»

1713 1298 1800 1342 λῶς
1828 1300 2001 1352 ἔχοντες
2029 1299 2232 1356 συγγενῆ,
2274 1296 2505 1354 καλῶνται
2544 1294 2567 1340 ὁ
2598 1295 2790 1356 πάτρων
2818 1301 2891 1341 καὶ
2921 1294 2948 1351 ἡ

1712 1353 2012 1413 πατρώνισσα
2040 1355 2185 1410 μόνοι.
2243 1355 2370 1397 ἔστιν
2409 1355 2488 1396 οὖν
2517 1355 2651 1398 τοῦτο
2686 1353 2740 1397 τὸ
2771 1352 2946 1397 δίκαιον

1711 1414 1785 1455 ἐπὶ
1813 1409 1972 1467 μόνων
2000 1411 2115 1453 υἱῶν
2143 1411 2222 1452 τοῦ
2252 1407 2556 1467 ἀπελευθέρου
2595 1411 2622 1464 ἢ
2661 1411 2838 1469 θυγατέ
2863 1426 2944 1461 ων,

1711 1466 1945 1524 πάτρωνος
1974 1465 2000 1521 ἢ
2029 1470 2347 1526 πατρωνίσσης
2375 1466 2641 1525 περιόντων,
2674 1467 2748 1509 ἵνα
2779 1463 2830 1510 δό
2861 1481 2946 1509 ωσι

1709 1527 1866 1579 μηκέτι
1895 1521 2184 1582 κληρονομεῖν
2212 1519 2532 1580 ἀπελεύθερον,
2565 1525 2679 1576 (πῶς
2707 1519 2791 1581 γάρ
2821 1525 2945 1565 ἐστιν

1709 1576 2009 1637 ἀπελεύθερος
2059 1574 2082 1622 ὁ
2133 1579 2310 1631 τεχθεὶς
2358 1580 2471 1634 μετὰ
2513 1577 2597 1632 τὴν
2641 1577 2943 1637 ἐλευθερίανς)

1709 1632 1807 1677 ἀλλ’
1841 1636 1983 1687 ἔχειν·ἰ
2011 1633 2064 1678 τὸ
2095 1632 2245 1693 κέρδος
2272 1632 2362 1678 ἀπὸ
2391 1634 2552 1677 τούτου
2581 1637 2660 1677 τοῦ
2691 1631 2845 1690 νόμου.

1599 1721 1863 1735 .......
1875 1705 1879 1709 ’
1905 1691 1923 1717 ⁶
1932 1694 2064 1748 χωρὶς
2108 1695 2363 1747 συγγενείας
2407 1687 2581 1743 ἀπάσης
2623 1689 2944 1734 τελευτώντων

1595 1743 1757 1800 μόνους
1793 1745 1876 1789 τὸν
1914 1744 2133 1804 πάτρωνα
2174 1750 2247 1786 καὶ
2287 1745 2371 1798 τὴν
2400 1744 2729 1804 πατρώνισσαν
2767 1743 2868 1789 τούς
2894 1762 2945 1788 τε

1598 1803 1751 1844 αὐτῶν
1779 1800 1896 1844 υἱοὺς
1925 1805 1999 1843 καὶ
2030 1802 2284 1859 θυγατέρας
2313 1800 2566 1854 καλεῖσθαι,
2598 1804 2671 1843 καὶ
2696 1806 2824 1860 μέχρι
2847 1798 2943 1844 τοῦ-

1596 1873 1674 1900 του
1703 1855 1875 1910 ταύτην
1906 1857 2129 1899 ἵστασθαι
2158 1856 2242 1910 τὴν
2277 1854 2502 1911 διαδοχήν,
2539 1854 2618 1900 οὐκ
2656 1856 2943 1914 ἀπελευθερι-

1597 1914 1670 1966 κῆς
1698 1914 1774 1966 τῆς
1802 1911 1996 1965 κλήσεως
2026 1910 2185 1965 αὐτοῖς,
2223 1909 2325 1955 ἀλλ’
2369 1915 2416 1955 ἐκ
2447 1915 2523 1967 τῆς
2552 1911 2777 1972 παρούσης
2816 1909 2945 1970 ἡμῶν

1599 1973 1651 2012 24
1709 1966 1952 2022 διατάξεως
1982 1966 2224 2023 διδομένης.
2270 1965 2460 2011 Κάκεῖνο
2491 1967 2541 2011 δὲ
2564 1971 2634 2024 τῷ
2657 1966 2783 2025 νόμῳ
2810 1985 2943 2028 προσ-

1600 2025 1751 2067 θεῖναι
1780 2021 1919 2068 καλόν
1947 2041 1998 2068 τε
2026 2028 2100 2067 καὶ
2129 2021 2376 2084 ἀναγκαῖον
2405 2023 2637 2093 ᾠήθημεν,
2670 2023 2742 2078 ὠς,
2771 2026 2811 2068 εἰ
2840 2039 2945 2081 συμ-

1594 2082 1730 2137 βαίηΊ
1762 2081 1864 2125 τούς
1893 2079 2198 2125 έλευθεοωτὰς
2226 2077 2316 2126 ἀπὸ
2345 2079 2638 2141 κληρονομων
2659 2078 2945 2135 ποιήσασθαι

1595 2136 1696 2181 τούς
1741 2138 1918 2180 ἑαυτῶν
1961 2121 2125 2182 παῖδας
2168 2141 2242 2180 καὶ
2284 2135 2427 2193 μηδὲν
2467 2133 2615 2182 αὐτοῖς
2652 2139 2730 2191 τῆς
2769 2138 2945 2181 ἑαυτῶν

1594 2199 1849 2252 περιουσίας
1873 2193 2149 2245 καταλιπεῖν,
2175 2192 2237 2249 μὴ
2262 2191 2518 2249 δυνηθῆναι
2543 2192 2621 2237 δὲῦ
2646 2190 2835 2237 aizoi&
2862 2192 2924 2250 μά

1592 2267 1676 2304 την
1698 2245 1989 2307 ὑβρισμένους
2013 2247 2249 2301 ἀποδεῖξαι
2296 2247 2411 2306 μηδὲ
2427 2251 2460 2276 ¹⁰
2481 2247 2664 2293 τούτους
2688 2251 2805 2301 ἕξειν
2829 2249 2944 2293 κατὰ

1591 2307 1689 2348 τῶν
1718 2303 1959 2360 διαθηκῶν
1988 2308 2086 2349 τῶν
2119 2302 2442 2349 ἀπελευθέοων
2470 2306 2735 2365 πατρωνικά
2777 2304 2942 2349 δίκαια.

1592 2358 1858 2405 ἀδιαθέτων
1902 2365 2056 2417 μέντοι
2107 2366 2181 2405 καὶ
2222 2348 2436 2406 ἅπαίδων
2479 2359 2801 2406 τελευτώντων
2844 2364 2943 2405 τῶν

1591 2414 1912 2477 ἀπελευθέρων
1957 2414 2201 2471 κάκείνους,
2253 2418 2361 2461 ἴσως
2402 2421 2487 2474 μὲν
2531 2415 2610 2461 οὐκ
2655 2415 2813 2472 ἀξίως,
2868 2416 2942 2464 διὰ

1595 2568 1733 2601 extant
1757 2560 1797 2600 in
1837 2559 1878 2599 V
1985 2561 2039 2610 (7)
2073 2573 2126 2600 συ
2159 2557 2268 2612 βαίη
2298 2559 2545 2611 Zachariae,
2584 2562 2852 2616 w(9o?)at⁷1
2893 2578 2941 2604 ea:

1595 2616 1867 2657 emendatione
1903 2617 1941 2655 V
2023 2618 2079 2666 (8)
2140 2617 2165 2656 ε’
2184 2617 2346 2670 scripsi,
2375 2631 2424 2657 τε
2459 2616 2528 2666 V“‚
2559 2631 2604 2658 »e
2638 2614 2694 2656 Vb
2778 2618 2836 2670 (9)
2867 2613 2939 2659 αύ-

1593 2668 1694 2713 τούς
1722 2672 1968 2722 Herrmann,
1999 2684 2179 2712 εαυτους
2219 2672 2258 2712 V
2366 2673 2443 2723 (10)
2471 2686 2584 2726 μήτε
2623 2673 2666 2713 V

1592 2842 1643 2883 22
1705 2843 1780 2883 tur
1823 2839 2155 2896 conquiescant.
2228 2834 2364 2891 Quod
2404 2837 2446 2881 si
2489 2837 2586 2882 ado·
2617 2839 2733 2884 tivos
2776 2838 2942 2885 liberos

1592 2894 1756 2939 liabent
1783 2894 2046 2939 manumissi
2074 2899 2156 2938 aut
2177 2893 2384 2952 patroni,
2415 2893 2518 2947 hos,
2559 2853 2664 2939 licet
2685 2895 2775 2952 filii
2801 2896 2939 2953 fami-

1591 2951 1678 2995 lias
1705 2951 1809 3004 sint,
1840 2965 1934 2996 non
1959 2950 2161 3007 filiorum
2190 2949 2292 2994 loco
2322 2948 2551 3004 habemus,
2587 2951 2670 2995 sed
2696 2957 2939 2997 extraneo·

1590 3021 1701 3051 rum.
1761 3007 1843 3052 sed
1876 3013 1921 3051 et
1957 3007 1999 3051 si
2029 3006 2223 3065 patroni
2252 3006 2525 3050 decesserint
2550 3008 2786 3051 eaetraneis
2812 3006 2938 3053 ltere-

1590 3062 1722 3107 dibus
1747 3063 1929 3115 relictis,
1953 3062 2001 3107 lli
2025 3076 2117 3106 non
2141 3068 2364 3106 vocantur
2377 3061 2441 3105 ad
2459 3061 2609 3106 liberti
2623 3061 2939 3108 hereditatem:

1592 3122 1644 3163 23
1699 3119 1987 3177 coqnationis
2015 3118 2131 3162 enim
2160 3117 2258 3162 iure
2286 3117 2542 3161 succeditur
2572 3117 2756 3162 libertis.
2815 3116 2935 3172 Quo-

1590 3175 1712 3218 niam
1756 3188 1862 3219 vero
1904 3179 2030 3219 vetus
2072 3173 2292 3218 bonorum
2335 3174 2570 3230 possessio
2619 3179 2712 3218 tum
2757 3188 2938 3233 quoque

1590 3229 1893 3288 competebat,
1933 3243 2032 3273 cum
2068 3228 2196 3285 filius
2234 3228 2382 3272 liberti
2404 3234 2518 3286 post
2544 3230 2937 3276 manumissionem

1587 3292 1725 3333 natus
1752 3285 1848 3330 sine
1879 3290 2143 3329 testamento
2173 3291 2218 3328 et
2246 3283 2520 3342 coquatione
2548 3285 2823 3340 decessisset,
2860 3301 2936 3332 vo-

1587 3342 1810 3401 cabatque
1835 3340 1987 3398 patris
2013 3340 2383 3384 manumissorem
2413 3345 2458 3385 et
2486 3347 2709 3399 coquatos
2732 3342 2830 3387 eius
2844 3358 2937 3402 per

1588 3399 1760 3445 virilem
1805 3410 1979 3449 sescum,
2023 3396 2117 3440 sive
2153 3396 2425 3440 mansissent
2461 3398 2621 3454 aqnati
2658 3397 2751 3443 sive
2786 3405 2936 3444 status

1587 3455 1878 3500 mutationem
1910 3451 2045 3513 passi
2085 3457 2252 3505 essent,
2295 3451 2524 3496 statuebat
2565 3461 2737 3507 autem,
2778 3460 2852 3508 ut,
2894 3457 2936 3500 si

1587 3511 1720 3555 liuius
1748 3510 1896 3555 liberti
1918 3513 2151 3569 patronus
2178 3508 2276 3567 ipse
2304 3507 2493 3552 libertus
2521 3509 2642 3553 alius
2670 3511 2935 3569 cuiusquam

1586 3574 1721 3619 esset,
1758 3566 1951 3625 patroni
1993 3577 2176 3623 quoque
2218 3571 2450 3623 patronus
2491 3566 2676 3623 eiusque
2719 3569 2933 3624 coqnatio

1586 3629 1839 3675 vocaretur,
1867 3623 2017 3666 sancit
2041 3620 2318 3674 constitutio,
2347 3626 2412 3673 ut,
2441 3620 2482 3664 si
2504 3620 2654 3665 liberti
2677 3621 2807 3666 liberi
2863 3630 2936 3667 ost

1586 3678 1974 3723 manumissionem
2013 3679 2112 3724 nati
2147 3680 2404 3724 moriantur
2437 3676 2642 3721 intestati
2677 3684 2724 3722 et
2761 3692 2822 3721 nu
2842 3678 2931 3722 lum

1588 3734 1767 3778 omnino
1794 3740 2038 3791 coqnatum
2061 3734 2288 3789 habentes,
2310 3735 2400 3779 soli
2414 3737 2650 3793 patronus
2666 3738 2710 3776 et
2723 3738 2930 3791 patrona

1586 3796 1811 3835 vocentur.
1871 3791 2085 3849 competit
2120 3791 2261 3849 iqitur
2300 3790 2387 3836 hoc
2423 3792 2495 3835 ius
2533 3791 2581 3834 in
2609 3791 2721 3835 solis
2747 3790 2858 3848 filiis
2886 3801 2931 3837 et

1582 3845 1765 3902 filiabus
1804 3845 1954 3891 liberti
1982 3852 2188 3904 patrono
2227 3847 2299 3893 vel
2322 3851 2557 3905 patronae
2597 3847 2927 3904 superstitibus,

1586 3908 1638 3946 ut
1673 3915 1766 3946 non
1803 3901 2000 3960 amplius
2035 3902 2274 3948 videantur
2307 3901 2545 3946 succedere
2588 3901 2748 3945 liberto
2787 3904 2927 3959 (quo-

1585 3957 1719 4002 modo
1744 3958 1862 4002 enim
1886 3956 2073 4003 libertus
2096 3965 2165 4004 est
2186 3964 2321 4003 natus
2333 3963 2448 4016 post
2460 3957 2851 4001 manumissionem
2861 3959 2925 4013 5³),

1584 4012 1665 4057 sed
1691 4013 1866 4058 lucrum
1896 4027 1958 4058 ex
1986 4012 2073 4059 Itac
2100 4015 2204 4073 ipsa
2233 4014 2330 4071 leqe
2357 4012 2532 4057 lzabere.

1585 4103 1596 4114 .
1627 4103 1638 4113 .
1669 4103 1679 4112 .
1709 4070 1806 4114 sine
1835 4069 1931 4113 ulla
1960 4071 2233 4127 coqnatione
2260 4069 2449 4113 mortuis
2477 4073 2730 4126 patronum
2759 4075 2923 4127 patro-

1584 4138 1690 4168 nam
1730 4138 1975 4182 eorumque
2007 4126 2131 4183 filios
2166 4126 2378 4183 filiasque
2420 4123 2575 4168 vocari
2617 4130 2663 4168 et
2697 4123 2837 4168 leucus
2869 4139 2925 4169 ue

1583 4181 1905 4225 successionem
1949 4183 2214 4235 consistere,
2259 4189 2310 4225 ut
2352 4193 2443 4224 non
2479 4193 2541 4224 ex
2578 4179 2676 4224 iure
2714 4193 2803 4237 quo
2874 4181 2922 4223 in

1586 4236 1756 4281 libertis
1800 4235 1988 4291 obtinet,
2038 4238 2121 4283 sed
2170 4251 2232 4282 ex
2273 4236 2359 4280 hac
2401 4241 2561 4279 nostra
2604 4235 2922 4280 constitutione

1585 4296 1639 4336 24
1696 4298 1921 4337 vocentur.
1991 4290 2117 4338 Illud
2152 4305 2331 4351 quoque
2371 4290 2460 4347 leqi
2489 4290 2656 4335 addere
2676 4290 2920 4349 pulchrum

1585 4348 1971 4406 necessariumque
1995 4349 2222 4400 duximus,
2253 4347 2295 4391 si
2323 4346 2576 4403 contiqerit,
2607 4352 2658 4389 ut
2682 4347 2919 4390 manumis-

1584 4417 1711 4448 sores
1740 4403 1905 4448 liberos
1924 4418 2033 4449 suos
2056 4403 2303 4450 exheredes
2319 4402 2518 4459 fecerint
2537 4400 2652 4445 nihil
2684 4415 2737 4446 ue
2765 4402 2831 4445 eis
2857 4415 2921 4446 ex

1582 4459 1881 4517 facultatibus
1913 4461 2010 4505 suis
2045 4460 2330 4519 reliquerint,
2371 4472 2513 4515 neque
2546 4471 2635 4516 pro
2666 4457 2739 4501 ari
2766 4458 2921 4516 possit

1586 4523 1746 4560 temere
1787 4515 2000 4561 iniuriam
2043 4518 2109 4562 eis
2146 4518 2322 4575 factam
2366 4528 2484 4566 esse,
2530 4528 2586 4557 ne
2628 4513 2699 4557 llis
2741 4513 2918 4570 quidem

1584 4576 1745 4616 contra
1774 4570 2034 4617 libertorum
2065 4576 2326 4617 testamenta
2346 4575 2650 4628 patronorum
2673 4570 2777 4612 iura
2800 4582 2916 4614 oom-

1575 4633 1745 4686 petere.
1804 4627 1928 4684 quod
1954 4630 1995 4672 si
2023 4628 2171 4672 liberti
2207 4625 2407 4670 intestati
2442 4630 2486 4669 et
2519 4625 2616 4669 sine
2652 4625 2804 4669 liberis
2842 4625 2916 4669 de-
