3138 4776
218 171 318 221 19.
365 169 443 220 10.
486 169 535 217 11
1545 146 1615 204 62

214 314 340 371 liquis
385 314 467 358 sub
510 315 725 368 tempore,
757 308 856 363 'quo
887 305 1038 350 Iudaei
1076 305 1220 351 cultus
1250 301 1319 347 sui
1344 310 1545 344 reveren-

213 373 316 414 tiam
359 374 545 422 servant,
590 366 801 412 neminem
839 364 917 405 aut
952 360 1102 407 facere
1143 358 1306 416 aliquid
1342 358 1422 399 aut
1455 354 1548 399 ulla

204 430 269 468 'ex
309 427 434 480 parte
479 420 697 468 conveniri
741 417 901 461 debere
942 417 1091 471 praeci
1123 416 1235 459 imus
1274 413 1354 468 (ita
1383 415 1545 462 tamen,

210 484 261 524 ut
298 491 381 523 nec
417 478 502 522 illis
532 478 659 521 detur
687 471 863 517 licentia
893 471 1044 515 eodem
1120 484 1143 514 e
1174 467 1446 514 Christianos
1476 478 1545 510 or-

206 534 429 580 thodoxos
460 531 699 581 convenire,
730 540 783 570 ne
802 525 1042 570 Christiani
1068 527 1184 570 forte
1213 538 1267 568 ex
1293 521 1546 577 interpella-

212 592 329 635 tione
357 589 617 633 Iudaeorum
645 584 699 626 ab
731 581 995 626 officialibus
1024 581 1235 636 praefatis
1275 578 1430 622 diebus
1468 577 1545 620 ali-

241 657 342 689 uam
371 644 615 688 sustineant
641 636 945 689 molestiam¹),
978 648 1078 679 cum
1105 635 1330 679 fiscalibus
1356 645 1547 677 commo-

211 659 278 743 dis
308 704 353 744 et
379 698 525 752 litigiis
554 694 819 750 privatorum
851 693 1028 735 constat
1064 690 1257 746 reliquos
1294 689 1387 753 dies
1416 701 1548 746 posse

212 754 426 799 sufficere.
486 751 540 794 D.
579 760 648 792 Vll
672 747 728 791 slc.
760 748 874 804 Auq.
914 745 1158 790 Ravennae
1187 744 1397 789 Honorio
1435 756 1552 788 VIII!

211 815 257 854 et
285 806 531 852 Theodosio
570 816 599 847 ν
620 803 712 846 AA.
744 814 887 846 conss.
1360 805 1418 854 [a.
1448 803 1546 852 412]

272 862 333 908 14
364 860 505 904 ²Idem
547 859 638 902 AA.
684 855 900 916 Philippo
935 871 973 916 p
1019 857 1047 900 ³.
1119 855 1282 901 Nullus
1324 860 1548 911 tamquam

208 919 410 969 Iudaeae,
452 927 550 958 cum
579 914 637 956 sit
663 913 889 966 innocens,
931 926 957 957 o
978 915 1163 956 “teratur
1191 925 1272 956 nec
1304 912 1549 968 expositum

209 986 307 1016 eum
342 971 399 1014 ad
436 969 742 1014 contumeliam
778 968 931 1024 religio
961 967 1294 1025 qualiscumque
1321 967 1547 1024 perficiat:

208 1041 296 1072 non
324 1026 490 1083 passim
518 1037 670 1068 eorum
699 1036 946 1081 synagogae
985 1024 1055 1068 vel
1081 1023 1337 1068 habitacula
1367 1035 1549 1068 concre-

208 1086 381 1127 mentur
422 1081 492 1124 vel
534 1091 766 1137 perperam
808 1081 903 1124 sine
946 1080 1038 1124 ulla
1088 1080 1260 1124 ratione
1301 1079 1548 1132 laedantur,

210 1152 308 1182 cum
337 1135 544 1192 alioquin,
575 1136 707 1179 etiam
736 1136 774 1179 si
804 1135 863 1179 sit
891 1135 1049 1192 aliquis
1089 1135 1329 1180 sceleribus
1364 1134 1548 1190 implici-

207 1200 292 1246 tus,
331 1192 497 1236 idcirco
533 1194 682 1235 tamen
717 1190 981 1235 iudiciorum
1009 1191 1132 1246 vigor
1159 1191 1356 1246 iurisque
1383 1189 1551 1246 publici

207 1249 345 1293 tutela
372 1247 545 1292 videtur
571 1246 619 1290 in
647 1246 789 1291 medio
821 1247 1076 1301 constituta,
1116 1259 1173 1290 ne
1207 1247 1439 1302 quisquam
1467 1245 1551 1288 sibi

216 1310 228 1347 1
289 1304 414 1360 ipse⁴
441 1302 697 1358 permittere
724 1303 869 1347 valeat
898 1303 1121 1347 ultionem.
1181 1301 1268 1346 Sed
1296 1306 1346 1344 ut
1374 1301 1460 1344 hoc
1475 1300 1550 1344 Iu-

208 1360 416 1404 daeorum
451 1359 651 1414 personis
690 1358 890 1403 volumus
930 1370 1028 1403 esse
1063 1357 1311 1413 provisum,
1349 1357 1413 1422 ita
1441 1355 1551 1420 illud

207 1412 1401 1527 33¹1?iiisliiienidlii'kiqeiiesuiessiffiti’oenguiiffli
1421 1411 1551 1524 itti-

206 1526 395 1627 {51³2}ss
418 1523 1553 1640 iiiii?atiziizztiissststffizt⁶233&

210 1637 459 1682 Theodosio
499 1650 528 1681 V
550 1638 642 1682 AA.
674 1651 817 1682 conss.
1363 1640 1420 1688 [a.
1453 1638 1550 1686 412]

268 1691 328 1739 15
361 1692 506 1738 “Idem
534 1693 627 1737 AA.
657 1693 902 1737 Aureliano
924 1693 1030 1751 pp!
1087 1691 1134 1735 Si
1163 1703 1250 1747 qua
1278 1692 1395 1735 inter
1424 1690 1550 1734 Chri-

123 1778 126 1780 *
207 1750 374 1793 stianos
414 1753 461 1793 et
494 1748 681 1794 Iudaeos
719 1749 780 1793 sit
809 1748 1032 1793 contentio
1046 1748 1076 1803 ⁸,
1115 1761 1205 1791 non
1240 1760 1268 1791 a
1306 1746 1552 1791 senioribus

205 1805 494 1858 Iudaeorum,
549 1805 628 1849 sed
670 1806 727 1849 ab
771 1804 1004 1849 ordinariis
1042 1803 1263 1847 iudicibus
1307 1802 1550 1847 dirimatur.

206 1860 261 1904 D.
286 1872 390 1904 ΧιΙι
413 1860 457 1904 Ic.
483 1860 595 1906 Νου.
623 1859 1014 1919 Constantinopoli
1044 1858 1253 1904 Honorio
1283 1870 1322 1903 Χ
1345 1863 1392 1903 et
1414 1857 1552 1902 Theo-

207 1916 334 1960 dosio
374 1927 425 1960 VJ
448 1917 540 1960 AA.
572 1929 715 1961 conss.
1367 1915 1422 1968 [a.
1454 1916 1551 1965 415]

268 1968 331 2018 16
363 1970 508 2016 ⁹Idem
535 1972 628 2017 AA.
660 1970 977 2030 Asclepiodoto
1009 1985 1093 2030 pp.
1160 1969 1314 2014 Iudaei
1342 1974 1387 2013 et
1414 1970 1552 2013 bono-

207 2039 305 2071 rum
341 2027 664 2084 proscriptione
703 2031 748 2071 et
781 2031 996 2084 perpetuo
1036 2026 1165 2070 exilio
1213 2025 1552 2078 damnabuntur,

208 2084 246 2127 si
297 2087 477 2127 nostrae
527 2082 631 2127 fidei
689 2083 908 2127 hominem
970 2080 1296 2127 circumcidisse
1359 2094 1435 2126 eos
1485 2080 1554 2125 vel

209 2138 613 2183 circumcidendum
662 2138 896 2183 mandasse
953 2137 1216 2183 constiterit.
1307 2136 1363 2181 D.
1412 2149 1441 2180 V
1491 2136 1551 2179 id.

208 2194 353 2253 April.
401 2193 795 2253 Constantinopoli
835 2193 1154 2253 Asclepiodoto
1205 2197 1250 2238 et
1290 2191 1553 2290 Mariniggo

210 2262 354 2294 conss.
1382 2261 1423 2292 a.

270 2302 333 2351 17
369 2303 551 2369 ¹⁰Impp.
586 2303 865 2350 Theodosius
901 2309 946 2349 et
984 2303 1328 2348 Valentinianus
1355 2248 1446 2347 ΕΜ.
1479 2246 1554 2366 1ρὲ

209 2360 350 2405 hanni
377 2360 530 2404 comiti
547 2373 784 2404 sacrarum
805 2359 878 2404 lar
910 2359 1110 2403 itionum.
1170 2358 1434 2402 Iudaeorum
1462 2371 1553 2414 pri-

208 2420 374 2469 mates,
413 2415 487 2470 qui
522 2415 569 2458 in
604 2416 834 2471 utriusque
862 2373 1141 2458 Iqalaestinae
1171 2413 1386 2470 synedriis
1415 2413 1554 2456 nomi-

207 2475 372 2514 nantur
414 2471 483 2514 vel
523 2471 570 2514 in
613 2471 711 2515 aliis
750 2470 988 2526 provinciis
1017 2469 1199 2525 degunt,
1245 2468 1442 2524 periculo
1472 2481 1554 2512 suo

209 2526 555 2570 anniversarium
592 2538 804 2570 canonem
842 2526 898 2570 de
938 2525 1169 2582 synagogis
1198 2525 1401 2568 omnibus
1430 2524 1554 2580 pala-

207 2583 312 2626 tinis
353 2582 717 2637 compellentibus
753 2581 930 2638 exigant
966 2581 1023 2624 ad
1053 2593 1149 2624 eam
1177 2579 1383 2634 formam,
1423 2591 1554 2634 quam

207 2637 491 2694 patriarchae
520 2637 740 2694 quondam
779 2637 997 2682 coronarii
1026 2636 1124 2680 auri
1152 2636 1327 2680 nomine
1355 2635 1554 2692 postula-

208 2695 341 2738 bant:
373 2697 418 2737 et
445 2694 544 2744 hoc,
575 2693 692 2747 quod
720 2693 776 2737 de
804 2692 1152 2737 occidentalibus
1181 2692 1385 2747 partibus
1403 2693 1435 2718 ¹²
1473 2703 1554 2790 pa·

210 2748 417 2792 triarchis
462 2747 652 2792 conferri
696 2752 997 2802 consueverat,
1043 2748 1207 2791 nostris
1251 2746 1471 2801 largitioni
1503 2760 1554 2790 us

210 2802 439 2845 inferatur.
497 2802 552 2846 D.
585 2814 653 2845 ιη
688 2802 730 2846 lc.
762 2801 863 2846 Iun.
898 2801 1289 2859 Constantinopoli
1320 2801 1554 2846 Florentio

213 2861 259 2900 et
285 2855 508 2911 Dionysio
540 2868 683 2899 conss.
1356 2856 1418 2912 [a.
1450 2855 1552 2912 429]

275 2906 337 2955 18
368 2907 469 2963 (19)
516 2908 675 2953 ¹²Idem
714 2910 805 2953 AA.
837 2909 1069 2954 Florentio
1100 2924 1185 2974 pp.
1254 2910 1351 2954 Hac
1386 2911 1558 2954 victura

214 2965 261 3008 in
297 2977 424 3008 omne
462 2977 618 3008 aevum
652 2965 747 3020 lege
787 2965 1005 3009 sancimus
1040 2977 1256 3008 neminem
1282 2964 1556 3020 Iudaeumffl,

246 3020 376 3064 uibus
419 3032 570 3064 omnes
612 3019 1013 3064 administrationes
1055 3024 1100 3064 et
1143 3020 1377 3076 dignitates
1419 3021 1556 3065 inter-

245 3076 360 3119 ictae
389 3079 511 3130 sunt,
549 3087 631 3119 nec
660 3075 903 3120 defensoris
933 3075 1122 3120 civitatis
1154 3076 1280 3130 fungi
1307 3077 1464 3121 saltem
1493 3077 1558 3121 of-

214 3131 315 3175 ficio
359 3142 441 3174 nec
482 3130 622 3186 patris
640 3131 674 3157 ¹⁴
716 3132 929 3175 honorem
965 3131 1169 3187 adripere
1213 3131 1493 3177 concedimus
1509 3134 1555 3187 ¹⁵,

214 3199 270 3230 ne
310 3185 518 3241 adquisiti
558 3186 644 3231 sibi
681 3185 819 3231 officii
857 3187 1125 3231 auctoritate
1161 3187 1320 3231 muniti
1347 3187 1557 3232 adversus

216 3241 489 3286 Christianos
524 3245 570 3287 et
605 3242 725 3298 ipsos
754 3242 1013 3298 plerumque
1041 3254 1197 3286 sacrae
1223 3242 1447 3297 religionis
1478 3256 1556 3287 an-

213 3297 376 3341 tistites
414 3298 532 3341 velut
571 3297 834 3341 insultantes
871 3297 974 3342 fidei
1014 3302 1192 3342 nostrae
1228 3298 1452 3343 iudicandi
1489 3300 1558 3343 vel

219 3358 236 3395 1
297 3352 613 3408 pronuntiandi
642 3353 880 3408 quamlibet
895 3354 930 3381 ¹⁶
957 3354 1151 3398 habeant
1173 3357 1452 3410 potestatem.
1497 3355 1555 3398 Il-

215 3407 292 3452 lud
315 3408 446 3452 etiam
469 3409 567 3464 pari
593 3408 941 3453 consideratione
962 3409 1148 3454 rationis
1170 3414 1406 3465 arguentes
1459 3422 1555 3455 rae-

216 3464 414 3519 cipimus,
453 3475 510 3507 ne
547 3476 635 3518 qua
662 3463 843 3508 Iudaica
881 3477 1103 3521 synagoga
1139 3465 1188 3510 in
1222 3478 1382 3510 novam
1419 3424 1556 3511 gibri-

217 3532 314 3562 cam
343 3521 506 3574 surgat,
535 3518 745 3563 fulciendi
773 3523 943 3563 veteres
971 3521 1184 3575 permissa
1212 3521 1401 3576 licentia,
1471 3535 1556 3566 uae

217 3576 243 3617 2
313 3574 487 3618 ruinam
529 3574 765 3618 minantur.
844 3575 1049 3630 Quisquis
1097 3576 1233 3631 igitur
1273 3577 1341 3621 vel
1391 3577 1439 3621 in
1459 3579 1555 3622 ulas

217 3629 396 3685 ceperit,
440 3629 649 3685 quaesitis
693 3630 979 3686 dignitatibus
1022 3644 1111 3675 non
1148 3631 1364 3688 potiatur,
1409 3634 1479 3678 vel
1517 3634 1557 3679 si

216 3771 266 3821 (1)
296 3769 356 3808 ita
385 3799 394 3808 .
412 3798 422 3808 .
439 3798 450 3809 .
480 3767 706 3810 molestiam
735 3784 808 3813 om.
845 3770 916 3811 le.

1074 3772 1129 3823 (2)
1158 3792 1213 3807 =
1247 3773 1319 3814 le.
1355 3775 1418 3825 16,
1448 3782 1483 3826 8,
1513 3782 1553 3816 21

215 3826 269 3876 (3)
298 3836 373 3877 per
385 3822 602 3879 Illyricum
631 3826 751 3867 addit
772 3823 843 3866 Th.

929 3825 985 3877 (ι)
1014 3827 1073 3867 εἰσ
1102 3827 1193 3868 dett.
1214 3828 1348 3881 TaB,
1376 3828 1458 3883 ipsi
1481 3829 1553 3871 CR

216 3882 268 3931 (5)
284 3891 475 3944 praeceps
489 3880 535 3944 in
551 3880 798 3945 christianae
814 3881 1086 3922 reverentiam
1100 3881 1295 3924 cultionis
1307 3885 1379 3926 Th.
1401 3899 1486 3926 cum
1495 3884 1553 3936 B,

213 3938 456 3998 praecipites
493 3948 539 3976 in
578 3937 826 3978 christianae
862 3938 1028 3988 (-—nam
1063 3937 1152 3990 CR)
1188 3939 1459 3981 reverentiam
1487 3939 1553 3981 ul-

214 3991 508 4096 attii&
526 4047 618 4099 Th„
640 3992 852 4088 (13..ῖᾶ
847 3993 1020 4089 'tir’
1037 3999 1082 4034 ²²
1168 3996 1449 4100 ‹9)‘⁷.'=P¹'·1{?
1478 3996 1552 4103 i&

218 4109 254 4152 s,
280 4107 325 4142 2ο
423 4101 496 4151 (ιο)
528 4122 582 4138 ==
615 4102 687 4143 Th.
724 4105 784 4153 16,
817 4111 852 4155 s,
884 4111 928 4146 29
1022 4104 1092 4156 (11)
1119 4104 1306 4157 partibus
1336 4108 1428 4149 dett.
1464 4108 1552 4160 Th„

217 4171 290 4196 om.
325 4155 398 4197 CR
577 4157 650 4208 (12)
682 4178 737 4195 ==
765 4158 870 4201 Nov.
906 4158 1052 4200 Theod.
1084 4167 1104 4201 3
1145 4165 1165 4208 §
1199 4168 1219 4200 2
1345 4171 1390 4205 5.-
1434 4163 1553 4218 iunge

219 4213 256 4260 1,
286 4220 321 4262 5,
352 4219 385 4252 ’1.
419 4212 455 4263 1,
486 4220 520 4261 ’1,
550 4221 570 4252 5
727 4213 800 4264 (13)
827 4215 888 4255 sic
917 4214 1013 4256 libri
1040 4229 1124 4256 cum
1146 4215 1308 4257 Nomoc.
1339 4227 1378 4260 et
1394 4218 1552 4260 Conse..-

216 4263 364 4304 excidit
391 4262 596 4303 neminem
625 4264 860 4304 samaritam
889 4264 1105 4306 secundum
1131 4263 1176 4304 B
1207 4272 1244 4304 et
1274 4264 1480 4306 Paratitla
1505 4265 1562 4305 ad

222 4319 352 4360 Conse.
370 4326 403 4359 2.
424 4326 442 4359 7
465 4322 505 4358 et
524 4317 629 4359 Νου.
652 4319 813 4371 Theoti„
844 4335 947 4373 quae
967 4320 1109 4361 habet.-
1139 4319 1343 4360 neminem
1361 4319 1561 4361 Iudaeum

216 4373 423 4413 neminem
451 4372 695 4413 Samaritam
733 4374 785 4414 ad
822 4375 999 4417 honores
1037 4376 1079 4415 et
1114 4374 1341 4427 dignitates
1371 4375 1561 4417 accedere

216 4429 289 4480 (14)
318 4430 378 4470 sic
405 4428 566 4480 Graeci,
603 4429 762 4483 patriae
793 4431 888 4472 libri
999 4430 1073 4483 (15)
1103 4443 1178 4471 nec
1205 4443 1246 4484 p.
1277 4431 1318 4471 h.
1348 4445 1384 4472 a.
1416 4444 1560 4473 conce·

217 4483 352 4524 dimus
380 4499 453 4526 om.
483 4484 588 4526 Νου.
704 4488 776 4536 (111)
808 4486 918 4538 quod
947 4485 1080 4529 velint
1107 4485 1214 4529 Νου.
1320 4489 1397 4540 (17)
1426 4487 1560 4529 Theo-

218 4538 331 4579 dosio
361 4541 409 4579 A.
439 4552 520 4581 xvr
549 4541 590 4581 et
612 4541 768 4582 Fausto
796 4553 927 4584 conss.
958 4544 1014 4594 (a.
1044 4545 1128 4594 438)
1159 4544 1196 4595 1,
1228 4551 1261 4595 ⁶,
1291 4552 1310 4586 7
1341 4558 1426 4587 cum
1451 4543 1558 4587 Νου.

273 4595 349 4645 (18)
398 4596 440 4638 Β
471 4598 545 4648 60,
577 4605 631 4648 54,
662 4605 713 4640 81.
746 4606 789 4639 82
961 4599 1037 4651 (19)
1083 4613 1116 4641 c.
1147 4607 1164 4641 1
1204 4601 1473 4641 contaminata
1504 4607 1562 4642 eet

2628 162 2705 202 DE
2740 160 2962 202 mDAEIs

1628 297 1686 342 ad
1723 297 1873 342 officia
1909 298 2046 344 vetita
2073 298 2362 357 subrepserit,
2402 297 2471 341 his
2510 297 2684 354 penitus
2711 297 2962 355 repelletur,

1626 353 1695 398 vel
1733 353 1785 418 si,
1809 364 2072 411 synagogam
2109 355 2372 407 extruxerit,
2423 353 2681 409 compendio
2720 353 2965 399 catholicae

1628 408 1841 454 ecclesiae
1876 410 2047 454 noverit
2074 424 2122 456 se
2147 412 2393 456 laborasse:
2435 411 2481 453 et
2508 408 2584 464 qui
2615 408 2674 453 ad
2700 409 2891 454 honores
2922 413 2966 452 et

1627 465 1860 520 dignitates
1890 464 2134 521 inrepserit,
2163 468 2392 519 habeatur,
2423 468 2474 508 ut
2501 469 2655 517 antea,
2694 463 2964 510 condicionis

1629 525 1862 574 extremae,
1893 520 1979 565 etsi
2006 521 2286 567 honorariam
2321 521 2473 565 illicite
2505 520 2799 576 promeruerit
2825 519 2964 575 digni-

1627 579 1788 620 tatem:
1832 579 1878 619 et
1943 575 1991 619 ui
2018 589 2262 635 synagogae
2289 578 2504 622 fabr-icam
2534 575 2727 631 coeperit
2753 587 2844 620 non
2872 579 2966 620 stu-

1630 632 1700 676 dio
1729 643 1921 687 reparan
1953 631 1964 642 ·
1978 664 1990 684 ,
2027 645 2127 677 cum
2161 634 2319 678 damno
2359 632 2458 677 auri
2492 630 2806 688 quinquaginta
2832 630 2966 676 libra-

1631 693 1654 733 3
1711 700 1810 730 rum
1848 686 2080 732 fraudetur
2125 690 2306 734 ausibus
2351 689 2456 734 suis.
2533 686 2695 732 Cernat
2738 689 2969 742 praeterea

1628 745 1746 788 bona
1790 754 1871 787 sua
1909 745 2175 808 proscripta,
2217 757 2317 788 mox
2355 756 2526 801 poenae
2570 741 2796 798 sanguinis
2834 740 2970 786 desti·

1630 798 1814 853 naudus,
1846 811 1922 854 qui
1950 797 2081 843 fidem
2112 800 2294 844 alterius
2332 799 2594 857 expugnavit
2631 809 2836 854 perversa
2864 795 2968 841 doc-

1629 855 1756 898 trina.
1815 852 1871 898 D.
1898 854 2020 912 prid.
2059 853 2102 900 lc.
2133 855 2262 900 Febr.
2296 853 2688 912 Constantinopoli
2719 850 2969 896 Theodosio

1630 911 1680 954 A.
1713 922 1825 953 xm
1853 915 1899 954 et
1925 909 2060 956 Festo
2090 923 2234 956 conss.
2250 912 2283 938 ¹⁷
2771 906 2834 964 [a.
2865 905 2970 964 439]

2247 1107 2348 1156 X·¹⁸

1631 1189 1710 1229 ΝΕ
1734 1187 2080 1229 CHRISTIANU
2081 1187 2127 1228 M
2147 1187 2472 1229 MANCIPIUM
2487 1186 2848 1230 HAERETICUS
2858 1186 2973 1230 VEL

1631 1243 1888 1285 PAGANUS
1932 1243 2047 1284 VEL
2089 1243 2333 1284 IUDAEUS
2375 1243 2606 1284 HABEAT
2645 1243 2758 1284 VEL
2801 1242 2974 1284 POSSI-

1945 1299 2096 1340 DEAT
2125 1297 2239 1339 VEL
2270 1298 2668 1341 CIRCUMCIDAT.
2971 1320 2974 1322 v

1693 1381 1716 1427 1
1755 1380 1860 1425 ¹⁹Im
1897 1378 2214 1426 .Constantius
2225 1381 2264 1406 2⁰
2292 1382 2343 1424 A.
2371 1382 2432 1424 acl
2460 1379 2566 1424 Eua
2599 1380 2728 1424 rium.
2784 1379 2976 1424 Iudaeus

1633 1450 1807 1482 servum
1837 1395 2134 1482 Cphristianum
2163 1448 2246 1480 nec
2276 1447 2534 1492 comparare
2592 1435 2740 1480 ebebit
2774 1447 2858 1480 nec
2884 1435 2976 1480 lar-

1631 1493 1780 1549 gitatis
1809 1494 1878 1537 vel
1907 1493 1994 1537 alio
2026 1504 2301 1548 quocumque
2329 1491 2459 1536 titulo
2490 1495 2800 1547 consequatur.
2859 1489 2978 1548 quod

1633 1550 1670 1593 si
1700 1549 1857 1605 aliquis
1886 1549 2150 1593 Iudaeorum
2180 1548 2449 1604 mancipium
2475 1548 2544 1591 vel
2574 1547 2870 1592 Christianum
2895 1546 2977 1590 ha-

1632 1606 1778 1649 buerit
1814 1606 1884 1649 vel
1921 1609 2069 1649 sectae
2108 1604 2290 1647 alterius
2329 1616 2407 1648 seu
2437 1603 2630 1647 nationis
2661 1601 2897 1646 crediderit
2925 1613 2980 1646 ex

1634 1673 1910 1717 quacumque
1950 1672 2087 1704 causa
2123 1659 2438 1715 possidendum
2476 1663 2521 1702 et
2556 1659 2603 1702 id
2642 1656 2978 1710 circumciderit,

1633 1730 1723 1761 non
1765 1717 1907 1762 solum
1946 1715 2154 1772 mancipii
2190 1715 2349 1760 damno
2388 1715 2619 1768 multetur,
2658 1726 2808 1758 verum
2845 1712 2980 1758 etiam

1635 1773 1814 1828 capitali
1852 1772 2071 1817 sententia
2108 1771 2343 1827 puniatur,
2381 1771 2478 1828 ipso
2519 1782 2644 1814 servo
2673 1782 2753 1834 pro
2782 1768 2978 1825 praemio

1633 1829 1838 1873 libertate
1867 1827 2087 1872 donando.
2147 1826 2203 1871 D.
2232 1827 2292 1871 id.
2315 1828 2430 1885 Auq.
2458 1825 2851 1884 Constantinopoli
2868 1823 2980 1869 Con-

1633 1885 1802 1928 stantio
1834 1895 1880 1927 II
1905 1888 1950 1928 et
1980 1882 2222 1927 Constante
2251 1896 2395 1927 conss.
2783 1879 2846 1938 [a.
2877 1878 2980 1936 339]

1691 1936 1722 1985 2
1755 1936 2075 1998 [Αὐτοκράτωρ
2100 1934 2410 1981 Ἰουστινιανὸς
2439 1938 2555 1991 A.²¹]

1746 1992 1949 2049 Ἧι(Ἐλλην
1992 1998 2065 2036 καὶ
2098 1990 2302 2037 Ἰουδαῖος
2344 1997 2418 2037 καὶ
2457 1996 2738 2048 Σαμαρείτης
2779 1993 2853 2034 καὶ
2897 1990 2984 2035 πᾶς

1744 2048 1903 2151 sisi
1929 2046 2479 2160 inritassis?
2494 2045 2810 2163 1123111ςέ1.
2821 2041 2982 2145 &titt

1746 2161 2013 2218 κτησάμενος
2041 2138 2202 2204 ἒίδωσι
2229 2164 2320 2205 τοῖς
2347 2177 2383 2206 π
2413 2156 2582 2216 ιβάτοις
2610 2157 2653 2202 λ’
2686 2156 2890 2217 λίτραςὲ3

1635 2217 1690 2262 D.
1723 2230 1814 2262 1111
1838 2217 1881 2262 lc.
1914 2216 2001 2262 Iul.
2036 2215 2392 2276 Constantinopo
2412 2217 2441 2260 i.

2249 2413 2372 2463 ΧΗ*

1756 2496 1833 2536 DE
1863 2496 2107 2537 PAGANIS
2136 2494 2470 2537 SACRIFICIIS
2498 2495 2574 2536 ΕΤ
2601 2493 2861 2536 TEMPLIS.

1697 2576 1720 2624 1
1756 2575 1866 2620 ²⁵Im
1901 2612 1910 2621 .
1945 2575 2233 2622 Constantius
2259 2578 2312 2622 A.
2353 2575 2415 2622 ad
2444 2576 2639 2621 Taurum
2665 2591 2751 2637 pp.
2807 2575 2986 2622 Placuit

1638 2632 1842 2678 omnibus
1890 2633 1982 2677 ocis
2012 2635 2146 2688 atque
2174 2633 2360 2677 urbibus
2403 2632 2622 2678 universis
2664 2632 2811 2678 claudi
2843 2632 2982 2690 proti-

1636 2703 1719 2733 nus
1757 2690 1923 2745 templa
1959 2694 2005 2732 et
2041 2701 2226 2733 accessu
2254 2689 2390 2733 vetito
2430 2689 2632 2733 omnibus
2659 2688 2881 2733 licentiam
2908 2687 2983 2732 de-

1643 2750 1658 2787 1
1720 2744 1946 2799 linquendi
1974 2744 2156 2800 perditis
2186 2745 2407 2800 abnegari.
2452 2744 2669 2790 Volumus
2699 2745 2834 2789 etiam
2849 2756 2983 2788 cunc·

1639 2804 1662 2843 2
1720 2805 1790 2844 tos
1819 2798 2049 2843 sacrificiis
2080 2800 2315 2844 abstinere.
2360 2799 2488 2854 Quod
2508 2800 2547 2844 si
2575 2801 2675 2855 quis
2691 2799 2858 2856 aliquid
2868 2799 2985 2843 forte

1637 2854 1889 2898 huiusmodi
1931 2855 2273 2910 perpetraverit,
2316 2855 2462 2910 gladio
2505 2855 2650 2899 ultore
2693 2857 2919 2900 sternatur
2930 2855 2982 2898 ²⁶.

1637 2910 1874 2953 facultates
1909 2910 2041 2953 etiam
2077 2910 2294 2966 perempti
2326 2909 2437 2954 fisco
2468 2910 2741 2956 decernimus
2769 2910 2984 2956 vindicari

1639 2969 1684 3009 et
1720 2965 1919 3010 similiter
1955 2965 2149 3020 puniri²⁷
2187 2969 2382 3010 rectores
2421 2965 2766 3022 provinciarum,
2806 2966 2845 3011 si
2872 2966 2983 3011 faci·

1638 3033 1749 3066 nora
1771 3020 1995 3064 vindicare
2022 3021 2308 3077 neglexerint.
2362 3020 2418 3066 D.
2443 3021 2487 3066 lc.
2517 3021 2624 3067 Deo.
2653 3021 2914 3067 Constantio
2930 3021 2981 3066 A.

1647 3088 1720 3120 VII
1744 3081 1789 3120 et
1819 3074 2060 3121 Constante
2090 3088 2156 3120 111
2184 3090 2327 3121 conss.
2798 3081 2854 3130 [a.
2887 3077 2984 3133 354]

1670 3129 1727 3196 ‚2
1768 3130 1987 3232 2⁸Imppp.
2028 3130 2273 3197 Gratianus
2311 3131 2653 3198 Valentinianus
2699 3137 2746 3199 et
2784 3131 2984 3198 Ilieodo-

1637 3200 1781 3308 {32⁴3OE
1819 3187 2521 3308 ..iifl-‘tritit'tuiitatuff
2533 3189 2895 3310 ffssiffiiliss
2916 3187 2984 3310 {31

1640 3311 1755 3343 coris
1785 3302 2073 3354 extorumque
2102 3311 2333 3355 praesagio
2361 3311 2501 3344 vanae
2528 3311 2652 3356 spem
2679 3311 2984 3355 promissionis

1639 3354 2984 3466 33321331223332’.‘³333§223⁶tetz‘gzbiissitttffi’ffiffissssifi

1637 3466 1703 3509 bit
1731 3465 1939 3522 supplicii
1970 3466 2194 3510 cruciatus
2223 3467 2307 3519 eis,
2347 3467 2423 3522 qui
2453 3469 2610 3511 contra
2637 3466 2820 3510 vetitum
2854 3477 2982 3522 prae-

1639 3521 1826 3566 sentium
1854 3522 1923 3566 vel
1951 3521 2203 3566 futurarum
2230 3534 2378 3566 rerum
2418 3522 2647 3578 explorare
2675 3521 2984 3578 temptaverint

1637 3578 1881 3622 veritatem.
1945 3576 2001 3621 D.
2041 3589 2135 3620 1⁷11!
2161 3576 2203 3621 lc.
2236 3576 2336 3621 Iun.
2367 3576 2758 3636 Constantinopoli
2784 3575 2982 3622 Arcadio

1637 3638 1689 3679 A.
1719 3638 1766 3678 et
1791 3632 2005 3678 Bautone
2033 3645 2175 3677 conss.
2794 3635 2851 3686 [a.
2883 3634 2982 3684 385]

1639 3789 1687 3816 ex
1721 3773 1793 3814 Th.
1828 3774 1892 3824 16,
1923 3781 1959 3822 9,
1990 3781 2019 3813 1.
2054 3780 2087 3812 2.
2117 3780 2157 3813 4:
2189 3773 2308 3827 iunye
2341 3772 2416 3814 le.
2454 3774 2516 3824 16,
2548 3781 2583 3823 8,
2614 3781 2635 3815 6
2775 3771 2855 3824 (20)
2885 3783 2982 3812 con·

1637 3828 1814 3870 stantius
1861 3828 1933 3870 Th.
1969 3830 2033 3880 16,
2065 3837 2099 3879 8,
2132 3836 2166 3880 6,
2210 3827 2497 3869 constantinus
2539 3827 2616 3870 SR
2664 3828 2736 3870 ΤΙι.
2769 3829 2834 3880 16,
2871 3835 2907 3878 9,
2946 3835 2980 3878 2,

1637 3886 1765 3926 const.
1797 3883 1887 3935 PL,
1917 3885 2118 3924 constant.
2153 3881 2188 3925 C
2325 3886 2399 3936 (21)
2429 3884 2724 3938 inscriptionem
2754 3883 2908 3925 restitui
2935 3897 2983 3924 ex

1637 3950 1668 3993 1,
1698 3949 1733 3992 3,
1763 3947 1820 3991 54,
1851 3947 1872 3981 8
1960 3938 2040 3992 (22)
2068 3959 2125 3976 ιι-
2157 3937 2315 3981 Coma:
2344 3939 2447 3981 inB
2476 3941 2535 3981 ita
2564 3947 2646 3981 est.-
2674 3937 2759 3982 πᾶς
2783 3933 2846 3993 μὴ
2872 3938 2980 3994 Χρι-

1637 3990 1816 4037 στιανὸς
1858 3992 2034 4047 οἰκέτην
2077 3997 2193 4046 ἔχων
2230 3990 2507 4053 Χριστιανὸν
2544 4009 2573 4037 τ
2600 3988 2785 4035 ιάκοντα
2819 3991 2981 4060 χρυσοῦ

1635 4044 1885 4103 καταθήσει
1923 4045 2075 4119 λίτρας
2111 4049 2178 4103 τῷ
2209 4045 2424 4105 δημοσίῳ,
2463 4048 2524 4091 εἰς
2552 4008 2813 4106 ἐῖευθερίαν
2839 4061 2980 4106 αρπα·

1636 4106 1821 4161 ζομένου
1857 4105 1938 4146 τοῦ·
1972 4108 2141 4148 οικέτου
2180 4105 2244 4161 (id
2285 4114 2343 4148 est
2378 4105 2563 4158 quisquis
2606 4117 2691 4146 non
2720 4102 2981 4146 Christianus

1635 4173 1796 4203 servum
1827 4160 2110 4203 Christianum
2138 4161 2275 4214 habet,
2302 4161 2478 4213 triginta
2505 4160 2599 4201 auri
2626 4159 2754 4201 libras
2780 4159 2878 4200 fiseo
2913 4158 2979 4200 in-

1635 4217 1751 4268 feret,
1781 4228 1897 4258 servo
1925 4217 1972 4257 in
2000 4215 2234 4258 libertatem
2261 4219 2416 4270 erepto)
2454 4228 2456 4230 ’
2545 4217 2622 4266 (23)
2654 4217 2701 4257 id
2727 4223 2809 4258 est.-
2846 4215 2978 4268 Paga-

1635 4284 1714 4314 nus
1743 4275 1785 4313 et
1802 4272 1981 4313 Iudaeus
2010 4274 2051 4313 et
2079 4272 2266 4325 quisquis
2295 4284 2380 4313 non
2403 4273 2463 4312 est
2490 4270 2744 4312 orthodoxus
2771 4282 2857 4312 non
2883 4271 2976 4323 pot-

1636 4330 1696 4369 est
1725 4327 2008 4368 Christianum
2034 4328 2288 4381 mancipium
2316 4325 2477 4375 habere,
2508 4326 2607 4378 quia
2635 4327 2678 4367 et
2705 4325 2750 4367 id
2776 4324 2979 4367 liberatur

1637 4385 1678 4425 et
1706 4383 1780 4435 qui
1807 4382 1852 4424 id
1879 4383 2028 4423 habuit
2055 4383 2229 4437 privatis
2256 4394 2353 4424 xxx
2380 4381 2508 4423 libras
2535 4380 2659 4422 solvit

1709 4437 1769 4491 24)
1822 4438 1868 4480 B
1913 4440 1950 4491 1,
1992 4447 2023 4491 1,
2067 4447 2109 4481 12
2151 4454 2262 4493 seqq.
2445 4441 2523 4488 (25)
2562 4457 2618 4473 =
2660 4436 2732 4478 Th.
2778 4437 2840 4487 16,
2870 4444 2925 4487 10,
2956 4443 2977 4479 4

1636 4494 1697 4547 (26
1745 4494 1781 4534 si
1809 4493 1903 4546 quis
1931 4492 2093 4546 aliquid
2120 4494 2149 4535 f.
2162 4494 2203 4536 h.
2223 4492 2522 4547 perpetraverit
2548 4504 2587 4545 g.
2605 4504 2645 4532 u.
2675 4492 2885 4533 sternatur
2903 4489 2964 4532 Ti.

1637 4563 1721 4591 cum
1737 4549 1917 4602 Nomoc„
1946 4549 1982 4589 si
1997 4548 2157 4603 aliquid
2184 4549 2213 4591 f.
2229 4551 2270 4591 h.
2288 4548 2617 4604 perpetraverint
2643 4559 2684 4600 g.
2714 4559 2755 4588 u.
2789 4549 2977 4588 sternan-

1637 4605 1706 4646 tur
1736 4604 1833 4647 libri
1956 4604 2033 4658 (21)
2064 4604 2205 4659 adfligi
2238 4604 2310 4647 Th.
2469 4602 2548 4655 (28)
2577 4623 2631 4639 ==
2666 4602 2737 4645 171.
2773 4603 2837 4654 16,
2866 4610 2922 4654 io,
2949 4610 2970 4641 9
