3034 4776
158 157 233 196 nn
268 155 628 194 'res'rmns'ro
666 153 871 193 innius
1490 139 1586 198 251
2618 144 2658 194 V
2666 144 2689 196 Ι
2727 147 2808 198 20.
2848 148 2907 196 21

158 293 364 336 intestato
395 292 690 336 successionis
720 292 1035 348 computantur
1065 291 1145 344 his,
1178 294 1255 349 qui
1278 295 1334 339 ad
1358 296 1496 340 actio·
1582 294 1681 340 dem
1709 295 1831 352 isque
1860 295 1972 339 adiit
1999 293 2310 348 hereditatem,
2348 295 2466 339 bona
2502 295 2597 340 eius
2627 297 2670 339 in
2701 300 2745 340 te
2774 299 2918 341 trans-

157 359 255 391 nem
300 345 356 391 de
397 346 647 393 inofficioso
694 351 960 392 testamento
999 353 1237 403 vocantur,
1283 352 1416 396 etiam
1460 353 1498 397 si
1581 351 1688 396 ferri
1733 365 1824 397 non
1865 352 1963 396 iure
2003 350 2243 395 desideras.
2313 349 2406 395 ΡΡ.
2438 363 2498 395 ,xz
2528 351 2572 395 lc.
2602 351 2740 397 Mart.
2781 353 2920 397 Anto-

154 403 392 446 intestatus
414 403 452 446 is
479 403 730 456 decesserit,
762 402 819 446 ad
842 402 967 446 cuius
988 403 1277 450 hereditatem
1301 408 1496 460 veniunt,
1581 408 1688 452 nino
1719 410 1771 453 A.
1805 420 1896 452 HJJ
1921 412 1967 453 et
1994 405 2191 451 Balbino
2223 420 2366 451 conss.
2733 414 2790 461 [a.
2822 411 2919 460 213]

162 462 177 501 1
254 458 503 504 omnimodo
559 459 850 505 coheredibus
904 459 997 503 suis
1051 461 1295 506 conferant.
1370 464 1498 519 Quod
1638 461 1668 511 3
1699 463 1826 508 Idem
1849 465 1902 508 A.
1939 462 2220 507 Vindiciano.
2267 463 2540 518 Quamquam
2570 464 2756 508 militum
2784 469 2920 508 testa·

154 518 246 557 tam
281 515 327 558 in
365 515 462 560 aliis
500 529 631 572 quam
667 516 715 559 in
753 515 844 568 his,
886 527 1001 570 quae
1041 518 1272 563 occasione
1316 520 1498 564 militiae
1580 525 1728 563 menta
1765 520 1873 564 iuris
1903 519 2089 563 vinculis
2133 532 2223 562 non
2267 519 2556 570 subiciantur,
2603 532 2701 562 cum
2740 525 2923 576 propter

154 570 232 614 uni
270 571 478 614 heredum
517 585 573 616 ex
611 571 806 615 defuncti
843 571 1044 626 pecuniis
1075 573 1319 629 adquisitae
1349 577 1496 620 lucra·
1580 576 1905 630 simplicitatem
1934 575 2169 619 militarem
2199 576 2416 630 quomodo
2446 575 2583 618 velint
2620 580 2666 618 et
2733 575 2921 618 uomodo

154 631 230 670 tur
257 626 295 670 is
321 627 398 683 qui
423 628 619 671 militiam
641 627 814 680 meruit,
843 627 990 671 locum
1012 629 1206 682 habebit,
1238 635 1290 675 ut
1311 632 1495 684 lucrum,
1534 647 1539 669 ι
1581 632 1753 685 possint
1782 645 1834 674 ea
1861 632 2012 675 facere
2041 631 2108 675 his
2141 632 2424 682 concedatur,
2453 635 2603 673 tamen
2631 629 2678 672 in
2740 630 2924 673 aleriani

156 682 276 738 quod
301 687 499 739 tempore
517 683 670 727 mortis
696 682 892 726 defuncti
916 683 973 726 ad
1009 697 1107 727 eum
1137 688 1365 742 pervenire
1395 691 1495 743 pot·
1580 686 1801 739 quondam
1832 687 2104 731 centurionis
2133 692 2397 731 testamento
2420 685 2640 728 institutio
2666 684 2797 728 etiam
2826 685 2923 728 iure

155 742 272 790 erat,
322 752 412 783 non
461 739 601 783 solum
640 743 902 783 testamento
947 741 1125 785 condito
1165 750 1347 797 quartae
1379 743 1496 800 parti
1583 746 1600 783 l
1665 743 1884 785 communi
1922 743 2097 798 accepit
2135 743 2457 786 auctoritatem.
2516 739 2631 783 Nam
2666 753 2767 784 cum
2796 746 2924 795 pater

154 796 212 838 ab
241 795 452 839 intestato
483 795 775 839 successionis
808 802 1111 851 computetur,
1153 799 1231 842 sed
1269 801 1400 843 etiam
1439 800 1495 843 ab
1579 795 1768 840 familias
1806 797 1942 840 filiam
1982 810 2036 840 ex
2075 798 2248 842 duabus
2288 796 2455 847 unciis,
2495 808 2679 838 uxorem
2709 808 2763 838 ex
2791 796 2924 838 uncia

155 854 179 894 2
252 851 466 895 intestato
510 850 779 894 conferatur.
853 852 975 896 Haec
1021 857 1168 897 autem
1218 857 1392 911 regula,
1446 858 1498 898 ut
1578 851 1785 895 heredem
1815 853 2047 907 scripserit
2074 865 2156 896 nec
2186 852 2239 895 de
2269 850 2458 894 residuis
2521 851 2768 895 ortionibus
2801 851 2923 906 quic-

155 906 302 951 omnia
341 919 453 963 quae
487 907 680 964 portioni
718 912 904 963 quartae
934 915 1250 965 computantur
1279 912 1410 956 etiam
1438 911 1495 954 ab

153 963 362 1007 intestato
410 962 716 1015 conferantur,
761 963 938 1008 minime
985 979 1008 1009 e
1052 967 1274 1011 contrario
1314 967 1495 1019 tenebit,

154 1022 205 1062 ut
246 1018 390 1084 possit
432 1019 528 1074 quis
574 1018 721 1062 dicere
760 1019 890 1062 etiam
931 1021 1006 1064 illa
1052 1035 1165 1077 quae
1206 1023 1497 1067 conferuntur

153 1073 400 1119 omnimodo
444 1075 489 1117 in
534 1081 739 1130 quartam
781 1082 952 1132 partem
994 1078 1062 1121 his
1109 1080 1375 1135 computari,
1421 1078 1496 1134 qui

152 1130 210 1174 ad
240 1130 294 1175 de
322 1129 569 1175 inofficioso
612 1132 851 1186 querellam
881 1140 1120 1179 vocantur:
1161 1148 1213 1179 ea
1251 1136 1367 1179 enim
1394 1139 1494 1178 tan-

151 1185 376 1230 tummodo
412 1198 468 1229 ex
506 1186 574 1230 his
617 1200 729 1242 quae
770 1188 1060 1233 conferuntur
1096 1197 1362 1235 memoratae
1424 1204 1494 1234 or-

151 1241 263 1286 tioni
293 1243 680 1297 computabuntur,
721 1258 803 1299 pro
834 1246 994 1300 quibus
1025 1248 1274 1302 specialiter
1310 1246 1396 1303 legi
1427 1259 1493 1299 us,

152 1302 176 1342 3
207 1302 267 1351 (1)
323 1303 374 1341 ut
403 1297 488 1341 hoc
518 1298 656 1351 fieret,
690 1313 948 1355 expressum
980 1308 1061 1347 est.
1119 1303 1190 1347 Ad
1220 1304 1353 1356 haec,
1394 1316 1495 1347 cum

150 1357 255 1398 ante
282 1353 461 1410 nuptias
492 1354 673 1399 donatio
703 1358 771 1400 vel
802 1358 880 1401 dos
911 1371 938 1401 a
967 1361 1097 1413 patre
1128 1359 1231 1402 data
1257 1360 1326 1403 vel
1354 1364 1496 1403 matre

152 1409 218 1454 vel
263 1409 360 1454 aliis
402 1412 661 1465 parentibus
704 1426 786 1468 pro
831 1413 920 1457 filio
961 1415 1029 1457 vel
1071 1414 1175 1469 filia,
1221 1420 1384 1471 nepote
1427 1415 1496 1458 vel

151 1470 283 1521 nepte
313 1466 560 1522 ceterisque
590 1467 958 1514 descendentibus
989 1471 1265 1523 conferatur,
1307 1471 1344 1514 si
1379 1484 1495 1515 unus

150 1521 324 1576 quidem
353 1522 421 1566 vel
460 1535 550 1565 una
579 1524 820 1568 liberorum
849 1529 952 1568 ante
981 1525 1159 1580 nuptias
1190 1525 1494 1570 tantummodo

150 1577 433 1622 donationem
471 1579 540 1622 vel
580 1580 750 1632 dotem,
790 1593 879 1624 non
915 1580 1047 1624 etiam
1085 1580 1328 1637 simplicem
1358 1583 1494 1626 dona-

149 1633 314 1678 tionem
357 1635 531 1690 accepit
570 1636 640 1679 vel
678 1636 923 1691 acceperit,
963 1636 1077 1679 alter
1113 1649 1216 1681 vero
1246 1638 1314 1681 vel
1354 1639 1495 1681 altera

148 1701 290 1745 neque
319 1688 465 1733 dotem
496 1703 639 1746 neque
668 1691 950 1734 donationem
986 1696 1092 1734 ante
1128 1694 1309 1747 nuptias
1348 1707 1376 1737 a
1413 1707 1494 1748 pa-

146 1749 273 1789 rente
302 1757 384 1789 suo
415 1745 610 1800 suscepit
635 1746 703 1788 vel
728 1747 987 1802 susceperit,
1018 1747 1095 1790 sed
1122 1748 1366 1803 simplicem
1394 1754 1494 1792 tan-

147 1800 371 1844 tummodo
415 1799 718 1853 donationem,
772 1814 829 1845 ne
877 1814 932 1846 ex
976 1814 1028 1846 eo
1071 1803 1285 1847 iniustum
1328 1804 1495 1860 aliquid

146 1856 340 1907 oriatur,
371 1867 424 1898 ea
454 1855 629 1910 quidem
658 1869 873 1912 persona,
915 1870 1030 1913 quae
1068 1864 1173 1902 ante
1203 1859 1383 1914 nuptias
1415 1859 1493 1903 do·

144 1910 370 1955 nationem
398 1910 467 1954 vel
497 1911 646 1955 dotem
677 1914 886 1969 suscepit,
918 1913 1122 1958 conferre
1152 1927 1250 1958 eam
1281 1915 1493 1970 cogenda,

142 1965 220 2011 illa
259 1978 384 2021 vero,
429 1979 543 2022 quae
583 1967 824 2024 simplicem
863 1969 1171 2014 tantummodo
1213 1970 1495 2016 donationem

142 2021 324 2075 meruit,
371 2021 429 2066 ad
466 2022 747 2068 collationem
785 2025 880 2069 eius
919 2025 1098 2069 minime
1142 2027 1410 2072 coartanda:
1457 2028 1495 2071 si

145 2077 250 2136 quid
290 2077 543 2123 huiusmodi
586 2079 750 2124 accidit
792 2081 863 2125 vel
905 2082 1145 2135 acciderit,
1189 2083 1392 2128 iubemus
1437 2084 1495 2128 ad

143 2134 472 2180 similitudinem
502 2135 619 2189 eius,
658 2137 733 2192 qui
769 2140 874 2182 ante
901 2138 1082 2194 nuptias
1113 2138 1397 2185 donationem
1424 2141 1495 2185 vel

145 2191 292 2236 dotem
322 2191 526 2236 conferre
556 2193 743 2248 cogitur,
774 2194 906 2238 etiam
935 2195 1057 2238 illam
1089 2208 1339 2251 personam,
1380 2210 1494 2254 quae

145 2247 267 2291 nulla
309 2246 412 2291 dote
454 2248 520 2291 vel
563 2254 668 2293 ante
706 2250 886 2306 nuptias
926 2250 1166 2296 donatione
1205 2252 1312 2297 data
1354 2253 1494 2298 solam

145 2303 227 2347 sim
259 2303 388 2347 licem
442 2303 726 2349 donationem
776 2319 804 2349 a
855 2308 1114 2362 parentibus
1169 2309 1262 2353 suis
1305 2310 1480 2365 accepit

147 2373 230 2404 con
251 2372 348 2403 erre
391 2371 488 2403 eam
531 2373 614 2404 nec
656 2374 867 2406 recusare
911 2363 1193 2408 collationem
1244 2377 1320 2419 eo,
1376 2379 1463 2420 quo

146 2415 334 2472 simplex
364 2415 544 2461 donatio
574 2430 666 2461 non
695 2418 825 2462 aliter
855 2420 1096 2473 confertur,
1126 2420 1214 2465 nisi
1241 2421 1495 2466 huiusmodi

145 2472 284 2529 legem
337 2471 527 2517 donator
575 2478 774 2530 tempore
818 2475 1067 2520 donationis
1111 2489 1218 2520 suae
1262 2477 1492 2534 indulgen-

144 2528 234 2573 tiae
269 2529 541 2586 imposuerit.
611 2528 666 2574 D.
709 2542 803 2574 VJJJ
837 2531 896 2575 id.
929 2534 1067 2590 Auq.¹
1100 2533 1495 2592 Constantinopoli

146 2583 286 2629 Decio
317 2597 380 2630 ve.
411 2597 533 2629 eons.
1304 2593 1360 2642 [a.
1394 2593 1492 2643 529]

202 2639 263 2687 21
300 2639 426 2685 Idem
453 2642 506 2685 A.
539 2639 740 2685 Iohanni
760 2657 844 2702 pp.
904 2643 965 2688 Ut
1000 2645 1164 2688 nemini
1193 2658 1330 2701 super
1359 2646 1493 2690 colla-

144 2697 264 2741 tione
304 2696 359 2740 de
396 2701 544 2742 cetero
575 2696 776 2743 dubietas
807 2699 997 2754 oriatur,
1037 2703 1334 2745 necessarium
1365 2702 1491 2745 duxi-

143 2766 242 2798 mus
273 2752 600 2807 constitutioni,
640 2767 772 2809 quam
808 2755 898 2799 iam
934 2757 1087 2800 favore
1115 2756 1355 2801 liberorum
1385 2757 1492 2803 feci-

143 2821 240 2853 mus
254 2809 285 2862 2,
310 2808 398 2853 hoc
413 2808 587 2863 addere,
610 2815 661 2853 ut
682 2823 767 2865 res,
793 2824 903 2866 quas
919 2813 1180 2868 parentibus
1197 2814 1492 2870 adquirendae

145 2877 241 2909 esse
268 2864 599 2922 prohibuimus,
640 2879 723 2910 nec
754 2868 980 2912 collationi
1042 2876 1112 2913 ost
1141 2870 1310 2914 obitum
1341 2883 1494 2915 eorum

147 2925 164 2964 1
239 2921 358 2965 inter
406 2921 572 2966 liberos
624 2922 900 2968 subiaceant.
1024 2929 1044 2969 t
1096 2927 1213 2970 enim
1265 2932 1493 2971 castrense

173 2977 365 3021 eculium
402 2978 449 3021 in
487 2979 738 3022 communi³
779 2981 981 3026 conferre
1019 2982 1065 3026 in
1105 2982 1350 3027 hereditate
1384 2983 1491 3027 divi-

174 3033 290 3077 enda
328 3035 412 3077 ex‘
451 3035 589 3090 prisci
626 3035 736 3080 iuris
772 3038 1040 3082 auctoritate
1069 3039 1245 3083 minime
1275 3040 1492 3095 cogeban-

143 3096 231 3141 tur,
261 3090 324 3133 ita
353 3093 398 3133 et
427 3091 538 3134 alias
568 3104 653 3145 res,
698 3105 812 3147 quae
839 3093 1017 3138 minime
1045 3096 1305 3151 parentibus
1337 3095 1491 3152 adqui-

143 3147 326 3197 runtur,
364 3146 568 3202 proprias
607 3147 760 3193 liberis
796 3162 976 3195 manere
1016 3163 1261 3195 censemus.
1331 3151 1386 3196 D.
1424 3164 1498 3196 XV

146 3199 188 3243 lc.
230 3199 343 3245 Nov.
385 3199 638 3259 Lampadio
688 3210 733 3247 et
774 3203 930 3249 Oreste
973 3220 1036 3251 vv.
1069 3220 1130 3250 ee.
1178 3220 1322 3251 conss
1369 3221 1490 3252 anno

145 3256 379 3301 secundo.⁸
1301 3267 1358 3316 [a.
1393 3267 1490 3316 532]

1579 920 1711 962 quam
1741 907 2072 962 significaverit,
2109 907 2156 950 in
2186 912 2276 950 tres
2304 911 2456 962 partes
2535 905 2687 950 visisse
2716 919 2816 950 eum
2845 919 2923 962 ap-

1577 967 1706 1019 paret
1743 963 2055 1015 hereditatem,
2094 965 2145 1005 ut
2183 962 2295 1004 duas
2335 961 2499 1004 habeat
2535 974 2647 1016 quae
2678 965 2925 1006 sextantem

1578 1020 1765 1075 accepit,
1789 1019 1966 1062 tertiam
1989 1031 2102 1074 quae
2125 1031 2180 1062 ex
2203 1018 2335 1061 uncia
2350 1022 2418 1061 est
2433 1017 2560 1061 heres
2577 1018 2796 1062 instituta.
2830 1017 2922 1062 ΡΡ.

1577 1075 1620 1119 lc.
1638 1075 1752 1120 Nov.
1770 1075 2000 1119 Antonino
2030 1074 2084 1118 A.
2117 1085 2207 1118 1111
2235 1078 2280 1118 et
2301 1071 2498 1116 Balbino
2530 1086 2675 1118 conss.
2737 1078 2794 1127 [a.
2826 1077 2925 1127 213]

1633 1130 1666 1177 4
1697 1130 1810 1189 Imp.
1841 1130 2106 1175 Alexander
2133 1131 2184 1174 A.
2217 1128 2367 1173 Iunio.
2436 1129 2483 1173 Si
2514 1128 2703 1174 Rufinus
2733 1129 2799 1174 vir
2835 1130 2926 1174 cla·

1578 1187 1778 1232 rissimus
1815 1188 2020 1231 tribunus
2058 1185 2337 1230 laticlavius⁹
2372 1185 2512 1229 maior
2551 1187 2679 1230 annis
2716 1186 2810 1242 lege
2850 1186 2925 1231 de-

1578 1244 1713 1288 finitis
1742 1243 1910 1288 faciens
1941 1246 2253 1287 testamentum
2282 1245 2327 1285 te
2356 1242 2622 1294 manumisit,
2654 1242 2816 1287 iustam
2845 1242 2926 1287 tibi

1586 1300 1604 1339 1
1652 1298 1900 1341 libertatem
1931 1298 2195 1352 competisse
2226 1296 2341 1341 scire
2368 1296 2515 1340 debes.
2555 1297 2683 1352 Quod
2713 1297 2751 1341 si
2779 1297 2924 1340 minor

1582 1353 1709 1396 annis
1725 1366 1780 1396 ex
1800 1353 1895 1409 lege
1911 1353 2164 1398 constitutis
2183 1353 2340 1407 fuerit,
2368 1366 2466 1396 cum
2491 1352 2661 1397 faceret
2684 1356 2923 1398 testamen-

1577 1417 1694 1466 tum,
1734 1413 1828 1467 lege
1866 1413 2129 1467 impediente
2167 1410 2334 1453 nullam
2365 1409 2614 1454 libertatem
2645 1411 2833 1466 adeptus
2863 1423 2925 1463 es,

1581 1472 1603 1510 2
1650 1481 1765 1524 quae
1785 1469 1831 1511 in
1853 1468 1939 1511 hac
1962 1471 2089 1522 parte
2109 1479 2192 1510 nec
2206 1466 2418 1510 militibus
2434 1466 2618 1511 remissa
2633 1469 2714 1511 est.
2746 1466 2875 1522 Quod
2890 1466 2927 1511 si

1578 1523 1692 1568 idem
1729 1527 1918 1568 testator
1956 1536 2138 1567 causam
2170 1522 2506 1566 manumittendi
2535 1527 2580 1567 te
2610 1523 2778 1576 habuit,
2811 1536 2926 1579 quae

1577 1580 1823 1635 probabilis
1862 1580 1957 1623 vivo
1996 1579 2333 1623 manumittente
2370 1579 2554 1623 consilio
2593 1579 2747 1623 futura
2794 1585 2924 1630 esset,

1579 1636 1683 1691 quia
1727 1648 1807 1691 per
1849 1634 2239 1679 fideicommissum
2278 1634 2384 1678 data
2427 1635 2611 1680 libertas
2654 1647 2682 1678 a
2728 1635 2927 1691 quolibet

1577 1691 1745 1735 minore
1785 1692 1912 1734 annis
1955 1692 2016 1742 ei,
2055 1691 2181 1735 cuius
2222 1702 2360 1734 causa
2390 1691 2574 1746 probari
2601 1692 2758 1746 potuit,
2797 1704 2926 1747 prae-

1578 1747 1687 1790 stari
1739 1747 1872 1790 debet
1888 1747 1936 1799 ¹⁰,
1994 1749 2040 1790 et
2089 1759 2145 1790 ex
2195 1749 2464 1790 testamento
2516 1747 2668 1790 militis
2712 1747 2928 1792 eiusmodi

1577 1802 1714 1846 servis
1750 1803 1915 1846 iustam
1950 1802 2203 1845 libertatem
2243 1807 2495 1858 competere
2532 1816 2808 1859 consequens
2846 1810 2925 1847 est.

1577 1856 1672 1901 ΡΡ.
1705 1869 1797 1902 κν]
1823 1856 1867 1902 lc.
1898 1856 2004 1902 Dee.
2036 1857 2305 1902 Alexandro
2336 1859 2388 1902 A.
2423 1871 2544 1902 cons.
2737 1864 2792 1912 [a.
2829 1862 2925 1911 222]

1633 1911 1664 1959 5
1698 1912 1824 1958 Idem
1852 1914 1904 1957 A.
1938 1912 2206 1958 Sozomeno.
2253 1913 2325 1957 Ex
2351 1918 2617 1958 testamento
2640 1915 2805 1967 militis,
2838 1916 2927 1959 sive

1578 1969 1725 2013 adhuc
1767 1969 1813 2013 in
1852 1969 2011 2024 militia
2049 1969 2141 2014 sive
2178 1970 2298 2014 intra
2339 1983 2503 2014 annum
2543 1971 2703 2016 missus
2742 1971 2926 2016 honeste

1578 2025 1790 2079 decessit,
1831 2026 2054 2072 hereditas
2094 2031 2139 2070 et
2170 2027 2316 2082 legata
2345 2027 2550 2071 omnibus
2582 2028 2742 2083 quibus
2772 2029 2928 2072 relicta

1578 2088 1681 2126 sunt
1710 2082 1941 2135 debentur,
1972 2083 2078 2139 quia
2105 2082 2222 2126 inter
2251 2088 2415 2136 cetera,
2446 2097 2561 2139 quae
2585 2084 2797 2129 militibus
2822 2098 2926 2129 con-

1578 2152 1707 2183 cessa
1746 2143 1871 2192 sunt,
1912 2139 2100 2183 liberum
2139 2139 2371 2183 arbitrium
2410 2140 2572 2196 quibus
2619 2141 2756 2184 velint
2793 2141 2926 2185 relin-

1578 2194 1741 2251 quendi
1776 2196 1994 2251 supremis
2034 2195 2127 2240 suis
2167 2209 2427 2240 concessum
2466 2201 2552 2247 est,
2593 2196 2679 2241 nisi
2717 2197 2791 2242 lex
2827 2210 2926 2254 spe-

1578 2251 1752 2296 cialiter
1780 2264 1856 2296 eos
1887 2251 2178 2308 prohibuerit.
2239 2251 2333 2296 PP.
2367 2264 2482 2296 XVII
2508 2252 2550 2296 lc.
2579 2253 2708 2297 Febr.
2742 2252 2926 2298 Iuliano

1577 2315 1621 2352 et
1652 2306 1751 2352 Cris
1784 2308 1861 2352 ino
1893 2322 2036 2351 conss.
2738 2314 2794 2362 [a.
2828 2313 2924 2361 224]

1635 2361 1666 2410 6
1708 2362 1741 2407 Ι
1767 2378 1834 2407 em
1873 2370 1924 2408 A.
1970 2363 2160 2408 Valenti.
2229 2363 2283 2407 In
2312 2367 2578 2409 testamento
2613 2365 2788 2421 quidem
2818 2366 2925 2420 eius,

1578 2421 1653 2475 qui
1695 2433 1786 2464 non
1828 2421 1952 2464 miles
1991 2419 2100 2472 fuit,
2139 2419 2177 2464 si
2216 2419 2390 2464 duobus
2429 2421 2668 2465 heredibus
2697 2422 2925 2475 institutis,

1577 2476 1742 2528 altero,
1784 2476 1856 2520 cui
1893 2477 2039 2533 potuit
2074 2489 2215 2531 usque
2254 2476 2312 2520 ad
2348 2481 2523 2533 tempus
2562 2478 2812 2534 pubertatis
2845 2491 2925 2535 pa-

1577 2545 1680 2577 rens
1726 2532 1874 2577 facere
1918 2535 2253 2586 testamentum,
2310 2533 2472 2586 altero,
2518 2534 2592 2578 cui
2635 2540 2924 2590 posteaquam

1576 2589 1702 2632 heres
1733 2589 1880 2633 extitit
1909 2589 2179 2633 substituere
2209 2602 2298 2633 non
2335 2589 2503 2645 potuit,
2542 2590 2727 2634 invicem
2759 2591 2924 2635 substi-

1576 2645 1692 2689 tutio
1733 2645 1897 2690 eisdem
1933 2645 2083 2689 verbis
2122 2645 2245 2689 facta
2284 2652 2420 2699 esset,
2461 2646 2508 2690 in
2547 2659 2646 2690 eum
2676 2648 2820 2692 solum
2851 2661 2924 2691 ca-

1577 2715 1676 2744 sum
1718 2714 1816 2745 eam
1860 2703 2008 2746 locum
2051 2702 2218 2745 habere
2264 2705 2309 2746 et
2358 2702 2590 2747 sententiis
2642 2703 2925 2759 prudentium

1577 2757 1767 2801 virorum
1799 2761 1843 2801 et
1873 2758 2265 2802 constitutionibus
2297 2758 2496 2802 divorum
2527 2759 2778 2814 parentium
2807 2773 2924 2804 meo-

1576 2827 1674 2857 rum
1704 2814 1872 2869 placet‚
1914 2827 2000 2870 quo
2038 2813 2215 2870 utrique
2251 2815 2351 2869 pari
2383 2815 2555 2859 ratione
2584 2815 2732 2870 potuit
2761 2815 2924 2859 substi-

1581 2875 1597 2912 1
1660 2871 1740 2914 tui.
1811 2870 1900 2915 Sed
1937 2883 2037 2914 cum
2078 2883 2133 2913 ex
2171 2876 2435 2915 testamento
2476 2871 2627 2915 militis
2669 2878 2923 2916 controver-

1576 2926 1687 2970 siam
1732 2939 1829 2971 esse
1875 2939 2125 2983 proponas,
2182 2927 2395 2971 defuncta
2450 2928 2636 2983 parvula
2681 2929 2774 2972 eius
2818 2928 2923 2974 filia.

1575 2988 1866 3038 posteaquam
1919 2984 2047 3026 heres
2103 2983 2250 3027 extitit
2311 2983 2450 3039 patri,
2502 2998 2602 3027 cum
2657 2998 2743 3039 qua
2797 2986 2923 3028 simul

1576 3040 1727 3094 aequis
1772 3039 1975 3095 partibus
2020 3039 2148 3083 heres
2191 3040 2423 3084 institutus
2469 3053 2569 3084 eras
2610 3040 2924 3084 substitutione

1575 3095 1759 3139 invicem
1789 3095 1932 3148 facta,
1974 3099 2018 3138 et
2048 3098 2190 3138 mater
2221 3095 2395 3150 quidem
2425 3096 2663 3140 intestatae
2693 3096 2809 3139 filiae
2839 3097 2922 3140 sibi

1575 3151 1904 3195 successionem
1933 3150 2153 3203 defendat,
2195 3153 2294 3194 tu¹¹
2334 3155 2482 3194 autem
2522 3165 2577 3195 ex
2607 3152 2923 3196 substitutione

1575 3207 1631 3250 ad
1660 3212 1706 3251 te
1735 3208 1955 3262 pertinere
1986 3207 2248 3259 contendas,
2289 3207 2396 3250 iuris
2434 3207 2608 3263 quidem
2637 3208 2751 3252 ratio
2781 3209 2921 3252 mani-

1576 3264 1691 3307 festa
1734 3268 1802 3307 est
1845 3262 1979 3306 licere
2021 3262 2232 3305 militibus
2279 3262 2461 3318 proprio
2513 3264 2739 3319 privilegio
2791 3267 2922 3308 etiam

1574 3318 1811 3363 heredibus
1850 3317 2094 3368 extraneis,
2134 3325 2424 3373 posteaquam
2463 3319 2648 3364 heredes
2680 3321 2919 3374 extiterint,

1575 3380 1598 3418 2
1673 3374 1858 3418 mortuis
1903 3374 2188 3418 substituere.
2263 3374 2351 3418 Sed
2392 3375 2476 3419 tibi
2516 3376 2796 3432 probandum
2841 3383 2919 3431 est,

1574 3444 1632 3474 an
1660 3430 1725 3474 ita
1753 3429 1893 3473 frater
1921 3436 2027 3474 tuus
2058 3430 2258 3475 senserit.
2317 3430 2410 3475 ΡΡ.
2443 3444 2525 3475 ΧΗ
2555 3431 2597 3476 lc.
2629 3431 2741 3478 Mai.
2772 3433 2918 3478 Fusco

1574 3493 1618 3530 et
1647 3485 1826 3530 Dextro
1857 3499 2002 3530 conss.
2729 3493 2786 3542 [a.
2821 3494 2917 3542 225]

747 3430 900 3479 XX1.⁶

443 3511 520 3552 DE
550 3510 926 3553 TESTAMENTO
958 3513 1189 3553 MiLi'ms,

205 3589 230 3637 1
276 3590 390 3651 Imp.
422 3592 678 3637 Antoninus
711 3595 764 3637 A.
805 3593 946 3638 Floro
986 3595 1127 3639 militi.
1197 3595 1359 3639 Frater
1386 3602 1491 3642 tuus

147 3647 272 3692 miles
301 3649 338 3692 si
367 3653 412 3692 te
442 3649 693 3704 specialiter
722 3650 851 3694 bonis
882 3663 996 3706 quae
1024 3651 1070 3694 in
1098 3652 1315 3707 paganico
1355 3653 1489 3696 habe-

148 3705 226 3748 bat
252 3704 459 3748 heredem
488 3705 619 3760 fecit,
651 3705 770 3750 bona
800 3719 913 3761 quae
941 3707 987 3750 in
1018 3708 1175 3752 castris
1206 3708 1384 3764 reliquit
1412 3722 1489 3764 pe·

148 3765 242 3804 tere
270 3772 358 3804 non
387 3767 528 3816 potes,
560 3761 731 3805 etiamsi
758 3762 796 3805 is
828 3763 903 3817 qui
932 3775 1085 3807 eorum
1110 3765 1238 3808 heres
1261 3764 1490 3808 institutus

148 3823 217 3861 est
257 3816 379 3861 adire
418 3829 471 3860 ea
510 3817 719 3862 noluerit:
757 3818 834 3862 sed
873 3820 930 3863 ab
959 3819 1171 3864 intestato
1202 3820 1489 3865 succedentes

1632 3539 1660 3587 7
1695 3541 1820 3586 Idem
1849 3543 1901 3586 A.
1934 3542 2201 3586 Fortunato.
2246 3542 2318 3586 Ex
2347 3543 2416 3588 his
2446 3545 2613 3588 verbis:
2648 3545 2917 3590 ‘Fortunato

1575 3598 1733 3642 liberto
1773 3611 1870 3642 meo
1911 3597 1967 3642 do
2008 3598 2128 3654 lego'
2169 3598 2394 3643 vindicare
2430 3601 2512 3644 tibi
2547 3601 2799 3645 libertatem
2829 3616 2919 3646 non

1583 3660 1591 3696 Ι
1657 3658 1806 3710 potes,
1850 3655 1888 3698 si
1931 3654 2095 3711 pagani
2138 3658 2450 3699 testamentum
2494 3660 2784 3713 proponatur.
2857 3659 2920 3700 At

1574 3710 1688 3754 enim
1733 3723 1834 3754 cum
1876 3714 2136 3755 testatorem
2179 3712 2360 3755 militem
2404 3712 2543 3756 fuisse
2588 3726 2835 3768 proponas,
2881 3714 2918 3757 si

1573 3780 1662 3810 non
1693 3779 1840 3810 errore
1871 3766 2031 3812 ductus
2061 3767 2269 3811 libertum
2302 3774 2346 3811 te
2387 3768 2591 3821 credidit,
2631 3769 2707 3812 sed
2745 3768 2918 3812 dandae

1572 3822 1791 3866 libertatis
1843 3823 2037 3867 animum
2089 3823 2269 3876 habuit,
2324 3825 2595 3876 libertatem,
2650 3830 2694 3867 et
2740 3824 2915 3878 quidem

147 3871 350 3924 veniunt,
391 3872 521 3917 modo
562 3873 600 3917 si
638 3874 685 3917 in
721 3875 818 3919 eius
847 3875 946 3919 loco
976 3876 1244 3920 substitutus
1275 3890 1365 3920 non
1395 3878 1490 3920 est⁷

147 3935 192 3973 et
230 3928 395 3984 liquido
435 3929 652 3984 probatur
689 3929 872 3974 fratrem
914 3936 1042 3976 tuum
1085 3933 1331 3977 castrensia
1374 3934 1489 3977 bona

147 3985 205 4029 ad
234 3990 279 4029 te
307 3985 528 4040 pertinere
557 3986 752 4030 noluisse
765 3987 795 4030 ⁸.
862 4000 966 4031 nam
994 3988 1204 4033 voluntas
1233 3989 1383 4033 militis
1413 4002 1488 4033 ex-

146 4040 370 4105 peditione
419 4042 628 4097 occupati
672 4055 753 4097 pro
797 4042 893 4087 iure
938 4050 1154 4088 servatur.
1223 4048 1421 4104 Accepta
1465 4058 1493 4087 V

146 4097 207 4142 ad.
240 4096 362 4141 Set.
394 4097 569 4141 duobus
596 4098 759 4156 Aspris
787 4111 931 4142 conss.
1299 4105 1356 4155 [a.
1391 4105 1485 4151 212]

204 4150 237 4200 2
295 4153 393 4198 dem
423 4155 473 4197 A.
506 4151 704 4212 Septimo
741 4153 883 4198 militi.
955 4155 1084 4200 Miles
1125 4157 1164 4200 si
1202 4158 1488 4202 castrensium

148 4209 451 4254 tantummodo
494 4210 712 4254 bonorum
757 4211 1096 4256 commilitonem
1135 4226 1263 4257 suum
1298 4214 1489 4258 instituit

147 4264 365 4319 heredem,
397 4272 545 4310 cetera
570 4266 688 4309 bona
713 4266 808 4310 eius
832 4269 883 4310 ut
903 4267 1102 4312 intestati
1127 4269 1324 4314 defuncti
1347 4275 1489 4313 mater

149 4321 242 4365 eius
270 4322 366 4365 iure
394 4322 606 4378 possedit.
654 4321 773 4379 quod
801 4322 839 4366 si
869 4328 1126 4368 extraneum
1155 4326 1333 4381 scripsit
1361 4327 1486 4370 here-

1574 3878 1798 3930 directam‚
1833 3882 2082 3934 competere
2110 3879 2205 3932 tibi,
2237 3880 2314 3924 sed
2344 3883 2390 3923 et
2417 3881 2551 3934 legati
2575 3879 2914 3923 vindicationem

1572 3935 1739 3980 habere
1795 3935 2074 3990 raerogativa
2097 3936 2298 3980 militaris
2326 3936 2545 3992 privilegii
2567 3941 2777 3991 praestat.
2819 3935 2910 3979 ΡΡ.

1574 4002 1655 4033 ,rll
1680 3989 1722 4034 lc.
1771 3991 1874 4034 ul.¹²
1887 3991 2155 4036 Alexandro
2172 3994 2222 4036 A.
2242 4004 2310 4035 ιι]
2331 3998 2375 4036 et
2390 3990 2538 4035 Dione
2552 4004 2696 4034 conss.
2740 3995 2794 4044 [a.
2815 3995 2911 4043 229]

1531 4099 1532 4102 ¹
1631 4043 1660 4093 8
1694 4044 1806 4104 Imp.
1841 4045 2099 4092 Gordianus
2127 4048 2178 4091 A.
2210 4048 2422 4092 Aeternio
2454 4046 2595 4090 militi.
2656 4046 2776 4090 Certi
2803 4047 2912 4090 iuris

1530 4105 1534 4136 ί
1573 4107 1639 4146 est
1663 4102 1846 4145 militem
1871 4102 1929 4146 ad
1951 4108 2128 4168 tempus
2153 4104 2285 4148 etiam
2298 4102 2506 4147 heredem
2521 4103 2750 4146 instituere
2765 4115 2910 4159 posse.

1574 4156 1666 4202 ΡΡ.
1698 4169 1768 4201 111
1793 4156 1836 4202 lc.
1872 4157 1965 4204 Oet.
1996 4158 2082 4204 on
2113 4166 2158 4205 et
2184 4158 2415 4203 Pontiano
2447 4172 2591 4203 conss.
2724 4163 2780 4211 [a.
2813 4162 2909 4210 238]

1629 4211 1659 4260 9
1693 4212 1818 4257 Idem
1847 4216 1897 4258 A.
1941 4213 2134 4260 Valerio.
2187 4215 2313 4260 Sicut
2342 4214 2452 4258 certi
2480 4214 2590 4258 iuris
2619 4218 2687 4258 est
2714 4214 2909 4267 militem,

1573 4270 1647 4325 qui
1687 4270 1771 4313 scit
1807 4282 1855 4314 se
1891 4269 2031 4314 filium
2069 4272 2233 4314 habere
2270 4270 2468 4324 aliosque
2504 4270 2684 4326 scripsit
2711 4269 2909 4321 heredes,

1571 4326 1707 4370 tacite
1750 4338 1851 4370 eum
1887 4327 2158 4371 exheredare
2196 4327 2410 4380 intellegi,
2446 4327 2511 4370 ita
2550 4326 2588 4369 si
2625 4326 2832 4381 ignorans
2862 4338 2910 4370 se

1576 4472 1632 4519 (s)
1663 4468 1839 4509 voluisse
1864 4467 1977 4510 C⁶R⁶
2009 4470 2208 4512 contraB
2296 4470 2352 4520 (9)
2384 4471 2442 4510 sic
2466 4471 2568 4518 edd,
2602 4467 2697 4508 latis
2719 4468 2845 4508 clavis
2865 4469 2909 4519 C,

1574 4525 1678 4565 datis
1708 4523 1833 4564 clavis
1861 4526 1917 4575 R,
1946 4525 2154 4566 laticluius
2195 4526 2247 4566 W
2327 4527 2402 4575 (10)
2431 4527 2489 4565 sic
2522 4522 2592 4574 R⁶,
2622 4524 2786 4565 deberet
2826 4526 2907 4576 VC,

1572 4580 1717 4677 Ξῗέίοτυ
1751 4582 1810 4619 Ra
1924 4583 1993 4633 (11)
2024 4586 2069 4621 tu
2105 4584 2188 4632 GH,
2220 4586 2266 4620 ut
2307 4582 2343 4620 V
2448 4582 2521 4629 (12)
2554 4579 2627 4619 iul.
2671 4581 2714 4629 V,
2745 4581 2905 4621 ianuar.

149 4466 200 4519 (ι)
230 4466 361 4519 April.
393 4483 469 4508 scr.
571 4467 626 4522 (2)
657 4471 696 4519 6,
728 4477 782 4517 61,
813 4478 834 4509 6
931 4470 984 4520 (3)
1017 4470 1222 4509 communi
1253 4472 1492 4522 confirmant

155 4521 304 4563 Graeci
329 4544 331 4547 ⁴
408 4525 463 4575 (4)
495 4537 542 4565 οι
578 4526 613 4566 C
638 4540 722 4566 cum
756 4523 935 4575 Graecis,
965 4527 1006 4564 et
1035 4537 1084 4565 ex
1114 4525 1192 4566 PR
1297 4527 1352 4578 (5)
1382 4527 1486 4566 Nov.

148 4580 241 4628 post
268 4590 376 4618 cons.
406 4579 623 4632 Lampadii
654 4584 694 4621 et
708 4580 862 4621 Orestis
890 4593 957 4621 vv,
975 4593 1032 4620 cc.
1065 4581 1182 4621 Beck
1267 4582 1324 4632 (6)
1354 4582 1399 4624 Β
1422 4585 1486 4631 35,

152 4643 205 4684 21,
242 4644 273 4675 Η
305 4650 483 4689 seqq-*-
506 4639 567 4691 effi
584 4638 682 4691 Dz'y.
717 4639 781 4686 29,
815 4648 829 4678 1
862 4638 958 4677 lust.
993 4640 1031 4687 2,
1063 4646 1096 4678 11
1212 4641 1266 4688 (Ἰ)
1298 4652 1338 4678 es
1374 4636 1486 4679 C⁶R⁶

2492 4709 2570 4747 32*
