3152 4784
136 319 143 341 ³
201 307 342 352 eiatur
385 307 430 348 et
471 304 599 349 heres
644 306 712 349 ei¹

68 362 126 431 J
198 366 359 407 testato
401 361 491 404 sive
535 373 590 404 ex
632 366 907 405 testamento.

203 172 277 214 DE
308 168 523 209 TUTELA
562 168 1015 210 TESTAMENTARIA

763 305 922 348 existat
974 305 1178 348 morienti
1231 308 1319 351 sive
1362 309 1418 351 ab
1461 309 1527 351 in-

980 361 1087 404 satis
1131 363 1247 406 enim
1291 365 1531 408 absurdum

199 420 290 468 est,
329 416 365 459 si
403 416 483 459 filii
519 421 620 471 post
657 417 802 460 dotem
834 416 1053 472 progeniti
1082 419 1127 459 et
1157 420 1449 463 anterioribus
1478 421 1530 463 li-

197 472 314 517 beris
342 471 608 515 adiutorium
637 473 862 523 adferant,
901 472 1045 526 ipsum
1083 486 1269 527 puerum
1306 476 1372 518 vel
1407 477 1529 532 puel-

196 532 224 573 4
277 527 366 570 lam
395 527 480 571 sibi
509 528 717 583 opitulari
744 540 834 570 non
861 540 1006 582 posse.
1064 528 1126 570 Et
1160 532 1419 583 generaliter
1455 532 1529 575 de-

196 583 369 627 finimus
411 588 476 635 et,
518 584 634 638 quod
673 596 804 638 super
841 582 1091 626 huiusmodi
1123 586 1300 629 casibus
1330 588 1530 630 variaba-

197 645 290 692 tur,
333 638 585 682 definitione
630 642 752 682 certa
795 638 1116 692 concludimus,
1172 645 1223 683 ut
1274 655 1444 698 semper
1483 643 1530 685 in

195 694 447 738 huiusmodi
476 694 826 750 quaestionibus,
864 693 910 736 in
946 695 1104 749 quibus
1136 695 1190 738 de
1221 702 1338 740 statu
1368 698 1528 741 libero-

196 763 295 794 rum
339 755 408 794 est
451 750 688 803 dubitatio,
745 762 834 792 non
878 751 1201 805 conceptionis,
1256 753 1332 796 sed
1374 759 1528 808 partus

195 811 369 862 tempus
398 806 677 860 inspiciatur:
710 809 755 847 et
782 805 867 848 hoc
891 805 1043 848 favore
1067 806 1254 851 facimus
1279 809 1527 852 liberorum.

198 868 242 906 et
283 861 487 905 editionis
533 865 704 915 tempus
757 861 988 904 statuimus
1044 875 1140 905 esse
1192 864 1529 918 inspectandum

196 917 391 973 exceptis
435 917 503 960 his
546 916 848 959 tantummodo
895 918 1094 970 casibus,
1144 919 1190 961 in
1230 920 1388 974 quibus
1425 933 1527 962 con-

198 973 473 1038 ceptionem2
515 972 653 1026 magis
698 973 937 1027 approbari
978 973 1212 1017 infantium
1260 975 1528 1018 condicionis

196 1029 367 1072 utilitas
396 1028 660 1084 expostulat.
718 1026 773 1071 D.
805 1039 877 1070 XV
900 1027 942 1071 lc.
967 1030 1109 1086 April.
1139 1029 1529 1088 Constantinopoli

196 1084 308 1135 Lam
342 1083 448 1127 adio
478 1088 521 1127 et
554 1081 713 1127 Oresta
741 1097 805 1127 vv.
838 1097 898 1127 ee.
931 1098 1073 1128 consa
1343 1090 1399 1139 [a.
1431 1089 1528 1137 530]

254 1139 276 1186 1
358 1137 482 1182 Idem
523 1139 575 1182 A.
616 1137 813 1182 Iohanni
846 1154 929 1197 pp.
1003 1140 1204 1193 Ouidam‚
1250 1142 1326 1197 qui
1366 1141 1528 1184 iustum

196 1195 334 1239 filium
372 1192 585 1247 habebat,
622 1207 760 1249 nepos
801 1195 992 1239 accessit
1020 1197 1257 1240 naturalis:
1291 1197 1330 1240 si
1358 1197 1528 1252 nepotis

195 1262 354 1294 nomen
406 1249 658 1293 huiusmodi
707 1251 852 1293 suboli
900 1251 1069 1306 legibus
1111 1252 1529 1295 accommodandum

195 1311 275 1358 est,
307 1306 614 1361 quaerebatur.
674 1306 849 1349 volebat
887 1308 1001 1350 enim
1039 1309 1117 1350 tali
1155 1308 1348 1350 naturali
1379 1307 1530 1362 nepoti

196 1374 251 1405 ex
288 1373 369 1405 suo
408 1361 597 1416 legitimo
635 1362 726 1404 filio
764 1362 853 1404 iam
892 1363 1101 1407 defuncto
1133 1363 1362 1418 progenito
1391 1368 1529 1406 totam

195 1429 320 1461 suam
355 1417 647 1460 substantiam
684 1418 955 1472 relinquere,
992 1419 1119 1473 quasi
1148 1420 1285 1462 sacris
1316 1419 1528 1462 constitu-

193 1473 388 1516 tionibus
428 1473 727 1516 tantummodo
765 1474 811 1515 in
849 1473 949 1517 filiis
986 1475 1263 1517 naturalibus
1293 1475 1529 1529 prohiben-

193 1529 313 1571 tibus
351 1533 494 1572 totum
534 1529 845 1583 patrimonium
885 1530 975 1572 sive
1007 1535 1217 1584 quantam
1255 1535 1424 1584 partem
1454 1543 1528 1573 vo-

194 1583 324 1627 luerit
366 1585 429 1627 eis
471 1584 718 1640 relinquere
760 1590 807 1628 et
850 1590 969 1628 certo
1012 1585 1122 1628 fini³
1174 1592 1325 1639 partes
1380 1598 1530 1628 eorum

197 1644 215 1682 1
279 1638 656 1684 concludentibus.
729 1639 991 1683 Huiusmodi
1035 1645 1182 1683 autem
1225 1640 1441 1683 dubitatio
1486 1646 1531 1683 et

192 1695 239 1737 in
269 1695 356 1738 alia
386 1695 533 1750 specie
562 1694 773 1738 ventilata
803 1701 882 1738 est.
942 1695 1047 1750 quid
1077 1696 1210 1747 enim,
1248 1696 1286 1738 si
1315 1708 1369 1737 ex
1398 1698 1528 1738 natu-

192 1749 275 1794 rali
312 1750 406 1794 filio
445 1755 652 1805 nepotem
691 1749 826 1794 habet
864 1763 972 1793 avus
1011 1750 1250 1804 legitimum
1288 1752 1406 1805 patri
1448 1764 1528 1794 suo

193 1809 218 1849 2
275 1805 343 1848 vel
372 1806 648 1849 naturalem?
704 1805 757 1848 In
794 1805 996 1849 omnibus
1032 1806 1182 1860 itaque
1209 1806 1373 1849 talibus
1403 1805 1528 1848 dubi-

1519 151 1616 210 219

2651 161 2695 212 V
2733 163 2936 213 27-29

1671 307 1699 355 3
1733 307 1845 367 Imp.
1877 307 2136 352 Alexander
2164 311 2215 352 A.
2250 308 2454 367 Gorqiae.
2524 311 2570 354 Si
2608 317 2776 357 tutores
2806 315 2940 356 testa-

1611 370 1758 409 mento
1802 364 1927 409 vobis
1970 364 2062 407 dati
2112 369 2237 418 sunt,
2284 379 2544 422 quamquam
2592 382 2707 412 unus
2750 374 2941 412 vestrum

1613 434 1720 465 suae
1762 420 1922 464 aetatis
1959 419 2106 463 factus
2145 420 2224 471 sit,
2269 421 2313 463 id
2351 427 2418 465 est
2454 424 2716 478 pupillarem
2754 430 2941 468 aetatem

1613 477 1850 521 excesserit
1862 479 1891 529 θ,
1916 475 2055 519 tutela
2078 480 2225 519 tamen
2255 482 2399 520 vestra
2422 479 2478 521 ad
2500 492 2598 522 eum
2621 493 2710 522 non
2738 480 2941 534 pertinet.

1613 532 1705 575 ΡΡ.
1731 544 1762 574 V
1783 531 1825 575 lc.
1853 531 1952 575 Ian.
1984 530 2189 575 Maximo
2221 543 2266 574 II
2291 538 2334 575 et
2361 534 2549 577 Aeliano
2580 548 2722 577 conss.
2766 541 2821 585 [a.
2845 538 2941 585 223]

1669 586 1700 632 4
1731 586 1855 630 Idem
1884 588 1935 630 A.
1968 587 2208 631 Felieiano.
2268 589 2414 632 Mater
2449 594 2712 632 testamento
2743 589 2844 631 filiis
2873 594 2943 631 tu-

1612 647 1731 686 tores
1762 643 1868 685 dare
1895 656 1984 685 non
2022 647 2190 698 potest,
2230 644 2315 686 nisi
2354 657 2429 687 eos
2467 644 2650 686 heredes
2690 644 2942 686 instituerit.

1613 697 1786 751 quando
1827 700 1973 740 autem
2012 711 2086 742 eos
2117 699 2297 742 heredes
2327 713 2417 742 non
2451 698 2710 748 instituerit,
2751 698 2862 740 solet
2892 711 2945 740 ex

1611 753 1838 795 voluntate
1878 752 2111 797 defunctae
2148 754 2278 798 datus
2317 759 2439 797 tutor
2476 766 2504 796 a
2533 752 2808 807 praesidibus
2842 766 2944 796 con-

1610 806 1788 850 firmari.
1856 807 1977 850 nullo
2017 821 2118 851 vero
2158 822 2213 851 ex
2250 810 2320 851 his
2351 807 2667 850 interveniente
2696 808 2734 850 si
2763 820 2834 850 res
2864 821 2946 862 pu-

1611 861 1790 918 pillares
1833 861 1907 915 qui
1951 862 2040 903 dati
2083 868 2188 905 sunt
2237 863 2655 914 administraverint,
2699 864 2947 917 protutelae

1612 917 1785 960 actione
1813 921 2032 959 tenentur.
2103 916 2196 959 ΡΡ.
2236 929 2307 959 VII
2333 917 2376 960 lc.
2408 915 2508 959 Iun.
2541 915 2723 960 Iuliano
2753 926 2798 960 et
2829 917 2946 961 Cris-

1603 974 1719 1031 pino
1750 984 1893 1015 conss.
2761 977 2816 1024 [a.
2850 977 2946 1024 224]

1668 1027 1697 1073 5
1740 1026 1905 1085 ⁹Impp.
1949 1025 2216 1069 Valerianus
2251 1031 2296 1069 et
2337 1025 2568 1071 Gallienus
2605 1030 2696 1071 AA.
2736 1027 2946 1086 Daphne.

1613 1085 1660 1128 Si
1687 1083 1952 1139 pupillorum
1980 1087 2111 1137 pater
2140 1082 2330 1125 alienum
2361 1095 2554 1137 servum,
2594 1083 2647 1126 de
2679 1097 2764 1138 quo
2795 1087 2947 1140 postu-

1611 1141 1692 1192 las,
1724 1144 1768 1182 et
1794 1142 1987 1181 tutorem
2017 1149 2114 1181 esse
2141 1138 2280 1181 voluit
2309 1142 2353 1181 et
2382 1138 2580 1191 liberum,
2622 1145 2725 1183 ante
2755 1145 2902 1183 tamen
2916 1140 2949 1165 ¹⁰

1611 1196 1806 1239 tutore¹¹
1837 1194 1922 1237 alio
1953 1193 2131 1249 pupillis
2161 1193 2278 1244 dato,
2309 1193 2465 1237 redimi
2489 1200 2533 1237 et
2558 1196 2808 1239 manumitti
2829 1196 2949 1238 hunc

1613 1251 1731 1306 apud
1755 1250 2002 1306 praesidem
2028 1254 2071 1292 et
2087 1253 2335 1293 curatorem
2352 1250 2531 1306 adiungi
2546 1256 2732 1306 oportet.
2771 1250 2951 1294 PP.111

1611 1306 1652 1350 lc.
1685 1305 1822 1350 Mart.
1853 1304 2097 1349 Saeculare
2127 1317 2174 1348 Π
2200 1310 2245 1349 et
2270 1305 2454 1350 Donato
2485 1320 2629 1350 conss.
2762 1310 2817 1360 [a.
2850 1310 2946 1358 260]

1670 1360 1700 1408 6
1731 1360 1876 1419 Impp.
1907 1361 2217 1405 Diocletianus
2251 1368 2296 1405 et
2323 1360 2635 1406 Maoeimianus
2663 1363 2754 1406 AA.
2793 1369 2837 1407 et
2869 1361 2946 1406 CC.

1611 1417 1826 1461 Domnae.
1886 1417 1934 1461 Si
1970 1417 2050 1460 tibi
2086 1422 2214 1472 pater
2245 1418 2507 1460 avunculum
2538 1423 2799 1462 testamento
2829 1423 2950 1462 recte

1611 1476 1802 1516 tutorem
1846 1473 1966 1516 dedit
2006 1486 2088 1516 nec
2131 1474 2168 1517 is
2212 1477 2448 1516 excusatus
2493 1479 2582 1526 est,
2637 1487 2737 1518 eum
2782 1475 2949 1518 tutelae

1611 1529 1774 1572 iudicio
1814 1532 1906 1572 tam
1944 1528 2259 1572 administratis
2297 1541 2427 1583 quam
2457 1531 2688 1585 neglectis,
2732 1544 2830 1573 cum
2871 1530 2947 1573 ad-

1614 1585 1854 1627 ministrari
1884 1585 2107 1635 deberent,
2135 1585 2255 1639 apud
2286 1588 2606 1640 competentem
2629 1586 2818 1629 iudicem
2843 1599 2948 1629 con-

1614 1641 1711 1683 veni
1751 1640 1995 1683 secundum
2034 1641 2196 1682 bonam
2233 1640 2365 1683 fidem
2403 1641 2486 1683 tibi
2517 1641 2775 1685 satisfacere
2803 1642 2946 1685 iussu-

1615 1708 1726 1738 rum.
1787 1693 1832 1738 S.
1862 1709 1967 1739 non.
1997 1695 2143 1753 April.
2176 1694 2313 1738 Sirmi
2345 1694 2421 1739 CC.
2455 1710 2596 1740 conss.
2763 1702 2818 1749 [a.
2851 1701 2946 1748 294]

1671 1749 1699 1795 7
1733 1748 1859 1794 Idem
1886 1751 1979 1794 AA.
2010 1756 2055 1793 et
2085 1749 2163 1795 CC.
2196 1750 2504 1808 Tryphaenae.
2573 1753 2758 1795 Tutelae
2793 1757 2949 1796 contra

1613 1808 1804 1848 tutorem
1842 1810 1984 1859 mota,
2022 1818 2150 1860 quem
2179 1810 2441 1850 testamento
2475 1808 2618 1863 patris
2650 1809 2702 1858 (si
2731 1809 2777 1850 in
2807 1809 2900 1851 eius
2917 1810 2951 1834 ¹²

191 1860 435 1904 tationibus
465 1873 564 1904 cum
592 1860 715 1903 nulla
744 1861 933 1914 legitima
965 1861 1278 1916 consequentia
1306 1861 1352 1903 in
1377 1861 1529 1903 huius·
1568 1889 1572 1932 Ι
1612 1860 1735 1904 fuisti
1763 1864 2001 1915 potestate)
2040 1861 2191 1904 datum
2228 1863 2460 1917 proponis,
2503 1863 2626 1906 reddi
2661 1864 2741 1906 tibi
2780 1864 2817 1907 si
2846 1863 2950 1918 quid

190 1915 308 1961 modi
390 1916 560 1960 ersonis
615 1916 884 1969 custoditur,
941 1916 1018 1960 sed
1069 1916 1319 1960 interventu
1362 1915 1529 1959 subolis

190 1977 324 2016 natur
371 1971 406 2016 's
436 1971 546 2015 nihil
573 1971 643 2016 ius
670 1971 911 2036 legitimum
947 1973 1130 2016 subesse
1158 1975 1330 2028 potest,
1367 1977 1418 2015 ut
1453 1984 1528 2014 ne·
1569 1997 1571 2000 -

191 2027 373 2072 cessitas
411 2027 687 2083 relinquendi
723 2028 887 2083 ahquid
918 2029 979 2072 eis
1010 2041 1066 2072 ex
1093 2028 1262 2083 legibus
1290 2027 1528 2079 immineat,

190 2083 325 2128 liceat
352 2084 415 2127 eis
444 2089 655 2138 quantum
683 2083 901 2127 voluerint
937 2097 1043 2128 suae
1073 2084 1350 2128 substantiae
1378 2084 1424 2126 in
1453 2096 1530 2127 eos

194 2139 418 2191 conferre,
456 2139 627 2183 scilicet
662 2140 788 2183 nulla
825 2140 1018 2194 legitima
1055 2140 1210 2184 subole
1246 2139 1528 2186 subsistente.

193 2199 218 2238 3
289 2193 416 2238 Filiis
470 2196 583 2238 enim
631 2195 910 2238 naturalibus
960 2196 1149 2251 relinqui
1193 2196 1529 2239 constitutiones

194 2254 406 2306 quantum
443 2250 661 2294 voluerint
696 2250 795 2294 ideo
834 2251 1156 2306 prohibuerunt
1167 2253 1199 2304 ⁴,
1237 2252 1342 2307 quia
1377 2252 1530 2295 vitium

193 2309 427 2361 paternum
457 2305 718 2349 frenandum
749 2318 844 2350 esse
874 2307 1247 2350 existimaverunt.
1314 2308 1362 2349 in
1392 2320 1528 2362 nepo-

193 2361 314 2405 tibus
343 2364 490 2404 autem
518 2374 607 2405 non
636 2360 789 2405 eadem
818 2362 1067 2407 observatio
1102 2362 1149 2405 in
1187 2362 1399 2417 praefatis
1429 2374 1527 2416 spe-

196 2417 347 2461 ciebus
377 2415 664 2460 custodienda
695 2421 786 2469 est,
825 2418 903 2462 ubi
930 2417 1121 2472 legitima
1148 2418 1323 2461 minime
1351 2417 1528 2460 suboles

193 2471 303 2516 facit
338 2471 707 2528 impedimentum.
776 2485 828 2515 ea
867 2474 981 2516 enim
1024 2473 1291 2517 subsistente
1335 2478 1530 2516 veterum

196 2527 559 2572 constitutionum
585 2531 785 2572 tenorem
813 2529 860 2571 in
889 2528 1164 2572 naturalibus
1189 2528 1291 2572 filiis
1315 2533 1530 2572 statutum

195 2587 223 2627 4
279 2586 324 2627 et
351 2583 398 2626 in
426 2588 609 2639 nepotes
639 2583 929 2628 extendimus.
989 2583 1076 2628 Sed
1103 2585 1213 2627 haec
1240 2585 1287 2628 in
1322 2584 1392 2628 his
1429 2589 1529 2626 tan-

194 2638 420 2683 tummodo
450 2639 684 2692 sancimus,
714 2639 760 2682 in
791 2639 949 2695 quibus
976 2640 1203 2683 voluntate
1232 2640 1396 2695 aliquid
1425 2652 1528 2683 con·

195 2694 336 2738 secuti
363 2699 480 2738 sunt.
538 2695 635 2738 iura
665 2694 825 2738 etenim
854 2697 911 2739 ab
940 2696 1150 2739 intestato
1179 2696 1226 2738 in
1256 2696 1327 2739 avi
1353 2708 1529 2739 succes-

195 2754 219 2792 5
264 2749 430 2794 sionem
457 2749 617 2793 nemini
647 2763 799 2794 eorum
827 2751 1004 2806 penitus
1035 2752 1268 2806 aperimus.
1327 2751 1391 2794 Et
1418 2751 1530 2794 haec

193 2819 282 2849 non
322 2805 465 2849 solum
505 2806 568 2849 eis
607 2806 817 2849 accedere
857 2819 1084 2849 censemus
1124 2820 1152 2849 a
1181 2806 1432 2850 substantia
1461 2806 1531 2849 avi

192 2861 366 2916 paterni
391 2861 622 2915 naturalis,
652 2861 731 2905 sed
761 2861 891 2905 etiam
917 2862 1070 2917 proavi
1093 2862 1161 2906 vel
1185 2863 1279 2906 eius
1304 2864 1529 2918 cognatio-

192 2915 276 2968 nis,
305 2916 345 2960 si
373 2915 478 2972 quid
507 2917 662 2960 saltem
691 2917 944 2961 huiusmodi
971 2917 1205 2961 vocabuli5
1240 2919 1287 2962 in
1325 2923 1415 2961 tam
1453 2918 1529 2961 de-

221 2983 371 3016 eneres
399 2972 598 3016 homines
635 2974 869 3018 extendere
904 2974 1138 3017 maluerint
1148 2975 1179 3016 ⁶.
1246 2973 1301 3018 D.
1339 2974 1382 3018 lc.
1414 2973 1527 3018 Nov.

229 3028 586 3087 onstantinopoli
602 3035 716 3086 post
738 3030 1018 3073 consulatum
1034 3029 1276 3088 Lampadii
1297 3035 1342 3075 et
1362 3028 1530 3075 Orestis

192 3097 256 3127 vv.
289 3095 350 3126 eo.
1342 3090 1398 3138 [a.
1431 3089 1527 3139 531]

744 3252 986 3303 XXV111.⁷

440 3335 516 3375 DE
546 3333 770 3373 TUTELA
799 3333 1288 3375 TESTAMENTARIA.

254 3416 276 3463 1
339 3414 486 3482 Impp.
532 3414 723 3459 Severus
774 3420 818 3459 et
858 3415 1114 3459 Antoninus
1155 3416 1246 3460 AA.
1293 3415 1527 3474 Speratae.

195 3473 332 3528 Quem
363 3472 471 3516 dicis
500 3471 584 3514 tibi
612 3475 802 3514 tutorem
826 3474 1090 3514 testamento
1119 3477 1333 3526 patronae
1364 3473 1527 3526 datum,

195 3530 234 3573 si
260 3526 629 3572 administrationi
658 3539 706 3570 se
734 3539 823 3569 non
851 3526 1049 3578 miscuit,
1091 3527 1213 3570 nulla
1246 3528 1420 3571 actione
1451 3529 1530 3571 tibi

194 3589 389 3628 tenetur:
430 3594 572 3638 neque
609 3582 723 3626 enim
754 3582 850 3625 iure
879 3582 1008 3625 datus
1037 3587 1159 3626 tutor
1186 3583 1285 3625 fuit.
1347 3583 1464 3638 quod
1493 3585 1530 3628 si

195 3638 514 3682 administravit
543 3642 699 3693 sponte
727 3650 799 3681 res
827 3643 941 3689 tuas,
973 3639 1161 3694 experiri
1190 3639 1400 3683 adversus
1430 3652 1530 3682 eum

197 3695 372 3738 actione
386 3693 660 3748 negotiorum
676 3698 899 3748 gestorum
922 3698 1061 3749 potes.
1107 3693 1199 3737 ΡΡ.
1218 3707 1332 3737 XVII
1354 3694 1396 3738 lc.
1413 3695 1527 3752 Auq.

196 3753 324 3808 Apro
353 3753 399 3794 et
424 3747 631 3793 Maximo
662 3761 804 3792 conss.
1342 3754 1398 3802 [a.
1431 3753 1528 3802 207]

253 3803 284 3850 2
323 3802 437 3862 Imp.
475 3804 730 3848 Antoninus
766 3807 817 3847 A.
859 3803 1118 3849 Sabiniano.
1191 3805 1288 3849 Etsi
1332 3819 1359 3849 a
1401 3811 1529 3861 patre

196 3864 274 3905 tuo
317 3864 578 3904 testamento
621 3859 717 3903 iure
759 3862 881 3903 tutor
923 3861 1004 3904 tibi
1047 3861 1177 3905 datus
1221 3874 1272 3905 eo
1316 3866 1527 3916 tempore,

198 3930 284 3972 quo
321 3915 450 3959 heres
487 3914 693 3966 extitisti,
736 3915 782 3958 in
818 3916 948 3960 rebus
986 3917 1192 3961 humanis
1229 3917 1337 3968 fuit,
1382 3922 1529 3961 tamen
1567 3947 1570 3966 1

198 3971 408 4016 codicillis
463 3971 575 4013 alius
627 3974 749 4014 tutor
799 3976 920 4014 recte
971 3971 1100 4016 datus
1149 3976 1218 4016 est
1260 3978 1304 4016 et
1347 3980 1530 4028 uterque

196 4030 382 4084 propter
419 4027 686 4070 voluntatem
723 4027 948 4070 testatoris
987 4032 1109 4071 tutor
1148 4029 1248 4079 erit,
1278 4029 1363 4073 nisi
1392 4034 1528 4073 testa-

197 4088 343 4126 mento
373 4082 523 4126 datum
552 4086 680 4146 pater
707 4081 843 4124 alium
881 4082 1093 4127 codicillis
1134 4083 1278 4127 dando
1317 4097 1365 4128 re
1397 4086 1528 4128 roba-

197 4139 330 4182 verit:
359 4141 467 4181 tunc
498 4150 611 4181 enim
638 4137 856 4193 posterior
885 4138 1005 4181 solus
1034 4142 1158 4182 tutor
1190 4140 1283 4183 erit.

198 4192 341 4252 April.
371 4193 545 4238 duobus
571 4192 731 4251 Aspris
759 4204 900 4236 conss.

201 4336 253 4385 (ι)
281 4335 320 4375 ei
342 4335 390 4386 V,
420 4350 492 4375 om.
514 4334 587 4375 GR
656 4335 712 4386 (2)
740 4335 800 4375 sic
827 4333 871 4385 G,
886 4334 1152 4388 conceptione
1175 4336 1253 4377 VR
1324 4339 1461 4403 (tn-sic
1488 4338 1531 4389 C,

1274 4393 1434 4500 (537Γὲ
1458 4393 1531 4499 gi}

1312 4503 1369 4555 (8)
1400 4503 1444 4543 id
1473 4509 1531 4544 est

201 4389 281 4430 fine
309 4391 350 4431 R
470 4389 525 4442 (4)
553 4391 614 4431 sic
641 4390 697 4441 R,
726 4388 1016 4442 prohibuerint
1052 4390 1158 4431 1⁷20

201 4443 398 4486 vocabulo
432 4446 504 4487 GR
630 4447 684 4496 (6)
712 4448 772 4486 sic
810 4446 855 4496 V,
885 4445 1079 4485 maluerit
1112 4445 1184 4486 CR

200 4508 239 4550 2’
267 4509 310 4540 ³³
339 4516 446 4554 ‘ww'
477 4502 627 4598 Taczs‘
659 4501 1056 4607 Diffbfglffehini
1073 4504 1176 4598 ¹’1o¹4
1252 4559 1328 4610 (ιο)
1381 4561 1417 4600 ic
1446 4559 1522 4600 vc

203 4567 554 4652 Ξιᾶέηὲἶῖῗῖἶὲω
571 4573 643 4653 ⁰112(
724 4613 792 4664 (ιι)
824 4573 960 4652 tutgre
992 4587 1088 4664 ’Vei
1118 4627 1190 4653 om.
1226 4612 1298 4655 'CR
1358 4575 1465 4667 8(ιῖ)
1494 4590 1529 4654 si’

1342 4139 1527 4248 [a.P21u2l]
1567 4119 1572 4247 Ξ
1610 4195 1780 4249 legibus
1818 4195 2014 4249 modum,
2056 4198 2186 4240 etiam
2223 4201 2414 4241 tutorem
2450 4198 2511 4240 eis
2550 4197 2812 4253 relinquere,
2862 4195 2938 4251 qui

1613 1917 1798 1959 debetur
1828 1922 2081 1971 competens
2109 1917 2243 1959 iudex
2272 1918 2419 1961 aditus
2448 1919 2630 1962 iubebit.
2702 1924 2950 1962 curatorem

1614 1971 1730 2015 enim
1770 1971 1984 2015 inutiliter
2024 1972 2071 2015 in
2114 1976 2377 2017 testamento
2422 1974 2518 2017 dari
2562 1988 2650 2018 non
2700 1975 2948 2029 ambigitur.

1613 2027 1667 2072 D.
1700 2038 1816 2070 XVII
1840 2027 1884 2072 lc.
1914 2026 2024 2071 Mai.
2057 2027 2196 2072 Sirmi
2227 2027 2303 2073 CC.
2337 2043 2480 2073 conss.
2765 2035 2821 2083 [a.
2853 2034 2948 2082 294]

1671 2080 1701 2131 8
1738 2082 1920 2142 ¹³Impp.
1955 2083 2232 2128 Theodosius
2269 2090 2313 2129 et
2352 2084 2694 2130 Valentinianus
2722 2088 2813 2130 AA.
2846 2086 2950 2129 Flo-

1612 2139 1760 2184 rentio
1789 2153 1873 2197 pp.
1943 2140 2134 2184 Tutores
2177 2141 2308 2183 etiam
2351 2142 2532 2186 Graecis
2575 2143 2718 2186 verbis
2760 2143 2864 2186 licet
2905 2143 2951 2185 in

1612 2195 1888 2239 testamentis
1917 2195 2178 2251 relinquere,
2208 2201 2259 2239 ut
2287 2197 2350 2240 ita
2379 2201 2548 2242 tutores
2582 2199 2678 2242 dari
2708 2199 2950 2246 videantur,

1613 2264 1668 2295 ac
1698 2252 1737 2294 si
1764 2251 1966 2306 legitimis
1996 2253 2138 2295 verbis
2169 2265 2244 2296 eos
2274 2258 2460 2297 testator
2488 2255 2693 2299 dedisset.
2745 2254 2800 2298 D.
2823 2254 2948 2311 prid.

1612 2307 1671 2351 id.
1719 2305 1840 2364 Sept.
1898 2305 2290 2365 Constantinopoli
2341 2309 2590 2354 Theodosio
2644 2311 2695 2354 A.
2749 2322 2862 2353 XVI!
2908 2316 2951 2352 et

1614 2362 1748 2406 Festo
1780 2375 1922 2406 conss.
2761 2370 2816 2418 [a.
2851 2369 2947 2416 439]

2139 2589 2427 2636 XXVIIII.¹‘¹

1893 2670 1969 2709 DE
2001 2669 2408 2712 CONFIRMANDO
2439 2672 2671 2712 TUTORE.

1672 2750 1696 2797 1
1733 2749 1846 2809 Imp.
1878 2750 2141 2795 Alexander
2169 2754 2219 2795 A.
2251 2751 2425 2796 Prisco.
2486 2753 2767 2797 Testamento
2798 2756 2950 2798 matris

1612 2812 1780 2851 tutores
1822 2807 1915 2850 dati
1951 2819 2163 2851 excusare
2202 2821 2382 2852 necesse
2411 2822 2499 2852 non
2539 2809 2724 2862 habent,
2762 2811 2846 2853 nisi
2874 2811 2948 2854 de-

1614 2868 1733 2906 creto
1773 2863 2013 2906 secundum
2052 2863 2322 2906 voluntatem
2362 2863 2619 2918 defunctae,
2657 2871 2699 2909 et
2730 2867 2950 2920 quidem¹5

1612 2919 1896 2974 inquisitione
1924 2919 2090 2971 habita,
2122 2920 2212 2962 dati
2241 2919 2417 2963 fuerint.
2470 2919 2566 2963 ΡΡ.
2593 2933 2661 2964 JJI
2681 2935 2783 2965 non.
2812 2921 2948 2966 Mart.

1613 2973 1794 3018 Iuliano
1825 2980 1871 3019 et
1900 2973 1998 3018 Cris
2032 2976 2107 3019 ino
2138 2989 2279 3019 conss.
2760 2982 2815 3030 [a.
2849 2981 2945 3030 224]

1670 3028 1701 3075 2
1733 3029 1858 3074 Idem
1887 3033 1937 3074 A.
2019 3031 2173 3075 alerio.
2233 3032 2387 3086 Neque
2425 3043 2504 3085 per
2540 3032 2771 3086 epistulam
2808 3046 2948 3088 neque

1613 3099 1666 3129 ex
1695 3086 1952 3141 imperfecto
1983 3090 2246 3130 testamento
2280 3092 2471 3130 tutorem
2500 3090 2621 3130 recte
2651 3087 2744 3130 dari
2773 3088 2948 3131 indubi-

1611 3142 1696 3184 tati
1731 3142 1839 3185 iuris
1877 3147 1956 3185 est.
2025 3143 2103 3186 sed
2139 3143 2343 3186 voluntas
2380 3142 2520 3197 patris
2552 3143 2598 3186 in
2628 3143 2947 3188 constituendis

1611 3197 1833 3240 tutoribus
1877 3199 1945 3240 vel
1990 3198 2266 3241 curatoribus
2310 3199 2357 3240 in
2404 3197 2656 3240 huiusmodi
2701 3199 2876 3243 casibus
2919 3213 2947 3243 a

1611 3252 1779 3303 iudice,
1820 3253 1876 3294 ad
1915 3254 2040 3296 cuius
2078 3253 2271 3296 officium
2299 3253 2410 3296 haec
2438 3266 2509 3296 res
2538 3253 2742 3309 pertinet,
2783 3257 2947 3299 servari

1612 3309 1737 3351 solet.
1791 3308 2034 3350 secundum
2064 3321 2177 3362 quae
2206 3307 2347 3351 vereri
2375 3321 2466 3351 non
2495 3309 2641 3361 debes,
2674 3323 2728 3354 ne
2757 3315 2946 3367 tempus,

1613 3368 1846 3417 antequam
1877 3363 2211 3416 confirmareris‚
2244 3364 2438 3407 cesserit.
2498 3363 2590 3408 ΡΡ.
2621 3377 2715 3408 VIII
2741 3366 2800 3409 id.
2831 3369 2945 3424 Auq.

2761 3426 2815 3474 [a.
2848 3426 2944 3474 226]

1672 3529 1680 3536 ‚
2291 3474 2358 3527 Si,
2404 3480 2455 3518 ut
2496 3477 2727 3531 proponis,
2776 3478 2944 3533 pupillo

1613 3541 1738 3571 cuius
1781 3529 2013 3573 meministi
2054 3535 2181 3584 pater
2221 3531 2436 3574 inutiliter
2473 3536 2736 3576 testamento
2776 3539 2944 3577 tutores

1612 3584 1731 3626 (ledit
1773 3587 1836 3634 et,
1879 3586 2136 3640 priusquam
2179 3587 2210 3629 ii
2255 3586 2642 3641 confirmarentur,
2688 3590 2762 3632 alii
2797 3591 2853 3632 ab
2893 3602 2944 3632 eo

1613 3639 1737 3683 cuius
1767 3640 1948 3683 interest
1972 3640 2064 3683 dati
2085 3645 2203 3694 sunt,
2231 3643 2277 3685 id
2302 3642 2489 3697 quidem,
2514 3645 2631 3699 quod
2653 3645 2751 3688 iure
2774 3650 2945 3699 gestum

1612 3699 1697 3746 est,
1742 3697 1941 3740 revocari
1984 3709 2073 3739 non
2114 3701 2285 3752 potest:
2331 3711 2388 3741 an
2432 3703 2577 3742 autem
2621 3699 2696 3755 qui
2737 3700 2944 3743 iudicium

1611 3750 1751 3805 patris
1791 3751 1958 3794 habent
1997 3755 2223 3797 curatores
2264 3754 2402 3797 eidem
2430 3755 2599 3810 pupillo
2630 3756 2837 3798 constitui
2867 3755 2941 3798 de-

1611 3807 1758 3859 beant,
1788 3807 1932 3850 aditus
1964 3813 2215 3862 competens
2243 3809 2377 3852 iudex
2411 3810 2652 3865 perspectis
2670 3812 2702 3836 ¹⁶
2742 3810 2941 3852 utilitati-

1611 3862 1695 3905 bus
1726 3863 1818 3906 eius
1849 3863 2108 3907 aestimabit.
2167 3863 2261 3909 ΡΡ.
2293 3877 2363 3909 JJJ
2396 3865 2455 3908 id.
2486 3865 2630 3923 April.
2662 3865 2868 3908 Modesto
2899 3871 2943 3907 et

1612 3916 1764 3961 Probo
1797 3932 1938 3961 conss,
2754 3925 2808 3971 [a.
2842 3922 2939 3971 228]

1668 3971 1699 4017 4
1736 3971 1884 4030 ¹⁷Imp.
1917 3972 2197 4019 lastinianus
2223 3977 2274 4020 A.
2307 3975 2488 4019 Iuliano
2512 3989 2594 4032 pp.
2651 3974 2940 4018 Naturalibus

1610 4028 1760 4072 liberis
1797 4029 2073 4084 providentes
2112 4030 2265 4075 damus
2302 4030 2523 4074 licentiam
2558 4030 2759 4084 patribus
2790 4043 2939 4073 eorum

1611 4084 1655 4126 in
1698 4084 1766 4127 his
1809 4085 1961 4138 rebus,
2005 4098 2113 4141 quas
2156 4099 2431 4142 quocumque
2472 4087 2601 4129 modo
2641 4085 2702 4129 eis
2740 4085 2939 4128 dederint

1611 4140 1684 4183 vel
1722 4139 2052 4194 dereliquerint,
2092 4141 2260 4185 scilicet
2296 4143 2414 4185 intra
2454 4140 2731 4197 praefinitum
2774 4139 2937 4184 nostris

1611 3418 1876 3466 Alexandro
1906 3420 1958 3461 A.
1992 3430 2039 3461 Π
2064 3424 2108 3462 et
2135 3418 2353 3463 Marcello
2384 3433 2526 3463 conss.

1669 3470 1698 3518 3
1745 3471 1868 3516 Idem
1911 3475 1963 3517 A.
2010 3472 2217 3518 Sosiano.

1613 4337 1658 4375 in
1698 4337 1784 4377 eius
1824 4335 1943 4388 VM»,
1985 4337 2030 4378 in
2069 4340 2187 4378 cuius
2230 4340 2300 4380 CR

1617 4394 1680 4441 16,
1711 4402 1740 4438 1,
1772 4401 1813 4434 8:
1844 4393 1962 4446 iunqe
1990 4395 2029 4444 6,
2060 4403 2115 4445 23,
2147 4405 2198 4436 21.
2230 4398 2268 4445 7,
2300 4403 2334 4444 2,
2364 4402 2404 4434 14

1619 4448 1678 4500 Cf.
1708 4447 1808 4500 Diq.
1842 4449 1908 4497 26,
1937 4457 1958 4490 3

1613 4501 1786 4553 quadam
1821 4501 1913 4543 CR⁶

1613 4567 1670 4609 27,
1704 4567 1748 4599 ιι.
1780 4560 1818 4608 5,
1849 4566 1904 4609 35,
1935 4566 1955 4599 3

2455 4339 2531 4389 (13)
2565 4358 2621 4373 =
2650 4338 2752 4379 Nov.
2790 4338 2936 4378 Theod.

2546 4394 2619 4443 (14)
2649 4394 2692 4432 Β
2723 4396 2787 4441 37,
2818 4401 2851 4434 3.
2880 4416 2937 4423 -

2098 4452 2171 4500 (15)
2202 4454 2241 4489 et
2270 4449 2434 4499 quidem
2461 4448 2525 4499 ΔΙ,
2565 4448 2750 4499 equidem
2782 4448 2860 4499 R“‚
2896 4451 2937 4488 et

2053 4506 2127 4556 (16)
2156 4505 2378 4557 prospectis
2408 4504 2505 4544 libri
2646 4505 2718 4554 (Π)
2751 4505 2866 4557 iunqe
2895 4506 2934 4552 5,

2522 4686 2601 4725 28*
