3152 4784
224 145 298 183 DE
335 141 881 183 COMPENSATIONIBUS

231 282 375 328 fiscali
401 282 468 327 ita
498 284 670 329 demum
697 284 844 337 locum
871 295 994 338 esse,
1035 283 1070 327 si
1102 285 1255 330 eadem
1283 286 1418 333 statio
1449 287 1554 344 quid

231 339 392 384 debeat
420 353 534 399 quae
570 342 698 407 petit.
756 343 841 386 hoc
876 339 989 406 ,iuris
1025 345 1211 397 propter
1249 343 1557 389 confusionem

230 395 505 441 diversorum
541 397 790 443 officiorum
823 398 1043 441 tenaciter
1082 399 1346 442 servandum
1375 403 1456 444 est.
1516 400 1555 444 si

229 451 336 507 quid
365 455 517 496 autem
546 453 631 497 tibi
661 467 716 498 ex
745 465 798 497 ea
825 451 1018 495 statione
1039 452 1165 497 cuius
1193 456 1461 501 mentionem
1489 455 1554 500 fe-

229 506 332 551 cisti
361 507 515 552 deberi
545 508 812 563 constiterit,
842 520 973 564 quam
1001 507 1191 564 primum
1219 511 1422 567 recipies.

285 562 315 609 2
346 561 471 609 Idem
511 566 562 607 A.
602 564 784 608 Claudio
826 564 897 607 αἱ*
936 564 1204 621 Asclepiadi.
1274 567 1373 610 Ex²
1417 578 1555 611 causa

228 619 405 675 quidem
432 619 621 665 iudicati
650 619 840 664 solutum
868 619 1012 674 repeti
1026 633 1118 664 non
1127 625 1291 679 potest,
1317 625 1554 680 eapropter

226 687 309 718 nec
340 676 642 731 compensatio
667 674 762 720 eius
791 674 968 719 admitti
996 679 1159 731 potest.
1208 690 1310 722 eum
1329 691 1449 734 vero,
1476 676 1553 744 qui

226 731 414 777 iudicati
451 731 730 785 convenitur,
771 732 1174 786 compensationem
1209 734 1428 790 pecuniae
1467 732 1553 778 sibi

227 786 404 832 debitae
431 787 668 843 implorare
729 798 828 831 osse
854 787 1022 831 nemini
1052 788 1234 832 dubium
1264 794 1346 835 est.

272 842 312 890 Β
353 842 466 910 Imp.
507 842 682 886 Alexan
717 855 767 885 er
807 844 858 886 A.
897 844 1050 887 Aetrio
1096 843 1314 902 Capitoni.
1386 845 1440 890 Iu
1482 857 1550 899 ea,

226 911 340 954 quae
367 911 434 943 rei
460 897 668 955 publicae
697 901 742 941 te
771 898 935 943 debere
965 898 1146 954 fateris,
1177 901 1455 958 compensari
1481 912 1549 955 ea,

225 967 339 1011 quae
365 954 423 999 ab
442 954 596 999 eadem
625 953 708 997 tibi
729 954 962 1009 debentur,
989 955 1029 999 is
1051 956 1178 1000 cuius
1207 957 1263 1002 de
1284 971 1338 1002 ea
1357 970 1406 1002 re
1425 955 1550 1001 notio

225 1012 294 1057 est
318 1009 509 1064 iubebit,
541 1009 580 1053 si
607 1022 751 1066 neque
779 1023 836 1054 ex
864 1011 1126 1057 kalendario
1155 1025 1299 1068 neque
1329 1026 1385 1058 ex
1412 1011 1548 1056 vecti-

222 1061 395 1122 galibus
424 1078 566 1121 neque
594 1078 651 1109 ex
688 1065 900 1111 frumenti
928 1067 996 1111 vel
1025 1068 1111 1112 olei
1150 1069 1320 1124 publici
1357 1067 1550 1124 pecunia

222 1134 364 1178 neque
405 1118 673 1165 tributorum
715 1135 861 1179 neque
899 1123 1209 1168 alimentorum
1250 1137 1394 1181 neque
1438 1123 1548 1176 eius,

222 1189 335 1232 quae
364 1177 542 1221 statutis
573 1178 824 1233 sumptibus
854 1180 1011 1234 servit,
1049 1194 1105 1224 ne
1137 1194 1193 1225 ue
1222 1177 1549 1225 fideicommissi

221 1231 414 1277 civitatis
443 1234 618 1278 debitor
648 1235 722 1278 sis.
783 1233 877 1278 ΡΡ.
905 1234 949 1279 lc.
981 1236 1074 1281 Oct.
1148 1238 1303 1281 aoeimo
1332 1248 1380 1280 11
1404 1242 1448 1280 et
1463 1236 1548 1279 Ae-

216 1287 338 1334 liano
369 1298 511 1331 conss.
1366 1290 1423 1340 [a.
1455 1288 1554 1337 223]

270 1338 302 1388 4
333 1339 456 1386 Idem
485 1343 536 1388 A.
569 1341 728 1386 Flavio
757 1343 829 1387 εἰ*
859 1340 1076 1387 Luciano.
1145 1341 1191 1386 Si
1219 1346 1394 1388 constat
1420 1354 1555 1398 pecu-

216 1397 331 1441 niam
361 1397 544 1443 invicem
574 1396 747 1453 deberi,
787 1397 883 1454 ipso
920 1397 1017 1442 iure
1055 1410 1136 1454 pro
1174 1398 1320 1442 soluto
1351 1409 1556 1453 compen-

214 1452 430 1498 sationem
467 1453 623 1498 haberi
662 1457 840 1508 oportet
877 1466 930 1498 ex
961 1466 1012 1498 eo
1042 1458 1260 1509 tempore,
1300 1467 1352 1497 ex
1383 1466 1469 1509 quo
1496 1453 1555 1496 ab

214 1513 402 1564 utraque
453 1514 579 1565 parte
631 1508 840 1564 debetur,
894 1509 1048 1565 utique
1099 1508 1244 1564 quoad
1293 1513 1558 1557 concurrent

213 1565 494 1620 quantitates,
526 1565 708 1621 eiusque
739 1565 890 1619 solius,
922 1562 1040 1620 quod
1068 1563 1257 1619 amplius
1298 1564 1420 1629 apud
1448 1565 1556 1608 alte-

214 1633 310 1663 rum
349 1625 428 1674 est,
474 1632 636 1664 usurae
674 1619 911 1674 debentur,
954 1618 993 1663 si
1034 1618 1165 1673 modo
1211 1620 1367 1675 petitio
1405 1632 1556 1664 earum

213 1675 426 1719 subsistit.
485 1675 674 1720 D.xr¹11
698 1674 741 1718 lc.
762 1673 856 1720 Oct.
878 1674 1145 1719 Alexandro
1169 1677 1220 1718 A.
1248 1686 1317 1718 η]
1343 1679 1389 1720 et
1410 1675 1556 1721 Dione

211 1743 354 1774 conss.
1364 1735 1420 1783 [a.
1454 1734 1551 1783 229]

265 1784 295 1831 5
329 1783 453 1830 Idem
482 1786 533 1829 A.
565 1784 844 1830 Honoratus.
913 1784 1061 1829 Etiam
1099 1786 1136 1830 si
1170 1785 1555 1830 fideicommissum

209 1839 291 1885 tibi
334 1854 387 1884 ex
426 1841 521 1887 eius
559 1840 688 1885 bonis
727 1839 879 1884 deberi
915 1845 1110 1895 constat,
1157 1841 1230 1885 cui
1267 1841 1474 1886 debuisse
1510 1846 1555 1886 te

207 1895 418 1940 minorem
449 1896 736 1953 quantitatem
766 1894 900 1949 dicis,
940 1895 1143 1953 aequitas
1181 1898 1554 1954 compensationis

207 1964 439 1996 usurarum
461 1951 655 1996 excludit
678 1951 1064 2009 computationem,
1094 1953 1251 2010 petitio
1275 1958 1423 1998 autem
1443 1953 1554 2008 eius,

237 2007 326 2108 uffid
354 2007 541 2065 amplius
569 2008 650 2052 tibi
679 2007 830 2053 deberi
853 2008 1122 2066 probaveriS,
1154 2010 1252 2054 sola
1277 2009 1552 2066 relinquitur.

291 2098 301 2108 .
1382 2079 1422 2110 a.
1454 2069 1552 2119 229]

266 2117 297 2167 6
336 2117 482 2164 ³Idem
516 2120 569 2164 A.
609 2117 909 2178 Polydeucae.
984 2119 1139 2177 Neque
1177 2070 1422 2178 scripturis,
1466 2134 1555 2179 qua

209 2182 387 2220 cautum
416 2179 483 2220 est
510 2179 698 2239 accepta
726 2188 839 2232 quae
871 2189 1008 2232 negas
1042 2176 1230 2232 tradita,
1273 2178 1469 2233 obligare
1507 2181 1554 2222 te

211 2236 366 2276 contra
390 2231 520 2277 fidem
543 2231 739 2276 veritatis
759 2232 906 2288 potuit
934 2237 978 2276 et
1002 2234 1375 2289 compensationis
1399 2233 1554 2290 aequi-

210 2291 345 2332 tatem
380 2286 478 2330 iure
512 2287 727 2344 postulas.
796 2301 886 2332 non
921 2288 1036 2332 enim
1065 2289 1189 2345 prius
1218 2289 1398 2344 exsolvi,
1435 2289 1555 2345 quod

211 2343 370 2388 debere
414 2346 460 2387 te
505 2342 766 2396 constiterit,
811 2355 998 2400 aequum
1043 2347 1133 2398 est,
1175 2357 1308 2401 quam
1351 2345 1554 2402 petitioni

211 2401 390 2443 mutuae
418 2410 678 2454 responsum
705 2398 855 2451 fuerit,
886 2412 938 2444 eo
968 2399 1123 2467 magis,
1154 2400 1273 2467 quod
1302 2413 1356 2445 ea
1384 2405 1429 2445 te
1454 2413 1553 2457 per-

211 2455 336 2512 sequi
378 2454 511 2509 dicis,
580 2467 665 2498 uae
702 2467 729 2499 a
764 2454 978 2500 muliere⁴
1021 2456 1196 2501 divortii
1233 2469 1370 2502 causa
1407 2461 1556 2501 amota

240 2510 420 2556 uereris.
491 2508 537 2555 P
577 2545 587 2555 .
627 2522 722 2555 XVI
759 2509 805 2557 lc.
848 2509 955 2556 Dec.
999 2511 1266 2557 Alexandro
1310 2512 1362 2557 A.
1404 2525 1473 2557 111
1512 2518 1559 2558 et

254 2567 357 2611 ione
385 2579 530 2611 conss.
1366 2571 1423 2622 [a.
1456 2572 1554 2622 229]

266 2621 295 2669 7
330 2621 456 2666 Idem
482 2623 535 2666 A.
566 2621 726 2668 Flavio
746 2622 962 2668 Ausonio.
1017 2622 1064 2668 Si
1094 2637 1149 2668 ex
1175 2623 1427 2669 venditione
1454 2638 1554 2681 pre·

211 2679 316 2722 tium
346 2677 562 2722 venditori
590 2677 788 2733 debetur,
821 2679 1191 2735 compensationis
1221 2681 1337 2724 ratio
1367 2681 1554 2737 opponi·

210 2740 296 2777 tur.
355 2733 566 2778 adversus
595 2733 751 2778 fiscum
782 2735 896 2778 enim
926 2734 1069 2779 solum
1098 2739 1319 2791 emptores
1351 2736 1556 2793 petitioni

207 2789 338 2846 pretii
366 2790 768 2845 compensationem
799 2790 974 2836 obicere
1001 2791 1312 2848 prohibentur.
1478 2828 1480 2830 .

264 2843 294 2892 8
325 2843 440 2905 Imp.
474 2843 734 2889 Gordianus
762 2847 814 2890 A.
845 2846 1032 2892 Aurelio
1062 2845 1266 2892 Emerita
1302 2847 1447 2892 militi.
1506 2848 1555 2896 Si

207 2906 388 2958 propter
415 2901 589 2945 fructus
619 2913 674 2945 ex
700 2902 984 2957 possessione
1013 2907 1094 2947 tua
1113 2908 1348 2960 perceptos
1370 2903 1553 2949 vitricus

205 2960 309 3002 tuus
354 2955 529 3002 debitor
569 2956 653 3002 tibi
697 2959 967 3003 constitutus
1007 2963 1087 3012 est,
1129 2972 1230 3003 cum
1268 2959 1334 3015 id,
1379 2960 1498 3017 quod
1526 2973 1554 3005 a

206 3016 349 3057 matre
375 3015 456 3058 tua
481 3013 674 3068 legatum
703 3018 789 3068 est,
827 3027 855 3058 a
883 3018 929 3058 te
955 3019 1109 3071 petere
1138 3015 1357 3072 coeperit,
1397 3019 1552 3061 mutuo

207 3069 382 3112 debitae
421 3069 679 3125 quantitatis
718 3069 839 3125 apud
875 3081 975 3113 euin
1010 3071 1085 3127 qui
1113 3084 1250 3127 super
1279 3084 1332 3116 ea
1360 3084 1409 3116 re
1437 3072 1552 3116 iudi-

209 3129 389 3168 caturus
420 3128 487 3168 est
517 3125 919 3180 compensationem
950 3139 1040 3170 non
1067 3126 1285 3172 immerito
1316 3128 1494 3172 obicies.

267 3176 298 3225 9
331 3177 456 3223 Idem
478 3180 530 3223 A.
560 3179 762 3224 Liciniae
791 3179 1117 3227 Euctemonidi.
1161 3182 1286 3237 Eius,
1317 3182 1435 3239 quod
1463 3196 1555 3228 non

209 3235 250 3279 ei
279 3234 463 3278 debetur
491 3234 564 3291 qui
594 3235 865 3298 convenitur,
895 3235 973 3280 sed
1001 3236 1091 3290 alii,
1131 3239 1429 3294 compensatio
1458 3238 1555 3284 fieri

209 3292 513 3410 nopopcssglsoi?
542 3288 862 3412 ῗίξοίιέξίαξιῗιξ
882 3350 928 3392 et
946 3345 1262 3412 Maximianus
1283 3349 1375 3392 AA.
1407 3354 1452 3394 et
1472 3348 1551 3395 CC.

210 3401 328 3446 Iulio
361 3401 606 3446 Nicandro.
673 3401 891 3457 Quoniam
926 3402 1114 3447 hberum
1148 3402 1336 3448 fundum
1365 3403 1553 3450 distrac-

209 3462 302 3501 tum
331 3456 555 3513 proponis,
585 3461 688 3514 post
715 3470 840 3511 vero,
878 3458 1017 3502 veluti
1045 3458 1339 3515 praecedente
1368 3461 1552 3525 emptio-

210 3515 338 3557 nem⁵
378 3513 666 3569 obligatione,
708 3516 878 3557 certum
908 3514 1013 3571 quid
1043 3514 1245 3567 solvisse,
1286 3514 1326 3560 si
1358 3514 1554 3560 debitum

211 3582 238 3612 a
266 3574 310 3612 te
339 3569 457 3625 apud
484 3569 731 3625 praesidem
764 3569 1019 3625 provinciae
1055 3574 1256 3627 petatur,
1294 3584 1552 3627 compensa·

209 3624 372 3668 tionem
401 3624 494 3668 eius
524 3625 643 3681 quod
669 3625 863 3670 indebite
893 3626 1062 3670 solvisti
1089 3631 1216 3682 potes
1247 3639 1484 3684 opponere.

268 3678 324 3725 11
378 3678 502 3725 Idem
539 3681 629 3724 AA.
675 3685 720 3725 et
756 3681 834 3726 CC.
879 3681 1097 3726 Claudio⁶
1140 3681 1261 3727 Iulio
1302 3689 1347 3727 et
1388 3682 1549 3728 Paulo.

213 3735 259 3779 Si
294 3739 462 3780 tutores
500 3736 680 3792 pupillis
719 3736 866 3781 officio
904 3738 1189 3794 magistratus
1226 3743 1441 3796 urguente
1471 3752 1551 3784 no-

210 3791 407 3835 minastis
438 3804 492 3835 ac
521 3805 602 3847 pro
631 3791 700 3835 his
729 3798 910 3848 propter
938 3806 1051 3838 onus
1080 3794 1207 3850 primi
1240 3794 1287 3838 ili
1317 3794 1553 3851 pecuniam

208 3846 415 3898 solvistis,
446 3847 796 3902 superstitiosam
823 3849 974 3904 geritis
1005 3849 1199 3894 sollicitu
1229 3851 1359 3904 inem,
1399 3864 1455 3895 ne
1493 3851 1550 3895 ab

207 3903 316 3959 ipsis
348 3903 551 3946 conventi
578 3903 693 3946 hanc
722 3903 785 3947 eis
814 3904 1033 3960 imputare
1069 3905 1245 3951 minime
1273 3907 1455 3963 possitis
1484 3907 1552 3951 vel

209 3972 236 4002 a
265 3958 387 4004 vobis
418 3957 651 4013 quicquam
676 3959 865 4014 amplius
890 3961 1103 4016 exigatur,
1134 3962 1173 4006 si
1193 3964 1379 4015 tantum,
1411 3975 1550 4019 quan-

209 4020 301 4058 tum
342 4013 405 4058 eis
442 4017 613 4058 tutores
644 4013 912 4068 debuerunt,
947 4017 1016 4061 vel
1043 4030 1120 4062 vos
1150 4018 1324 4063 nomine
1352 4019 1550 4075 ipsorum

207 4070 419 4114 maiorem
449 4070 768 4125 quantitatem⁷
796 4070 970 4116 dedisse
997 4073 1224 4129 probetur.

269 4123 334 4171 12
363 4124 490 4170 Idem
518 4127 610 4170 AA.
652 4131 697 4170 et
727 4125 804 4171 CC.
835 4126 976 4171 Lucio
1010 4127 1292 4174 Corneliano.
1357 4130 1549 4174 Invicem

208 4180 344 4226 debiti
373 4181 733 4238 compensatione
761 4182 929 4236 habita,
960 4184 999 4228 si
1028 4184 1133 4239 quid
1158 4186 1345 4242 amplius
1372 4186 1548 4240 debeas,

210 4323 260 4374 (i)
291 4326 332 4364 et
362 4323 438 4365 del.
470 4323 688 4366 Mommsen
830 4326 884 4376 (2)
924 4338 972 4365 ex
1010 4322 1070 4366 Rb
1101 4341 1184 4367 cum
1212 4329 1302 4367 ΒΣ
1326 4331 1473 4380 (nan),
1511 4328 1546 4368 si

210 4391 259 4420 ex
293 4380 388 4420 CR⁰
500 4380 555 4430 (3)
582 4401 640 4418 =
669 4383 709 4430 5,
734 4390 786 4431 21,
813 4390 829 4423 i
941 4383 998 4431 (4)
1031 4393 1056 4421 a
1082 4381 1257 4424 muliere
1286 4399 1359 4425 om.
1390 4386 1415 4424 l.
1446 4400 1544 4435 yem.

215 4435 271 4483 (5)
296 4435 357 4476 εἰσ
391 4434 441 4476 0⁶
472 4451 555 4478 cum
586 4433 675 4472 ΒΣ
698 4436 752 4482 (κ.
784 4436 862 4481 π.),
891 4430 1110 4484 emptionis
1144 4431 1242 4478 CaR
1300 4437 1353 4486 (6)
1375 4435 1567 4478 Claudiis

217 4490 433 4534 Mommsen
534 4493 587 4544 (7)
615 4490 812 4533 maiorem
841 4489 1114 4541 quantitatem
1143 4502 1214 4529 vos
1241 4491 1406 4532 nomine
1434 4493 1542 4544 ipso·

215 4559 412 4644 5333:th
519 4606 575 4656 (9)
605 4606 643 4655 4,
665 4613 771 4655 34,ιι
886 4604 958 4653 (io)
996 4602 1116 4652 1323,
1137 4610 1171 4652 3,
1188 4611 1234 4644 50
1252 4617 1362 4656 seqq.
1392 4625 1445 4632 -—
1479 4604 1541 4656 C'fi

1552 125 1643 186 171

2649 131 2753 184 ΙΙΠ
2790 134 2869 185 31.
2909 132 2973 183 32

1642 282 1815 328 solvens
1858 281 1927 327 vel
1970 280 2171 337 accipere
2215 281 2432 327 creditore
2475 283 2650 328 nolente
2692 282 2881 328 offerens
2933 286 2979 328 et

1639 340 1943 395 consignatum
1985 337 2210 394 deponens
2263 338 2318 382 de
2358 339 2616 394 pignoribus
2664 352 2791 395 agere
2834 344 2975 395 potes.

1638 393 1732 439 ΡΡ.
1756 406 1879 450 *XVII
1903 392 1946 438 lc.
1978 392 2080 438 Ian.
2111 393 2398 438 Nicomediae
2430 394 2508 440 CC.
2539 409 2681 439 conss.
2790 399 2846 448 [a.
2880 400 2976 447 294]

1697 448 1761 499 13
1792 449 1920 495 Idem
1933 450 2025 495 AA.
2057 453 2102 493 et
2124 447 2202 494 CC.
2225 450 2407 495 Aurelio
2431 451 2593 495 Basso.
2643 451 2690 494 Si
2718 451 2837 494 velut
2865 451 2910 493 in
2933 451 2979 494 id

1639 506 1848 559 debitum,
1879 505 1998 562 quod
2026 504 2301 553 sollemnium
2329 506 2607 563 publicarum
2635 506 2979 561 pensitationum

1639 562 1856 607 debueras
1885 562 2084 615 nomine,
2121 567 2464 618 compensatum
2493 562 2574 605 tibi
2602 561 2713 604 nihil
2740 561 2980 615 petiturum

1637 621 1795 672 postea
1823 617 2031 662 Muciano
2061 617 2297 674 scripsisti,
2337 617 2520 662 redditis
2553 629 2667 683 quae
2694 621 2907 679 venerant
2935 616 2980 658 in

1638 673 2039 727 compensationem
2081 686 2173 717 non
2215 674 2399 718 indebiti
2442 673 2577 717 soluti
2623 673 2852 726 repetitio,
2906 670 2981 713 sed

1637 731 1741 770 ante
1771 727 1908 770 debiti
1938 730 2148 792 competit
2176 729 2362 773 exactio.

1696 779 1762 827 14
1793 780 1906 839 Imp.
1939 782 2224 828 lastinianus
2256 785 2309 828 A.
2342 782 2541 826 Iohanni
2572 794 2655 847 pp.
2716 780 2981 845 Compensa-

1636 837 1778 883 tiones
1817 848 1870 879 ex
1905 837 2108 880 omnibus
2146 838 2398 881 actionibus
2434 837 2531 891 ipso
2569 848 2667 879 iure
2705 834 2803 878 fieri
2838 848 2982 879 sanci-

1636 905 1736 940 mus
1775 891 1896 935 nulla
1926 891 2175 935 differentia
2211 893 2258 935 in
2286 905 2378 936 rem
2407 892 2475 935 vel
2536 890 2814 935 ersonalibus
2846 892 2983 935 actio-

1645 954 1662 992 1
1723 947 1856 992 nibus
1894 946 2011 990 inter
2049 958 2098 990 se
2135 946 2423 992 observanda.
2491 905 2560 989 fta
2597 949 2746 989 tamen
2778 958 2983 1001 compen-

1637 1003 1832 1049 sationes
1864 1002 1981 1047 obici
2008 1002 2222 1053 iubemus,
2253 1002 2292 1045 si
2322 1014 2459 1046 causa
2480 1013 2535 1045 ex
2561 1014 2648 1057 qua
2674 1007 2985 1056 compensatur

1636 1059 1804 1115 liquida
1847 1058 1905 1104 sit
1947 1062 1992 1102 et
2029 1071 2121 1102 non
2155 1057 2306 1102 multis
2345 1057 2604 1112 ambagibus
2643 1058 2869 1110 innodata,
2908 1058 2985 1101 sed

1637 1115 1781 1171 possit
1805 1113 1941 1159 iudici
1962 1113 2140 1158 facilem
2164 1114 2330 1158 exitum
2354 1113 2426 1158 sui
2446 1118 2688 1170 praestare.
2740 1114 2849 1157 satis
2872 1115 2986 1157 enim

1638 1170 1888 1216 miserabile
1918 1175 1986 1214 est
2020 1174 2123 1226 post
2158 1170 2298 1214 multa
2334 1169 2451 1214 forte
2485 1169 2696 1226 variaque
2733 1170 2984 1221 certamina,

1639 1241 1740 1272 cum
1769 1240 1840 1272 res
1869 1227 1957 1270 iam
1986 1226 2122 1270 fuerit
2151 1226 2415 1282 approbata,
2453 1229 2561 1270 tunc
2593 1239 2646 1269 ex
2676 1226 2816 1270 altera
2844 1232 2984 1281 parte,

1639 1296 1753 1339 quae
1773 1283 1861 1327 iam
1884 1295 2024 1340 paene
2049 1283 2251 1326 convicta
2275 1287 2355 1336 est,
2389 1283 2553 1338 opponi
2581 1284 2985 1338 compensationem

1638 1340 1727 1383 iam
1757 1343 1878 1383 certo
1910 1344 1954 1383 et
1981 1338 2231 1383 indubitato
2262 1339 2411 1383 debito
2441 1343 2486 1383 et
2514 1338 2765 1383 moratoriis
2791 1339 2920 1382 amba
2951 1339 2985 1380 i-

1639 1395 1723 1440 bus
1753 1407 1877 1451 spem
1907 1394 2286 1439 condemnationis
2315 1394 2491 1439 excludi
2502 1397 2532 1438 ⁸.
2576 1395 2662 1438 hoc
2691 1394 2843 1450 itaque
2871 1353 2985 1438 iugi-

1640 1464 1714 1495 ces
1766 1452 2002 1495 observent
2050 1455 2096 1494 et
2138 1464 2228 1495 non
2270 1451 2556 1507 procliviores
2599 1450 2646 1494 in
2690 1450 2985 1494 admittendas

1640 1507 2024 1564 compensationes
2062 1507 2255 1551 existant
2293 1519 2375 1551 nec
2414 1507 2535 1550 molli
2565 1508 2711 1550 animo
2743 1519 2817 1551 eas
2848 1506 2986 1550 susci-

1638 1563 1776 1620 piant,
1821 1563 1899 1607 sed
1940 1563 2035 1607 iure
2078 1564 2232 1606 stricto
2277 1567 2475 1615 utentes,
2527 1563 2566 1606 si
2618 1563 2865 1606 invenerint
2911 1575 2985 1606 eas

1638 1619 1849 1665 maiorem
1893 1622 1936 1662 et
1980 1618 2238 1674 ampliorem
2290 1631 2532 1674 exposcere
2583 1618 2854 1672 indaginem,
2911 1631 2986 1662 eas

1639 1675 1814 1731 quidem
1860 1674 1944 1718 alii*
1983 1674 2146 1718 iudicio
2195 1678 2443 1727 reservent,
2490 1675 2611 1718 litem
2654 1681 2801 1718 autem
2840 1674 2986 1730 pristi-

1637 1743 1740 1774 nam
1777 1731 1866 1773 iam
1906 1742 2047 1786 paene
2077 1730 2329 1786 expeditam
2367 1730 2588 1775 sententia
2618 1730 2838 1774 terminali
2868 1743 2986 1774 com-

1638 1790 1831 1842 ponant:
1873 1789 2062 1852 excepta
2090 1787 2265 1830 actione
2295 1786 2483 1842 depositi
2518 1787 2762 1830 secundum
2790 1792 2986 1829 nostram

1638 1842 1926 1892 sanctionem,
1971 1855 2018 1886 in
2065 1855 2152 1898 qua
2193 1855 2276 1886 nec
2313 1842 2661 1898 compensationi
2700 1842 2848 1885 locum
2893 1855 2989 1885 esse

1640 1901 1665 1942 2
1725 1897 2022 1955 disposuimus
2035 1899 2067 1942 ⁹.
2126 1897 2458 1943 Possessionem
2494 1901 2642 1942 autem
2672 1898 2858 1942 alienam
2921 1911 2987 1941 er-

1638 1966 1791 2010 peram
1829 1954 2152 2011 occupantibus
2193 1955 2496 2011 compensatio
2533 1967 2622 1999 non
2652 1954 2799 1998 datur.
2905 1988 2913 1998 .
2944 1953 2976 1997 lc

1648 2015 1761 2061 Nou.
1782 2014 2177 2074 Constantinopoli
2200 2023 2310 2073 post
2337 2031 2460 2062 cons.
2481 2014 2724 2074 Lampadii
2754 1990 2987 2121 et[?re5'{t{{

1648 2085 1712 2117 vv.
1744 2084 1806 2117 co.
2848 2103 2855 2111 .

2190 2237 2432 2288 XXX11.¹⁰

2149 2319 2226 2360 DE
2255 2318 2464 2360 usonis.

1697 2398 1720 2446 1
1759 2398 1828 2443 Im
1864 2434 1873 2443 .
1901 2398 2015 2444 Pius
2038 2402 2089 2444 A.
2114 2400 2302 2445 Aurelio
2332 2406 2531 2445 evocato.
2578 2400 2624 2446 Si
2645 2401 2989 2457 interrogatione

1636 2467 1797 2511 praece
1829 2459 1931 2499 ente
1969 2456 2202 2512 promissio
2240 2469 2476 2500 usurarum
2512 2460 2635 2501 recte
2672 2458 2795 2501 facta
2828 2459 2986 2513 probe-

1636 2517 1734 2562 tur,
1771 2511 1877 2555 licet
1911 2511 2207 2556 instrumento
2247 2513 2502 2568 conscripta
2540 2527 2627 2557 non
2669 2514 2746 2565 sit,
2787 2518 2934 2558 tamen
2953 2516 2985 2541 ¹¹

1636 2567 1732 2611 iure
1759 2569 1924 2624 optimo
1955 2568 2186 2612 debentur.
2246 2567 2356 2613 Sine
2383 2569 2456 2613 die
2484 2574 2529 2614 et
2556 2569 2826 2613 consulibus.

1694 2622 1725 2669 2
1757 2622 1903 2682 Impp.
1936 2623 2127 2668 Severus
2165 2629 2209 2668 et
2236 2624 2493 2668 Antoninus
2520 2625 2613 2668 AA.
2646 2625 2800 2669 Lucio.
2872 2625 2985 2669 Usu-

1636 2692 1710 2724 ras
1740 2684 1924 2735 emptor,
1956 2680 2029 2724 cui
2057 2679 2280 2735 possessio
2311 2680 2377 2724 rei
2405 2680 2571 2724 tradita
2599 2685 2689 2732 est,
2727 2681 2764 2725 si
2793 2682 2985 2736 pretium

1635 2734 1855 2780 venditori
1883 2748 1974 2779 non
2005 2736 2240 2789 obtulerit,
2283 2737 2480 2793 quamvis
2516 2738 2750 2792 pecuniam
2782 2738 2986 2792 obsigna-

1635 2796 1727 2835 tam
1769 2791 1817 2835 in
1860 2790 2051 2847 depositi
2090 2804 2226 2837 causa
2264 2792 2495 2846 habuerit,
2540 2793 2778 2849 aequitatis
2816 2793 2987 2837 ratione

1635 2851 1866 2904 praestare
1895 2848 2080 2903 cogitur.

1696 2901 1726 2950 3
1774 2902 1901 2947 Idem
1944 2904 2037 2948 AA.
2083 2902 2268 2947 Iuliano
2314 2901 2491 2962 Serpio.
2571 2903 2778 2959 Quamvis
2821 2918 2987 2950 usurae

1634 2958 1828 3004 fenebris
1873 2960 2092 3015 pecuniae
2138 2960 2252 3004 citra
2287 2959 2511 3004 vinculum
2556 2960 2856 3016 stipulationis
2895 2963 2987 3017 peti

1635 3029 1726 3060 non
1769 3020 1985 3072 possunt,
2028 3018 2177 3060 tamen
2221 3028 2276 3060 ex
2318 3016 2441 3072 pacti
2481 3017 2770 3060 conventione
2814 3018 2987 3062 solutae

1635 3084 1778 3128 neque
1819 3073 1873 3115 ut
1913 3070 2137 3115 indebitae
2179 3074 2442 3127 repetuntur
2484 3084 2539 3114 ne
2571 3083 2627 3115 ue
2677 3072 2723 3115 in
2773 3078 2936 3116 sortem
2954 3075 2987 3100 ¹²

1634 3139 1741 3171 acce
1774 3130 1821 3171 to
1851 3126 2062 3171 ferendae
2091 3131 2211 3171 sunt.
2270 3125 2364 3170 ΡΡ.
2405 3138 2435 3169 v
2457 3125 2499 3170 lc.
2575 3132 2628 3171 ct.
2662 3126 2827 3172 Severo
2857 3129 2909 3172 A.
2944 3140 2985 3172 11

1636 3188 1680 3227 et
1757 3183 1954 3227 ictorino
1986 3183 2175 3227 conss.¹³
2793 3188 2850 3237 [a.
2885 3188 2981 3237 200]

1691 3236 1724 3284 4
1754 3236 1882 3282 Idem
1909 3238 2003 3282 AA.
2034 3237 2269 3295 Aproniae
2298 3235 2579 3283 Honoratae.
2645 3238 2735 3283 Per
2773 3241 2983 3284 retentio-

1635 3306 1735 3338 nem
1763 3293 1959 3358 pignoris
1989 3305 2150 3338 usuras
2180 3292 2346 3337 servari
2374 3306 2527 3349 posse,
2572 3292 2630 3338 de
2660 3296 2826 3351 ¹quibus
2857 3310 2982 3352 prae-

1635 3349 1805 3394 standis
1835 3348 2063 3402 convenit,
2101 3348 2206 3393 licet
2240 3348 2470 3405 stipulatio
2501 3349 2763 3406 interposita
2792 3366 2882 3396 non
2913 3353 2982 3403 sit,

1635 3405 1789 3449 merito
1820 3404 2110 3449 constitutum
2139 3408 2208 3449 est
2236 3408 2281 3449 et
2309 3404 2526 3449 rationem
2576 3405 2728 3460 habet,
2768 3418 2869 3449 cum
2913 3407 2978 3463 pi-

1629 3472 1769 3515 gnora
1803 3458 2062 3506 condicione
2090 3460 2215 3517 pacti
2250 3461 2381 3505 etiam
2423 3462 2572 3507 usuris
2615 3464 2832 3508 obstricta
2877 3465 2979 3508 sint.

1641 3520 1657 3558 1
1720 3514 1807 3559 Sed
1835 3520 1952 3558 emin
1979 3515 2027 3559 in
2057 3528 2194 3561 causa
2223 3516 2277 3560 de
2308 3530 2394 3572 qua
2423 3517 2516 3572 agis
2545 3518 2657 3563 haec
2680 3520 2794 3564 ratio
2823 3524 2980 3573 cessat,

1636 3571 1675 3614 si
1711 3570 1886 3627 quidem
1922 3575 2122 3627 tempore
2161 3575 2419 3617 contractus
2456 3572 2510 3617 de
2549 3574 2790 3619 minoribus
2834 3576 2980 3619 usuris

1635 3626 1836 3683 petendis
1876 3628 2101 3682 convenit,
2142 3633 2300 3685 postea
2338 3633 2511 3683 autem,
2553 3643 2652 3675 cum
2682 3644 2728 3674 se
2746 3633 2778 3658 ¹⁴
2809 3631 2979 3675 debitor

1634 3687 1963 3739 praestaturum
1990 3683 2180 3728 maiores
2212 3685 2487 3741 repromisit,
2528 3699 2618 3730 non
2656 3692 2804 3742 potest
2843 3687 2977 3730 videri

1634 3741 1734 3782 rata
1762 3738 1950 3783 retentio
1979 3739 2189 3803 pignoris,
2220 3741 2396 3797 quando
2438 3753 2488 3784 eo
2526 3746 2743 3797 tempore,
2784 3755 2871 3798 quo
2911 3743 2976 3784 in-

1635 3799 1882 3838 strumenta
1919 3795 2254 3851 emittebantur,
2296 3810 2386 3840 non
2426 3798 2696 3850 convenerit,
2737 3801 2788 3841 ut
2819 3798 2976 3853 pignus

1634 3850 1768 3894 etiam
1796 3849 1854 3894 ad
1882 3850 1999 3894 hanc
2029 3851 2318 3897 adiectionem
2335 3854 2370 3880 ¹⁵
2398 3856 2615 3896 teneatur.

1690 3906 1720 3952 5
1764 3905 1889 3950 Idem
1926 3906 2018 3950 AA.
2057 3905 2250 3953 Ultumio
2282 3907 2451 3952 Sabino
2491 3914 2535 3952 et
2572 3909 2686 3952 aliis.
2753 3908 2975 3952 Adversus

1634 3962 1896 4006 creditorem
1925 3975 2085 4008 usuras
2114 3964 2302 4008 maiores
2332 3976 2387 4008 ex
2417 3963 2627 4018 stipulatu
2656 3967 2901 4019 petentem,
2938 3965 2975 4007 si

1632 4018 1848 4074 probetur
1887 4028 1966 4074 per
2005 4023 2150 4064 certos
2187 4032 2328 4063 annos
2357 4019 2548 4062 minores
2579 4025 2732 4074 postea
2762 4033 2973 4063 consecu-

1632 4079 1720 4129 tus,
1750 4073 1870 4117 utilis
1901 4076 1971 4118 est
1996 4075 2118 4130 pacti
2153 4075 2368 4130 exceptio.
2429 4076 2669 4119 secundum
2707 4076 2823 4131 quod
2862 4076 2973 4118 tueri

1634 4142 1813 4174 causam
1850 4131 2036 4185 potestis
2075 4131 2206 4175 etiam
2245 4131 2454 4175 adversus
2495 4131 2747 4175 defensores
2788 4132 2972 4174 civitatis

1632 4186 1819 4230 maiores
1848 4190 2048 4242 petentes
2080 4200 2135 4232 ex
2164 4187 2380 4240 cautione,
2413 4187 2451 4231 si
2479 4187 2771 4243 probaveritis
2801 4200 2973 4243 semper

1630 4328 1730 4382 Diq.
1749 4330 1854 4380 22‚2
1936 4331 2006 4380 (11)
2035 4332 2173 4370 tamen
2204 4331 2253 4380 P,
2285 4344 2355 4370 om.
2393 4330 2464 4369 GR
2547 4329 2620 4379 (12)
2648 4327 2694 4368 in
2723 4330 2834 4369 sorte
2864 4329 2970 4377 libri,

1630 4383 1689 4424 εἰς
1719 4378 1958 4438 κεφάλαιον
1982 4388 2070 4426 ΒΣ
2090 4390 2144 4437 (κ.
2160 4390 2225 4435 π.)
2285 4387 2358 4436 (13)
2384 4385 2563 4425 consules
2586 4386 2742 4425 restitui
2762 4400 2808 4423 ex
2826 4385 2873 4434 P,
2904 4388 2972 4425 ubi

1630 4450 1688 4481 est
1718 4452 1856 4480 severo
1885 4453 1946 4482 aa.
1978 4455 2034 4482 11:
2061 4443 2195 4496 possis
2225 4442 2342 4482 etiam
2377 4442 2434 4481 ita
2462 4440 2649 4492 supplere
2678 4440 2825 4479 Severo
2848 4453 2900 4479 111
2930 4443 2968 4481 et

1630 4496 1842 4537 Antonino
1871 4498 1958 4537 AA.
1991 4511 2118 4538 conss.
2154 4500 2225 4548 (=
2248 4513 2286 4537 a.
2306 4498 2392 4545 202)
2492 4499 2563 4546 (14)
2592 4496 2626 4534 si
2657 4495 2845 4546 quidem,
2876 4509 2967 4535 cum

516 4549 571 4600 (8)
601 4551 642 4589 et
663 4578 671 4587 .
690 4578 701 4588 .
718 4578 728 4588 .
751 4545 913 4587 excludi
933 4544 1130 4595 (excludit
1153 4545 1223 4595 θ’)
1247 4546 1288 4597 C,
1321 4550 1369 4587 ut
1389 4577 1398 4586 ·
1418 4578 1426 4586 ·
1444 4578 1453 4588 ·
1476 4560 1544 4587 ex·
1571 4572 1574 4577 ·
1629 4553 1809 4604 tempore
1840 4583 1849 4592 .
1868 4582 1878 4592 .
1895 4583 1905 4593 .
1934 4556 2075 4605 postea
2098 4556 2232 4593 autem
2251 4565 2291 4592 se
2317 4552 2534 4593 Mommsen
2607 4551 2681 4601 (15)
2700 4550 2965 4593 adiectionem

1631 4610 1721 4649 dett.
1755 4624 1836 4648 cum
1870 4608 1926 4659 B,
1956 4609 2156 4649 actionem
2193 4610 2263 4649 CR

2544 4676 2630 4716 22*
