3152 4784
193 183 238 234 V
271 184 298 231 3

187 325 292 369 certi
321 335 372 365 ac
403 318 621 363 manifesti
650 315 757 359 iuris
787 319 868 360 est.
929 316 983 359 D.
1014 314 1056 358 lc.
1083 311 1190 356 Mai.
1220 306 1391 351 Tirallo
1412 306 1504 350 AA.

184 390 324 422 conss.
1319 364 1375 413 [a.
1408 364 1505 412 293]

237 430 267 479 9
307 429 430 474 Idem
471 427 560 471 AA.
607 429 652 469 et
695 422 772 468 00.
818 423 1016 468 Iuliano.
1084 420 1192 464 Cum
1234 420 1279 459 18
1317 428 1508 471 sponsae

180 487 258 530 filii
286 486 352 529 tui
381 481 591 539 quaedam
620 479 808 523 donasse
838 476 1110 528 confitearis,
1148 471 1410 537 perfectam·
1429 470 1506 514 do-

180 541 422 585 nationem¹
474 534 665 579 rescindi
712 546 795 577 888
845 536 998 578 nostro
1056 531 1230 585 oportet
1273 530 1506 582 rescripto,

180 609 308 652 quam
343 598 420 639 tua
453 592 655 635 voluntas
694 589 889 643 iurisque
928 586 1169 630 auctoritas
1207 582 1315 626 fecit
1350 586 1505 626 ratam.

187 663 280 695 νη]
305 649 347 693 lc.
378 647 475 691 Ian.
504 645 596 688 AA.
629 644 794 687 conss-,2
1318 642 1375 691 [a.
1408 641 1505 690 293]

234 704 297 752 10
338 702 460 746 Idem
502 701 594 743 AA.
639 703 684 741 et
722 695 798 741 CC.
844 694 1079 753 Dionysio.
1153 693 1200 738 Si
1242 693 1360 738 filiae
1402 698 1507 739 tuae

178 772 363 816 sponsus
391 757 431 800 ei
459 745 725 808 mancipium
754 752 934 796 donavit
963 764 1016 794 ac
1039 752 1089 794 tu
1114 751 1161 794 in
1186 763 1285 794 81118
1309 750 1508 795 1111118818

176 811 450 861 liberalitatis
497 809 669 852 ratione
721 808 946 852 contulisti
999 819 1081 851 nec
1129 806 1296 863 nuptiis
1341 806 1506 850 secutis

176 875 329 914 contra
369 866 475 910 iuris
519 865 735 908 rationem
772 863 890 920 quod
934 863 1119 907 dederat
1161 862 1367 916 abstulit,
1417 876 1506 906 nou

172 925 354 969 invicem
398 922 601 965 datorum
644 919 887 973 restitutio,
936 919 1015 964 sed
1058 919 1152 964 eius
1197 919 1315 975 quod
1357 918 1508 962 illicite

171 993 221 1024 ra
253 979 318 1022 uit
345 977 547 1033 repetitio
578 989 676 1020 com
710 976 802 1020 etit.

262 1033 284 1080 1
322 1032 446 1077 Idem
474 1032 567 1077 AA.
598 1036 646 1077 et
674 990 776 1077 361³
805 1031 941 1076 Neae.
1008 1031 1057 1076 Si
1088 1031 1173 1076 tibi
1201 1044 1272 1075 188
1302 1030 1508 1087 proprias

170 1088 445 1134 liberalitatis
485 1100 622 1132 causa
658 1101 850 1144 sponsus
887 1091 992 1132 tuus
1032 1087 1239 1139 tradidit,
1279 1100 1353 1138 eo,
1391 1086 1509 1142 quod

169 1147 225 1189 ab
267 1145 470 1189 hostibus
513 1147 672 1201 postea
714 1143 978 1188 interfectus
1024 1148 1113 1198 est,
1157 1144 1286 1187 irrita
1328 1143 1507 1187 donatio

168 1201 263 1245 fieri
292 1214 380 1244 non
408 1202 569 1256 potest.

227 1254 291 1303 12
329 1255 454 1300 Idem
482 1257 576 1300 AA.
612 1261 658 1301 et
689 1255 767 1301 CC.
800 1255 1051 1300 Timocleae
1077 1261 1122 1299 et
1153 1254 1402 1299 Cleotimae.
1463 1253 1509 1297 Si

168 1316 308 1356 mater
343 1317 489 1356 vestra
525 1311 643 1356 filiae
684 1324 792 1356 81188
831 1324 996 1368 sponso
1024 1312 1094 1355 vel
1133 1310 1288 1354 marito
1325 1309 1509 1365 praedia

169 1369 263 1412 sine
300 1368 393 1411 ulla
428 1367 658 1424 repetendi
696 1368 792 1424 lege
820 1367 1001 1411 donavit
1040 1372 1086 1410 81
1121 1380 1220 1410 81118
1249 1367 1296 1409 18
1323 1378 1509 1410 vacuam

166 1424 341 1468 induxit
381 1424 729 1481 possessionem,
778 1424 944 1479 nuptiis
984 1423 1170 1467 divortio
1211 1421 1369 1467 solutis
1406 1434 1507 1477 per-

166 1480 286 1524 fecta
314 1493 405 1525 non
433 1480 687 1525 dissolvitur
715 1480 910 1525 donatio.
958 1478 1004 1524 S.
1043 1491 1094 1523 1⁷1
1118 1478 1177 1523 id.
1209 1477 1339 1523 Febr.
1372 1476 1509 1521 Sirmi

170 1534 246 1581 00.
279 1550 424 1581 conss.
1319 1538 1375 1587 [a.
1409 1538 1506 1586 294]

223 1589 288 1639 13
329 1591 456 1637 Idem
493 1593 585 1636 AA.
627 1597 672 1636 et
709 1590 787 1636 00.
825 1591 1104 1637 Alexandro.
1174 1591 1243 1635 De
1285 1591 1419 1635 rebus
1462 1590 1509 1634 in

167 1661 376 1704 sponsam
405 1648 659 1692 donationis
687 1648 831 1704 gratia
871 1647 1044 1692 collatis
1085 1647 1326 1691 creditores
1362 1646 1509 1690 mariti

167 1704 288 1755 facti,
320 1704 358 1748 si
383 1718 476 1749 non
502 1704 626 1760 prius
657 1704 875 1761 obligatas
907 1704 992 1748 sibi
1021 1704 1234 1760 probent,
1276 1716 1373 1747 eam
1402 1716 1507 1747 con-

168 1760 315 1805 venire
343 1760 521 1805 minime
549 1763 750 1815 possunt.

225 1815 291 1862 14
332 1815 457 1860 Idem
495 1818 587 1861 ΑΑ.
627 1822 671 1860 et
711 1815 788 1861 00.
827 1816 1049 1860 Aureliae.
1120 1815 1167 1859 Si
1206 1816 1509 1859 consentiente

167 1875 309 1916 matre
348 1885 429 1916 sua
467 1885 658 1940 sponsus
695 1873 814 1916 filiae
849 1877 954 1916 tuae
993 1872 1216 1928 mancipia
1255 1871 1435 1915 donavit
1465 1874 1510 1914 81

168 1928 237 1973 his
267 1928 464 1984 acceptis
493 1943 540 1972 1n
568 1929 714 1972 dotem
744 1942 834 1972 non
862 1927 1107 1972 aestimatis
1130 1928 1178 1971 in
1201 1927 1506 1971 matrimonio⁴

168 1989 271 2040 post
310 1984 520 2038 decessit,
561 1989 701 2028 mater
740 1984 981 2040 eademque
1015 1984 1143 2028 heres
1185 1984 1278 2027 eius
1316 1984 1508 2039 pretium

170 2039 357 2084 offerens
388 2041 711 2085 restitutionem
741 2053 893 2085 eorum
922 2040 1122 2099 improbe
1151 2043 1343 2084 recusat.

227 2094 290 2142 15
325 2095 458 2154 ⁵Imp.
488 2095 808 2141 Constantinus
831 2097 883 2140 A.
915 2097 977 2140 ad
996 2095 1250 2141 Maximum
1271 2109 1353 2152 pu.
1401 2096 1508 2139 Cum

168 2154 364 2196 veterum
407 2153 627 2196 sententia
680 2152 935 2207 displiceat,
989 2165 1103 2207 quae
1157 2152 1418 2196 donationes
1462 2151 1508 2194 in

169 2221 380 2263 sponsam
407 2208 572 2264 nuptiis
603 2221 777 2264 quoque
811 2221 902 2252 non
931 2208 1095 2252 secutis
1127 2208 1320 2251 decrevit
1347 2208 1506 2260 valere,

169 2276 244 2317 ea,
287 2277 399 2320 quae
434 2264 651 2319 largiendi
686 2265 831 2308 animo
871 2264 988 2307 inter
1026 2276 1214 2320 sponsos
1246 2265 1291 2307 et
1320 2276 1506 2318 sponsas

166 2320 262 2363 iure
307 2320 607 2372 celebrantur,
652 2319 790 2374 redigi
832 2320 889 2363 ad
932 2319 1186 2363 huiusmodi
1225 2318 1506 2362 condiciones

166 2375 381 2430 iubemus,
426 2380 495 2430 ut,
539 2375 632 2419 sive
674 2374 916 2419 adfinitatis
961 2375 1190 2419 coeundae
1235 2387 1374 2418 causa
1417 2375 1508 2418 sive

167 2444 256 2475 non
290 2431 374 2486 ita,
413 2431 482 2475 vel
518 2431 566 2474 in
600 2434 824 2487 potestate
866 2431 1008 2488 patris
1052 2431 1260 2486 degentes
1302 2430 1370 2474 vel
1413 2430 1506 2474 11110

166 2486 296 2531 modo
331 2486 506 2543 proprii
542 2487 652 2531 iuris
682 2487 914 2531 constituti
942 2492 1166 2543 tamquam
1195 2486 1338 2530 futuri
1368 2499 1505 2530 causa

165 2543 431 2587 matrimonii
469 2542 637 2598 aliquid
671 2542 757 2587 sibi
792 2543 877 2599 ipsi
915 2543 985 2587 vel
1023 2555 1243 2587 consensu
1271 2548 1506 2598 parentum

165 2603 319 2643 mutuo
363 2599 631 2655 largiantur,
685 2599 724 2643 si
774 2598 948 2654 quidem
999 2612 1187 2655 sponsus
1231 2599 1301 2642 vel
1342 2611 1506 2654 parens

167 2655 262 2699 eius
292 2655 472 2699 sortiri⁶
500 2655 694 2699 noluerit
720 2668 922 2709 uxorem,
962 2655 1009 2698 id
1039 2657 1157 2711 quod
1190 2655 1248 2699 ab
1283 2667 1336 2698 8ο
1367 2654 1504 2698 (1088-

166 2715 260 2754 111111
297 2711 432 2754 1118111
469 2724 551 2754 888
580 2714 809 2766 repetatur
838 2711 1051 2755 traditum
1081 2716 1137 2765 et,
1179 2711 1217 2755 si
1253 2711 1359 2767 quid
1388 2711 1508 2767 apud

168 2766 425 2810 donatorem
453 2766 631 2819 resedit,
661 2767 719 2810 ad
748 2780 958 2823 sponsam
989 2771 1033 2810 et
1060 2767 1245 2810 heredes
1275 2768 1371 2811 eius
1402 2767 1507 2810 sub-

172 2827 190 2864 1
260 2822 390 2866 motis
427 2822 687 2878 ambagibus
726 2823 1036 2866 transferatur.
1106 2822 1233 2877 Quod
1271 2822 1310 2866 si
1344 2835 1509 2878 sponsa

168 2878 237 2922 vel
274 2878 314 2921 is
350 2877 397 2921 in
435 2878 560 2922 cuius
598 2878 690 2933 agit
725 2881 949 2934 potestate
990 2890 1169 2922 causam
1205 2892 1296 2922 non
1332 2883 1507 2921 contra-

168 2932 303 2978 hendi
337 2934 605 2978 matrimonii
646 2935 924 2990 praebuerit,
968 2939 1078 2978 tunc
1116 2947 1281 2991 sponso
1327 2934 1509 2988 eiusque

168 2989 402 3033 heredibus
439 2989 533 3033 sine
568 2990 716 3056 aliqua
745 2990 1043 3034 deminutione
1071 3002 1154 3046 per
1184 2989 1509 3034 condictionem

168 3050 246 3089 aut
295 3058 377 3101 per
432 3045 585 3089 utilem
633 3060 683 3089 111
734 3059 828 3090 rem
871 3046 1123 3091 actionem⁷
1173 3045 1505 3090 redhibeantur.

169 3105 193 3143 2
262 3101 384 3156 Quae
420 3102 620 3146 similiter
659 3101 884 3146 observari
920 3105 1099 3158 oportet
1135 3104 1182 3146 81
1216 3102 1255 3146 81
1293 3115 1347 3146 88
1380 3105 1508 3158 parte

170 3170 191 3201 8
225 3169 357 3201 08888
396 3157 444 3201 18
482 3170 694 3214 sponsum
732 3157 913 3203 donatio
952 3158 1074 3202 facta
1103 3158 1174 3202 sit.
1233 3157 1288 3202 D.
1321 3170 1438 3202 XVII
1462 3157 1505 3202 lc.

217 3216 306 3257 ov.⁸
337 3212 629 3258 Constantino
646 3215 698 3258 A.
739 3226 770 3256 V
791 3219 837 3258 et
860 3214 1036 3259 Licinio
1058 3213 1101 3259 0.
1133 3227 1279 3259 conss.
1327 3218 1384 3268 [a.
1409 3217 1507 3267 319]

227 3266 292 3315 16
333 3268 478 3312 ⁹Idem
506 3271 557 3313 A.
599 3270 660 3313 ad
690 3269 974 3315 Tiberianam
1012 3270 1228 3316 vicarium
1260 3269 1508 3328 Hispania-

170 3335 281 3368 rum.
354 3324 402 3367 Si
443 3326 501 3370 ab
546 3339 708 3381 sponso
749 3328 884 3372 rebus
924 3338 1115 3383 sponsae
1151 3326 1328 3370 donatis
1370 3325 1507 3370 inter-

173 3379 370 3423 veniente
413 3381 565 3424 osculo
610 3385 712 3425 ante
752 3383 930 3438 nuptias
969 3383 1088 3427 hunc
1126 3381 1195 3426 vel
1230 3382 1354 3426 illam
1395 3382 1508 3427 mori

174 3434 426 3490 contigerit,
471 3436 691 3480 dimidiam
741 3442 912 3494 partem
953 3452 1101 3482 rerum
1142 3438 1408 3483 donatarum
1450 3438 1508 3482 ad

173 3491 452 3546 superstitem
489 3493 710 3547 pertinere
737 3494 1058 3551 praecipimus,
1090 3495 1315 3539 dimidiam
1343 3494 1402 3538 ad
1430 3494 1505 3538 de-

172 3545 315 3590 functi
349 3547 416 3590 vel
445 3547 677 3592 defunctae
705 3550 911 3602 heredes,
955 3552 1188 3595 cuiuslibet
1223 3551 1390 3606 gradus
1420 3551 1509 3595 sint

172 3607 218 3646 81
255 3615 530 3658 quocumque
568 3603 663 3647 iure
707 3606 1024 3659 successerint,
1069 3611 1121 3651 ut
1163 3607 1343 3651 donatio
1389 3612 1508 3651 stare

174 3668 253 3713 pro
282 3663 412 3713 parte
448 3659 592 3702 media
630 3664 675 3703 81
704 3661 814 3704 solvi
842 3675 923 3716 pro
953 3666 1082 3718 parte
1110 3664 1256 3707 media
1284 3663 1504 3707 videatur:

173 3714 325 3757 osculo
340 3727 441 3758 vero
458 3728 547 3758 non
562 3716 890 3772 interveniente,
921 3718 1010 3762 sive
1027 3733 1219 3775 sponsus
1236 3719 1327 3763 sive
1343 3732 1507 3775 sponsa

174 3769 343 3822 obierit,
366 3773 504 3813 totam
525 3771 740 3815 infirmari
762 3772 1038 3817 donationem
1064 3781 1108 3818 et
1124 3775 1327 3821 donatori
1342 3789 1506 3830 sponso

180 3829 195 3867 1
242 3825 311 3890 vel
339 3826 574 3872 heredibus
605 3827 697 3871 81118
727 3828 914 3872 188111111.
962 3829 1088 3884 Quod
1119 3832 1159 3875 si
1183 3844 1350 3887 sponsa
1371 3832 1506 3875 inter-

174 3884 370 3925 veniente
408 3882 477 3925 vel
516 3896 605 3927 non
651 3883 966 3929 interveniente
1014 3888 1166 3931 osculo
1208 3888 1457 3932 donationis
1473 3888 1507 3913 ¹⁰

173 3936 300 4002 titulo
341 3938 476 3993 (quod
510 3951 613 3983 raro
649 3940 828 3993 accidit)
866 3940 999 3984 fuerit
1028 3943 1192 3999 aliquid
1224 3956 1387 3999 sponso
1417 3944 1506 3986 lar-

172 3998 264 4047 g1ta
302 3999 346 4037 et
385 3998 487 4036 ante
525 3996 703 4050 nuptias
733 3997 851 4040 hunc
879 3997 947 4040 vel
975 3998 1092 4041 illam
1122 4000 1233 4043 mori
1263 3999 1506 4054 contigerit,

175 4047 292 4113 omni
333 4049 570 4114 donatione
620 4051 842 4094 infirmata
886 4052 942 4095 ad
984 4054 1255 4100 donatricem
1299 4069 1507 4111 sponsam

174 4116 263 4146 sive
306 4117 400 4147 81118
445 4118 723 4151 successores
768 4107 1030 4152 donatarum
1078 4124 1226 4155 rerum
1268 4111 1507 4156 dominium

172 4159 481 4204 transferatur.
527 4161 580 4205 D.
603 4162 662 4206 id.
682 4162 767 4207 Iul.
786 4163 1175 4223 Constantinopoli
1189 4171 1223 4195 ¹¹
1250 4167 1507 4225 Nepotiane

175 4219 220 4258 et
246 4215 463 4260 Facundo
493 4229 638 4262 conss.
1322 4227 1378 4276 [a.
1411 4227 1507 4275 336]

176 4358 225 4407 (1)
253 4360 312 4398 sic
340 4359 394 4409 L,
427 4357 655 4399 confitearis
683 4360 864 4411 perfecta
893 4359 1111 4402 donatione
1143 4364 1190 4414 P,
1225 4363 1406 4416 perfecta
1437 4364 1508 4404 do-

1512 154 1608 211 194

2397 158 2472 208 118·
2508 171 2925 212 808111011113118

1650 301 1711 349 17
1766 301 1903 362 ¹²Imp
1939 338 1949 348 .
2006 304 2281 351 Theodosius
2333 311 2378 350 et
2439 305 2781 355 Valentinianus
2832 311 2925 355 ΑΛ.

1591 357 1752 423 Hieme
1773 372 1860 423 pp.
1955 359 1965 370 ‘
1999 361 2152 407 oribus
2183 366 2331 406 aetate
2358 361 2533 406 feminis
2561 365 2695 410 etiam
2721 371 2927 411 actorum

1589 413 1901 480 18811118811088
1927 415 1976 461 in
2002 422 2106 461 ante
2134 418 2313 474 nuptias
2345 415 2584 464 donatione
2611 421 2670 465 ad
2698 434 2774 467 888
2803 422 2927 467 18818

1590 482 1766 535 omissa,
1806 483 1847 514 81
1874 472 2012 527 patris
2043 474 2208 517 auxilio
2240 473 2480 518 destitutae
2515 474 2627 529 sint,
2664 477 2782 523 iuste
2820 491 2924 523 con-

1589 525 1772 578 suhtur,
1813 527 1864 570 ut
1899 526 2027 572 firma
2063 529 2242 574 donatio
2284 530 2353 573 sit.
2412 528 2468 573 D.
2500 542 2537 573 8
2568 529 2612 575 k.
2642 529 2780 578 Mart.
2814 532 2927 578 Con-

1588 581 1790 625 stantino
1826 580 1890 625 oli
1919 582 2070 629 Tauro
2100 591 2146 629 et
2172 585 2320 630 Felice
2349 598 2494 628 conss.
2738 593 2795 641 [a.
2825 589 2926 645 428]

1646 633 1712 702 18
1748 637 1783 663 ¹³
1811 650 1900 703 mp,
1932 638 2053 684 Zeno
2084 642 2135 684 A.
2168 640 2434 686 Sebastiano
2454 654 2540 699 pp.
2613 641 2661 685 Si
2693 643 2847 688 liberis
2873 657 2930 690 ex

1589 704 1737 748 priore
1766 694 2044 740 matrimonio
2072 697 2318 752 procreatis
2358 698 2487 752 pater
2514 695 2573 740 ad
2601 698 2818 743 secundas
2846 700 2928 744 mi-

1588 748 1783 813 graverit
1823 750 2002 805 nuptias
2044 753 2113 795 vel
2157 766 2246 797 non
2285 753 2556 808 migraverit,
2597 753 2710 796 nihil
2748 754 2926 799 omnino

1590 805 1691 848 filiis
1744 804 1907 860 prioris
1961 807 2150 864 coniugii
2206 822 2261 853 ex
2310 808 2547 853 donatione
2592 814 2697 852 8818
2738 809 2930 866 nuptias,

1591 874 1722 926 quam
1759 861 1856 917 ipse
1894 862 1970 928 vel·
2001 863 2114 908 alius
2150 878 2232 920 pro
2269 865 2369 920 ipso
2408 865 2540 909 uxori
2581 864 2805 920 quondam
2837 865 2931 910 eius

1590 920 1722 960 matu
1753 929 2047 961 communium
2085 920 2327 966 liberorum
2357 921 2611 975 donaverat,
2651 933 2829 965 servare
2856 932 2930 966 co·

1588 978 1738 1028 gatur‚
1782 973 1988 1028 quoniam
2030 979 2075 1019 et
2115 979 2257 1020 mater
2298 977 2447 1021 liberis
2495 989 2550 1020 ex
2588 977 2738 1032 priore
2776 976 2931 1022 matri-

1589 1029 1735 1093 moni9
1781 1029 2036 1095 extantibus
2077 1036 2180 1087 post
2223 1033 2441 1076 secundas
2481 1034 2662 1088 nuptias
2704 1033 2931 1099 multoque

1591 1084 1791 1141 amphus,
1838 1098 1876 1128 81
1913 1098 2004 1129 uon
2039 1086 2175 1131 fuerit
2213 1088 2344 1132 alteri
2387 1088 2544 1133 marito
2581 1089 2779 1142 sociata,
2821 1089 2933 1134 mhil

1590 1141 1726 1185 isdem
1756 1140 1859 1184 filiis
1889 1153 1944 1184 88
1973 1140 2088 1196 dote,
2121 1157 2252 1199 quam
2281 1144 2402 1200 patri
2431 1158 2583 1188 eorum
2603 1145 2704 1201 ipsa
2725 1144 2794 1188 vel
2817 1144 2932 1189 alius

1588 1211 1671 1253 pro
1712 1209 1765 1240 ea
1803 1196 2036 1250 obtulerit,
2077 1212 2254 1244 servare
2295 1201 2586 1256 compellitur.
2650 1200 2705 1245 D.
2745 1199 2790 1245 k.
2819 1199 2930 1245 Mai.

1594 1254 1772 1297 Zenone
1800 1253 1896 1296 A.¹⁴
1925 1266 2045 1297 cons.
2744 1261 2800 1310 [a.
2832 1259 2932 1309 479]

1647 1307 1711 1355 19
1743 1307 1858 1366 Imp.
1884 1307 2091 1374 Iustinus
2111 1309 2207 1352 A.¹⁵
2234 1310 2459 1355 Archelao
2480 1326 2565 1378 pp.
2625 1312 2672 1356 Si
2703 1317 2934 1357 constante

1589 1365 1866 1408 matrimonio
1899 1364 2133 1408 consillum
2161 1366 2391 1420 augendae
2419 1366 2534 1412 dotis
2556 1368 2704 1412 inierit
2727 1370 2798 1413 vel
2820 1381 2935 1412 uxor

1589 1422 1705 1465 forte
1743 1422 1811 1466 vel
1855 1420 1949 1464 eius
1992 1421 2169 1465 nomine
2208 1421 2394 1477 quilibet
2431 1423 2570 1476 alius,
2610 1423 2748 1468 nihilo
2787 1424 2934 1469 minus

1590 1477 1748 1521 marito
1795 1488 1970 1533 quoque
2014 1477 2149 1521 liceat
2190 1490 2270 1521 seu
2304 1491 2389 1544 pro
2428 1479 2586 1522 marito
2627 1479 2810 1523 cuilibet
2857 1479 2935 1524 alii

1589 1538 1714 1578 tanto
1746 1533 2026 1578 donationem
2057 1538 2162 1576 ante
2187 1535 2368 1589 nuptias
2391 1534 2693 1579 additamento
2723 1536 2932 1580 maiorem

1589 1590 1758 1645 188818,
1834 1594 1969 1633 118810
2011 1589 2127 1633 dotis
2167 1592 2356 1654 augetur
2392 1590 2574 1646 titulus,
2618 1604 2702 1635 nec
2743 1591 2862 1638 obsit
2888 1591 2935 1636 in

1590 1647 1795 1690 huiusmo
1831 1645 1842 1655 “
1884 1645 2194 1690 munificentiis
2229 1645 2488 1691 interdictas
2517 1660 2618 1691 esse
2645 1647 2956 1693 liberalitates⁴

1590 1708 1789 1759 tempore
1828 1702 2106 1757 nuptiarum:
2148 1701 2463 1757 indulgendum
2503 1707 2573 1748 est
2610 1716 2800 1760 namque
2828 1716 2934 1748 con·

1592 1759 1742 1803 sensui
1772 1758 1993 1802 communi
2021 1759 2227 1814 partium,
2259 1771 2327 1813 ne,
2365 1772 2466 1802 cum
2494 1766 2680 1816 negetur
2707 1759 2936 1816 augendae

1591 1816 1792 1871 potestas
1822 1814 2086 1868 donationis,
2128 1814 2244 1858 dotis
2277 1815 2410 1858 etiam
2438 1815 2606 1871 pigrius
2637 1816 2936 1860 constituatur

1596 1877 1611 1914 1
1675 1875 1970 1927 augmentum.
2038 1870 2249 1926 Idemque
2287 1871 2422 1915 licere
2467 1871 2765 1928 praecipimus
2805 1872 2935 1916 etiam

1590 1927 1637 1971 in
1664 1928 1734 1971 his
1763 1926 2051 1970 matrimoniis
2065 1960 2076 1981 ,
2115 1927 2162 1969 in
2192 1926 2352 1982 quibus
2387 1927 2609 1971 interdum
2640 1927 2805 1972 accidit
2833 1932 2936 1972 ante

1591 1984 1770 2039 nuptias
1800 1983 1977 2037 quidem
2006 1983 2287 2026 donationem
2317 1984 2484 2027 nullam
2513 1997 2630 2039 8888,
2661 1985 2801 2028 8018111
2829 1997 2934 2029 vero

1591 2040 1740 2083 dotem
1767 2039 1924 2082 marito
1955 2039 2181 2082 mulierem
2211 2039 2437 2093 obtulisse,
2469 2045 2520 2083 ut
2549 2041 2680 2083 etiam
2708 2045 2817 2084 tunc
2838 2053 2933 2084 mu·

1590 2096 1697 2139 11818
1737 2095 1884 2139 dotem
1923 2098 2112 2149 augente
2149 2095 2283 2139 liceat
2320 2096 2480 2139 marito
2521 2109 2694 2152 quoque
2733 2095 2933 2140 donatio-

1591 2164 1692 2195 nem
1733 2152 1781 2194 in
1825 2164 2008 2195 uxorem
2050 2163 2187 2195 suam.
2221 2151 2418 2195 eiusdem
2461 2152 2722 2206 quantitatis
2769 2151 2934 2204 188818,

1592 2211 1806 2261 quantum
1821 2210 1956 2250 aucta
1971 2207 2050 2251 dos
2078 2207 2304 2251 continere
2326 2207 2622 2261 dignoscitur:
2654 2208 2800 2262 pactis
2815 2207 2934 2251 vide-

1589 2263 1695 2306 licet
1730 2263 1785 2306 de
1822 2262 2121 2306 redhibitione
2149 2264 2220 2306 vel
2256 2263 2504 2306 retentione
2534 2267 2699 2307 auctae
2721 2262 2838 2307 dotis
2867 2262 2936 2307 vel

1592 2318 1868 2370 donationis,
1912 2320 2047 2373 prout
2073 2323 2224 2373 partes
2255 2318 2574 2373 consenserint,
2614 2331 2696 2374 pro
2725 2318 2814 2362 iam
2843 2322 2935 2363 sta-

1590 2379 1688 2418 tuto
1713 2374 1843 2418 modo
1870 2374 2074 2418 ineundis
2100 2374 2190 2418 sive
2214 2374 2492 2429 iniungendis
2523 2374 2748 2419 veteribus
2776 2375 2934 2431 pactis,

1592 2442 1705 2485 quae
1742 2430 1869 2474 initio
1909 2431 2166 2485 nuptiarum
2195 2430 2249 2474 de
2279 2435 2382 2474 ante
2411 2430 2590 2487 nuptias
2622 2431 2860 2475 donatione
2886 2434 2934 2476 et

1592 2489 1616 2530 2
1675 2485 1777 2530 dote
1812 2485 2118 2542 principaliter
2158 2486 2471 2531 constituenda
2507 2486 2618 2530 inita
2654 2491 2772 2531 sunt.
2829 2487 2936 2532 Iura

1591 2541 1725 2586 etiam
1764 2542 2138 2599 hypothecarum,
2180 2555 2293 2598 quae
2320 2542 2368 2585 in
2397 2542 2603 2598 augenda
2633 2542 2734 2588 dote
2762 2543 2832 2588 vel
2860 2542 2935 2588 do-

1591 2598 1770 2642 natione
1799 2598 1988 2654 fuerint,
2020 2612 2075 2642 ex
2104 2612 2156 2643 eo
2185 2603 2383 2655 tempore
2411 2599 2584 2642 initium
2613 2599 2850 2655 accipiant,
2879 2610 2935 2644 ex

1592 2667 1680 2711 quo
1710 2654 1889 2698 eaedem
1916 2655 2194 2711 hypothecae
2225 2657 2483 2699 contractae
2517 2657 2645 2710 sunt,
2687 2659 2732 2700 et
2759 2668 2851 2700 non
2877 2655 2935 2700 ad

1590 2710 1755 2766 prioris
1799 2710 1915 2755 dotis
1958 2711 2027 2754 vel
2068 2715 2173 2755 ante
2215 2711 2395 2766 nuptias
2440 2711 2690 2756 donationis
2734 2716 2935 2768 tempora

1593 2771 1617 2809 3
1677 2766 1943 2810 referantur.
1987 2791 1989 2794 ⁴
2023 2766 2110 2810 Sed
2154 2771 2198 2810 81
2243 2767 2281 2810 si
2326 2779 2351 2810 e
2395 2767 2618 2811 contrario
2662 2767 2847 2811 maritus
2891 2770 2936 2811 et

1591 2835 1706 2866 uxor
1735 2822 1792 2865 ad
1822 2822 2160 2866 deminuendam
2190 2823 2339 2866 dotem
2369 2825 2414 2866 81
2453 2828 2556 2866 ante
2585 2823 2766 2878 nuptias
2796 2823 2932 2867 dona·

1590 2878 1755 2922 tionem
1786 2878 2112 2933 consenserint,
2153 2878 2287 2921 licere
2323 2879 2386 2922 eis
2417 2878 2474 2921 ad
2503 2878 2831 2922 similitudinem
2860 2878 2934 2923 de-

1590 2933 1847 2977 minutionis
1897 2946 2010 2989 quae
2052 2934 2099 2977 in
2154 2934 2258 2978 dote
2310 2934 2362 2977 fit
2416 2933 2549 2977 etiam
2599 2938 2702 2978 ante
2754 2934 2934 2991 nuptias
3014 2963 3023 2978 -.
3106 2926 3107 2930 ¹

1591 2990 1791 3034 minuere
1821 2990 2117 3045 donationem,
2151 2994 2200 3033 ut
2227 2995 2362 3046 pacta
2392 2989 2446 3033 de
2475 2990 2705 3034 amborum
2735 2990 2933 3035 deminu-

1589 3045 1785 3089 tionibus
1814 3046 2009 3089 ineunda
2037 3045 2165 3090 firma
2195 3051 2239 3090 et
2258 3046 2450 3102 legitima
2475 3057 2573 3090 esse
2596 3046 2932 3102 intellegantur:

1591 3102 1788 3158 exceptis
1817 3101 2020 3146 videlicet
2048 3101 2116 3146 his
2147 3102 2337 3157 casibus,
2376 3102 2422 3145 in
2453 3102 2614 3157 quibus
2642 3106 2722 3146 aut
2748 3101 2933 3146 maritus

1592 3170 1647 3201 ex
1684 3158 1836 3213 priore
1873 3158 2151 3202 matrimonio
2197 3159 2360 3202 liberos
2403 3158 2573 3202 habens
2617 3157 2674 3201 ad
2717 3157 2934 3202 secundas

1590 3214 1841 3269 migraverit
1878 3215 2061 3270 nuptias
2074 3247 2086 3269 ,
2127 3219 2207 3258 aut
2245 3227 2359 3258 uxor
2397 3213 2598 3258 similiter
2630 3226 2686 3257 ex
2713 3213 2935 3258 anteriore

1591 3269 1869 3314 matrimonio
1900 3270 2050 3314 liberis
2081 3270 2122 3314 81
2153 3269 2446 3314 existentibus
2476 3269 2673 3314 secundo
2698 3270 2857 3314 marito
2887 3282 2935 3314 88

1590 3326 1797 3370 1111188111.
1865 3326 1912 3369 18
1962 3326 2048 3370 1108
2089 3327 2204 3370 enim
2240 3325 2435 3371 secundo
2474 3325 2754 3370 matrimonio
2796 3325 2867 3369 vel
2907 3337 2935 3370 a

1591 3384 1720 3437 parte
1750 3382 1898 3425 mariti
1924 3382 1993 3426 vel
2023 3395 2050 3426 a
2078 3388 2208 3439 parte
2237 3382 2431 3426 mulieris
2461 3383 2529 3426 vel
2559 3383 2616 3425 ab
2646 3387 2860 3438 utraque,
2895 3381 2935 3425 si

1590 3439 1676 3482 hoc
1715 3439 1848 3482 etiam
1889 3438 2104 3494 evenerit,
2143 3438 2426 3482 interdictam
2465 3451 2562 3482 8888
2593 3437 2935 3482 deminutionem

1592 3494 1708 3538 dotis
1739 3499 1783 3539 et
1811 3497 1916 3538 ante
1942 3494 2123 3550 nuptias
2151 3494 2417 3546 donationis,
2447 3506 2504 3537 ne
2526 3493 2693 3549 aliquid
2721 3493 2933 3537 adversus

1590 3551 1706 3594 filios
1735 3550 1898 3607 prioris
1934 3550 2204 3595 matrimonii
2241 3549 2486 3594 machinari
2514 3549 2737 3601 videatur,
2782 3561 2933 3593 cense-

1589 3620 1703 3651 mus.
2240 3607 2243 3609 ’
2710 3610 2765 3657 [a.
2799 3608 2877 3648 527
2891 3605 2928 3658 ‘?]

1648 3660 1714 3710 20
1746 3661 1858 3720 Imp.
1892 3660 2174 3706 lastinianus
2202 3662 2253 3704 A.
2283 3660 2482 3705 Iohanni
2502 3674 2586 3760 pdp.
2633 3660 2742 3704 Cum
2769 3661 2932 3704 multae

1590 3719 1718 3763 nobis
1758 3717 2138 3774 interpellationes
2175 3718 2322 3761 factae
2361 3722 2464 3760 sunt
2493 3730 2520 3760 a
2553 3729 2704 3760 versus
2734 3717 2931 3771 maritos,

1591 3775 1667 3831 qui
1709 3774 1970 3829 decipiendo
2015 3786 2120 3817 suas
2167 3786 2328 3817 uxores
2382 3773 2608 3817 faciebant
2660 3772 2931 3826 donationes,

1591 3843 1701 3887 quas
1745 3836 1849 3873 ante
1892 3830 2073 3885 nuptias
2117 3830 2357 3885 antiquitas
2400 3828 2664 3883 nominavit,
2708 3828 2933 3872 insinuare

1591 3891 1740 3930 autem
1785 3899 1861 3929 eas
1898 3886 2011 3929 actis
2050 3886 2442 3929 intervenientibus
2482 3884 2842 3941 supersedebant,
2881 3889 2932 3926 ut

1589 3942 1824 3987 ineffectae
1866 3946 2076 3985 maneant
2119 3946 2163 3985 et
2199 3942 2288 3997 ipsi
2326 3942 2501 3997 quidem
2544 3939 2771 3984 commoda
2815 3937 2930 3982 dotis

1590 4000 1834 4052 lucrentur,
1866 4010 2030 4042 uxores
2061 4002 2209 4041 autem
2239 3998 2334 4041 sine
2363 3997 2554 4052 nuptiali
2583 3994 2771 4039 remedio
2798 3993 2931 4038 relin-

1592 4058 1804 4110 quantur,
1845 4054 2066 4097 sancimus
2106 4054 2283 4097 nomine
2354 4053 2446 4096 rius
2486 4051 2716 4096 emendato
2747 4049 2810 4092 ita
2837 4061 2930 4114 rem

1593 4109 1753 4164 corrigi
1782 4114 1827 4153 81
1855 4122 1947 4153 808
1977 4115 2079 4153 ante
2107 4109 2288 4165 nuptias
2355 4108 2605 4152 ouationem
2643 4119 2738 4150 8818
2766 4117 2930 4160 vocari,

1596 4171 1614 4208 1
1689 4165 1768 4209 sed
1809 4170 1994 4221 propter
2036 4167 2215 4221 nuptias
2261 4165 2557 4209 donationem.
2631 4161 2777 4216 Quare
2816 4162 2930 4205 enim

1593 4221 1742 4265 dotem
1780 4221 1956 4276 quidem
1995 4225 2041 4265 et
2081 4224 2314 4266 constante
2343 4218 2622 4264 matrimonio
2651 4217 2809 4260 mulier
2836 4229 2929 4260 ma-

1593 4363 1746 4403 liorum
1780 4363 1853 4403 le.
1942 4364 2012 4415 (11)
2043 4366 2210 4415 accepta
2237 4373 2342 4402 11111
2371 4361 2411 4400 k.
2429 4359 2528 4399 Mai.
2557 4356 2724 4411 Hispali
2755 4359 2828 4399 ins.
2857 4357 2929 4399 Th.

177 4412 343 4453 natione
367 4413 598 4454 confitearis
625 4413 660 4455 0
728 4416 782 4468 (2)
803 4428 865 4455 aa.
891 4427 1018 4455 conss.
1043 4420 1312 4469 supplevimus
1388 4421 1443 4472 (3)
1468 4421 1510 4460 et
1592 4420 1667 4470 (12)
1695 4434 1752 4451 ===
1786 4419 1858 4458 le.
1890 4420 1929 4470 3,
1959 4429 1994 4470 5,
2026 4428 2085 4460 13:
2129 4421 2247 4472 iunqe
2276 4418 2315 4468 2,
2348 4425 2406 4467 57,
2436 4423 2471 4455 2·
2509 4417 2547 4466 5,
2579 4423 2613 4460 ⁴·
2644 4422 2701 4455 22.
2742 4415 2781 4465 5,
2811 4422 2860 4465 ¹¹9
2892 4421 2928 4454 θ·

179 4465 259 4506 CC.
290 4483 361 4509 om.
394 4470 488 4510 libri

181 4522 218 4567 3,
249 4531 284 4570 5,
313 4531 334 4563 2

182 4575 235 4621 (7)
264 4577 462 4618 actionem
491 4580 578 4618 ΒΣ
601 4581 653 4626 (κ.
670 4584 735 4630 π.)

184 4626 330 4670 Romae
362 4634 430 4672 ins.
470 4634 537 4673 Th.
672 4639 727 4685 (9)
760 4658 812 4672 ==
847 4637 915 4677 Tl‘·
950 4639 989 4688 3,
1018 4647 1052 4688 5,
1083 4645 1104 4678 θ

611 4471 666 4522 (4)
695 4470 1001 4510 matrimonium
1033 4471 1130 4512 libri

1259 4475 1314 4525 (5)
1345 4495 1399 4511 :a
1436 4473 1507 4516 Th.

1236 4640 1311 4690 (10)
1341 4653 1507 4691 sponsa-

446 4526 502 4575 (6)
531 4527 588 4565 sic
618 4525 657 4564 P
687 4526 774 4577 Th„
811 4525 943 4565 filium
975 4527 1048 4566 ins.
1083 4525 1117 4567 G
1144 4545 1226 4569 cum
1258 4531 1345 4569 ΒΣ
1370 4534 1425 4579 (κ.
1442 4531 1508 4579 π.)
1592 4531 1640 4569 A.
1671 4542 1707 4569 11
1736 4531 1776 4581 3,
1806 4537 1865 4579 28,
1897 4538 1941 4572 29

849 4582 905 4632 (8)
934 4593 1002 4632 pp.
1031 4593 1077 4620 vi
1112 4583 1155 4624 k.
1185 4598 1308 4635 supra
1337 4586 1509 4637 scriptas
1592 4587 1678 4624 ΑΛ.
1709 4600 1799 4637 scr„
1831 4587 1882 4639 cf
1917 4601 1951 4626 c.
1981 4595 2026 4629 20
2061 4591 2080 4635 §
2115 4594 2135 4628 9
2168 4585 2203 4626 h.
2237 4593 2262 4625 t.

2222 4473 2294 4522 (18)
2325 4473 2443 4524 iunqe
2465 4472 2504 4521 3,
2531 4478 2591 4520 28,
2615 4478 2660 4511 29
2748 4472 2820 4520 (14)
2840 4469 2929 4521 ipso

1592 4476 1752 4526 6,18,1.
1778 4475 1817 4524 6,
1835 4482 1891 4524 24,
1909 4484 1956 4515 11.
1986 4477 2024 4526 6,
2043 4483 2097 4526 61,
2114 4483 2135 4516 2

2085 4531 2159 4581 (15)
2196 4529 2329 4580 Impp.
2373 4525 2558 4566 Iustinus
2594 4529 2635 4565 et
2671 4524 2929 4565 Iustinianus
