3054 4796
171 198 246 239 DE:
281 196 465 236 POENA
508 196 714 236 IUDIGIS

167 331 305 386 rabit,
348 344 448 376 cum
479 336 534 386 et,
578 332 613 377 si
645 331 749 388 quid
779 330 832 376 de
860 330 1142 387 possessione
1171 337 1505 390 pronuntiatum

167 389 406 489 grobetur,
451 388 536 433 hoc
582 401 745 433 causae
786 401 867 444 pro
899 387 1071 431 rietatis
1116 391 1288 436 minime
1331 398 1503 439 noceat.

206 479 214 488 .
246 458 350 489 non.
383 443 496 489 Νου.
531 445 779 489 Heracleae
810 441 847 487 C
878 444 908 486 .¹
939 456 1082 487 conss.
1316 454 1371 501 [a.
1405 453 1502 502 294]

224 498 256 546 4
293 499 494 559 'Imppp
540 499 786 545 Gratianus
834 498 1174 545 Valentinianus
1222 509 1264 547 et
1305 504 1504 549 Theodo-

165 556 262 600 sius
299 556 433 600 AAA.
482 556 544 600 ad
580 555 783 600 Potitum
823 555 1049 599 vicarium.
1118 557 1180 600 Et
1222 559 1266 602 in
1311 562 1503 616 privato-

166 625 265 656 rum
291 612 436 656 causis
462 611 714 656 huiusmodi
742 610 886 655 forma
919 614 1129 666 servetur,
1160 627 1214 658 ne
1245 629 1505 672 quemquam

165 667 438 724 litigatorum
482 667 700 712 sententia
743 679 832 711 non
876 679 904 710 a
943 680 1022 711 suo
1062 668 1205 713 iudice
1242 672 1361 716 dicta
1399 685 1502 716 con-

167 725 366 780 stringat.
433 723 488 768 D.
519 735 557 768 x
590 722 632 768 lc.
668 722 760 767 Oct.
793 721 965 767 Romae
994 725 1194 770 Ausonio
1237 733 1282 772 et
1320 727 1503 786 Olybrio

167 793 308 824 conss.
1318 787 1374 836 [a.
1406 786 1503 834 379]

667 951 1008 1002 XXXXVIIII.

164 1033 242 1074 DE
272 1033 462 1075 POENA
492 1031 716 1084 IUDICIS,
748 1033 846 1079 QUI
870 1034 1028 1074 MALE
1051 1035 1358 1086 IUDICAVIT‚
1389 1034 1503 1077 VEL

163 1089 318 1140 EIUS,
363 1088 462 1135 QUI
501 1088 749 1129 IUDICEM
785 1089 898 1130 VEL
935 1090 1339 1131 ADVERSARIUM
1378 1090 1503 1130 COR-

555 1144 828 1185 RUMPE-RE
859 1145 1116 1186 CURAVIT.

221 1224 245 1272 1
285 1224 417 1284 ³Imp.
458 1226 715 1270 Antoninus
752 1227 802 1270 A.
850 1227 911 1270 ad
956 1226 1178 1271 Gaudium
1192 1228 1220 1270 ⁴.
1297 1226 1506 1270 Constitit

161 1281 208 1325 in
246 1293 522 1337 quacumque
563 1294 700 1326 causa
740 1282 829 1326 sive
868 1283 1041 1339 privata
1080 1284 1168 1327 sive
1205 1282 1385 1339 publica
1415 1282 1505 1326 sive

162 1337 316 1391 fiscali,
347 1341 410 1391 ut,
438 1337 731 1394 cuicumque⁶
760 1339 864 1383 data
887 1339 1021 1382 fuerit
1045 1339 1246 1395 pecunia,
1277 1340 1343 1382 vel
1369 1337 1506 1381 iudici

161 1394 230 1437 vel
269 1392 544 1447 adversario,
586 1395 763 1438 amittat
800 1395 1018 1439 actionem
1055 1396 1113 1447 is,
1156 1395 1232 1450 qui
1261 1393 1506 1438 diffidentia

160 1449 305 1494 iustae
344 1450 590 1493 sententiae
629 1450 675 1502 in
713 1451 929 1506 pecuniae
960 1451 1245 1506 corruptela⁰
1275 1463 1398 1506 spem
1427 1462 1504 1493 ne-

159 1505 269 1560 gotii
311 1506 574 1560 reposuerit.
650 1506 703 1549 D.
738 1518 863 1550 XJJJJ
903 1506 945 1550 lc.
979 1506 1078 1551 Ian.
1127 1505 1302 1550 duobus
1344 1506 1506 1563 Aspris

161 1574 306 1606 conss.
1318 1565 1373 1613 [a.
1407 1564 1504 1613 212]

219 1615 250 1662 2
295 1615 428 1676 ⁷Imp.
478 1616 798 1662 Constantinus
834 1619 886 1660 A.
927 1616 988 1661 ad
1024 1617 1215 1660 Felicem
1244 1616 1506 1675 praesidem

164 1671 375 1718 Corsicae
386 1677 413 1717 ⁸.
473 1673 542 1717 De
571 1686 645 1725 eo,
677 1673 752 1729 qui
780 1673 924 1736 pretio
957 1672 1224 1727 depravatus
1256 1675 1335 1716 aut
1363 1672 1506 1728 gratia

160 1741 393 1786 perperam
430 1729 713 1780 iudicaverit,
755 1741 794 1771 el
823 1727 1018 1771 vindicta
1053 1741 1181 1783 quem
1210 1728 1388 1771 laeserit
1416 1741 1506 1770 non

161 1785 302 1829 solum
332 1784 666 1828 existimationis
698 1783 764 1827 dis
800 1783 940 1826 endiis
954 1783 984 1835 ⁹,
1023 1784 1100 1826 sed
1135 1783 1265 1826 etiam
1294 1783 1385 1826 litis
1416 1783 1504 1826 dis-

161 1841 346 1885 crimine
386 1840 667 1896 praebeatur.
789 1873 796 1880 .
839 1851 933 1882 VIII
973 1837 1015 1882 lc.
1056 1839 1168 1883 Νου.
1212 1838 1350 1881 Sirmi
1393 1837 1504 1882 Con-

159 1896 362 1940 stantino
391 1897 443 1939 A.
483 1907 510 1939 v
537 1900 582 1940 et
606 1895 782 1938 Licinio
818 1893 860 1938 C.
893 1907 1038 1938 conss.
1315 1897 1372 1946 [a.
1406 1897 1505 1945 319]

783 2064 882 2114 L.¹⁰

313 2148 683 2191 SENTENTIAM
712 2147 983 2188 RESCINDI
1011 2147 1131 2189 NON
1160 2146 1344 2188 POSSE.

220 2230 243 2277 1
281 2229 395 2289 Imp.
430 2228 689 2274 Gordianus
718 2230 768 2273 A.
802 2227 1023 2273 Secundo.
1091 2229 1242 2285 Neque
1274 2242 1398 2274 suam
1429 2241 1502 2272 ne-

161 2300 245 2344 que
285 2285 529 2331 decessoris
569 2285 639 2330 sui
675 2285 938 2330 sententiam
977 2298 1240 2342 quemquam
1276 2297 1406 2341 posse
1434 2298 1504 2328 re-

160 2355 319 2388 vocare
357 2342 403 2386 in
441 2341 622 2386 dubium
659 2354 749 2385 non
789 2341 930 2384 venit:
972 2353 1056 2385 nec
1094 2353 1276 2385 necesse
1313 2353 1410 2384 esse
1448 2341 1503 2383 ab

162 2398 375 2444 eiusmodi
414 2397 591 2442 decreto
635 2396 918 2452 interponere
956 2396 1316 2452 provocationem
1352 2396 1502 2452 explo-

160 2457 247 2499 rati
275 2453 384 2499 iuris
415 2457 495 2498 est.
555 2451 648 2496 PP.
681 2452 723 2496 lc.
755 2451 891 2496 Mart.

218 2509 249 2557 2
283 2510 428 2569 Impp.
461 2509 772 2554 Diocletianus
811 2512 856 2552 et
883 2507 1196 2552 Maximianus
1225 2507 1316 2551 AA.
1349 2512 1393 2551 et
1425 2506 1502 2551 CC.

161 2567 465 2613 Alexandrae.
523 2563 852 2620 Peremptorias
893 2563 1174 2619 exceptiones
1206 2564 1391 2607 omissas
1421 2562 1504 2606 ini-

160 2625 243 2678 tio,
284 2627 522 2678 antequam
551 2620 771 2666 sententia
805 2620 995 2674 feratur,
1038 2619 1203 2674 opponi
1243 2632 1375 2675 posse
1405 2631 1504 2675 per-

165 2686 184 2725 1
225 2687 409 2737 petuum
439 2679 631 2724 edictum
655 2678 888 2722 manifeste
911 2677 1119 2721 declarat.
1167 2675 1294 2730 Quod
1316 2675 1354 2718 si
1373 2676 1501 2718 aliter

160 2740 309 2780 actum
347 2736 506 2787 fuerit,
549 2736 602 2778 in.
635 2734 854 2787 integrum
892 2733 1114 2777 restitutio
1154 2731 1425 2797 permittitur
1438 2731 1500 2774 ¹⁰¹.

161 2802 264 2834 nam
291 2788 537 2834 iudicatum
568 2795 725 2832 contra
752 2787 942 2831 maiores
973 2787 1100 2831 annis
1129 2786 1283 2843 wginti
1313 2787 1504 2842 quinque

161 2858 252 2890 non
288 2845 518 2902 oppositae
554 2842 916 2910 praescriptionis
946 2843 1191 2887 velamento
1223 2843 1335 2886 citra
1364 2854 1503 2885 reme-

161 2901 281 2946 dium
310 2912 367 2957 ap
401 2899 623 2944 ellationis
651 2898 847 2943 rescindi
875 2912 963 2942 non
994 2901 1156 2955 potest.
1222 2909 1294 2942 VII
1326 2897 1369 2942 lc.
1405 2897 1502 2942 Ian.

161 2957 350 3002 Nicome
380 2956 454 3000 iae
485 2953 562 3000 00.
595 2968 741 2999 conss.
1315 2958 1371 3007 [a.
1405 2957 1503 3005 294]

218 3011 247 3059 3
295 3010 447 3070 ¹¹Imp.
491 3010 813 3056 Constantinus
843 3011 892 3054 A.
934 3010 994 3053 ad
1033 3009 1290 3054 Proculum.
1360 3010 1504 3066 Impe-

160 3073 282 3112 trata
319 3066 536 3133 rescripta
573 3079 664 3110 non
694 3067 842 3122 placet
870 3066 1060 3120 admitti,
1097 3066 1137 3110 si
1166 3065 1342 3109 decisae
1372 3067 1506 3110 semel

164 3136 325 3169 causae
361 3123 530 3167 fuerint
563 3122 762 3168 iudiciali
800 3121 1042 3175 sententia,
1083 3134 1214 3177 quam
1247 3122 1504 3177 provocatio

162 3180 286 3224 nulla
314 3178 566 3235 suspendit:
599 3178 677 3222 sed
707 3190 797 3231 eos,
829 3177 904 3233 qui
932 3178 1024 3221 tale
1047 3177 1185 3221 rescri
1218 3179 1311 3220 tum
1334 3190 1504 3221 merue-

163 3235 263 3288 rint,
296 3235 428 3278 etiam
456 3233 605 3277 limine
633 3233 898 3276 iudiciorum
928 3232 1101 3288 expelli.
1207 3266 1216 3275 .
1255 3244 1307 3275 VJ
1331 3232 1374 3276 lc.
1403 3232 1503 3276 Ian.

167 3289 463 3336 Constantino
492 3291 544 3333 A.
584 3301 612 3333 V
637 3294 682 3333 et
709 3288 884 3332 Licinio
916 3300 1060 3331 conss.
1316 3291 1373 3340 [a.
1406 3291 1506 3341 319]

167 3686 219 3738 (1)
246 3685 304 3727 sic
323 3684 567 3732 Hermann,
597 3695 690 3722 nov.
709 3682 816 3722 hero.
836 3683 875 3720 et
891 3692 993 3720 caes.
1013 3680 1186 3721 traditur
1274 3680 1329 3731 (2)
1351 3699 1407 3715 .—-.-
1428 3679 1504 3719 ΤΙι.

166 3744 204 3793 4,
236 3749 291 3791 16,
323 3749 343 3780 2
414 3741 469 3792 (3)
506 3739 568 3792 Cf.
595 3739 695 3792 Diy.
727 3739 765 3789 3,
797 3745 832 3787 6,
864 3746 895 3785 1,
926 3745 946 3778 3
1019 3736 1071 3788 (4)
1102 3735 1152 3775 ad
1184 3735 1367 3775 Cassium
1389 3734 1505 3775 Sabi·

167 3810 264 3837 num
285 3796 385 3849 Diq.
472 3793 528 3845 (5)
543 3795 602 3835 sic
619 3790 730 3843 PRb,
747 3804 1028 3842 quaecumque
1046 3791 1133 3841 ΑΟ,
1151 3791 1425 3843 qcuicumque
1442 3790 1504 3830 Ra

167 3854 222 3903 (6)
238 3853 296 3893 sic
307 3855 359 3903 A,
368 3853 621 3906 corruptelas
637 3853 722 3901 PR,
741 3853 1014 3905 corruptelam
1028 3852 1061 3893 C
1114 3854 1170 3904 (7)
1188 3873 1239 3886 =
1262 3852 1333 3891 Th.
1350 3853 1385 3901 1,
1396 3858 1503 3901 16,3:

167 3909 285 3961 iunqe
311 3907 384 3948 le.
404 3910 443 3959 2,
461 3917 496 3958 6,
514 3917 534 3949 2
617 3911 673 3960 (8)
701 3921 828 3962 praes.
849 3909 961 3949 Oors.
984 3910 1070 3959 Th„
1092 3924 1164 3949 om.
1184 3908 1280 3948 libri
1358 3908 1414 3956 (9)
1446 3906 1503 3946 sic

168 3963 258 4013 Th„
290 3963 495 4016 dispendii
521 3964 613 4015 PR,
646 3963 859 4017 dispendio
876 3965 956 4005 Ac
1038 3964 1113 4013 (ιο)
1144 3964 1188 4004 Β
1214 3964 1253 4014 9,
1283 3971 1314 4012 1,
1332 3970 1376 4002 92
1393 3975 1500 4014 seqq.

165 4019 257 4070 (10¹)
285 4019 505 4072 perimitur
527 4035 602 4060 scr.
719 4021 788 4071 (11)
817 4040 873 4056 =
905 4021 978 4061 Th.
1006 4021 1047 4070 4,
1071 4028 1126 4069 16,
1157 4028 1172 4060 1
1287 4020 1361 4068 (12)
1389 4017 1433 4057 B
1463 4018 1502 4067 9,

165 4083 198 4122 3,
221 4083 264 4116 65
283 4091 392 4129 seqq.
493 4075 566 4126 (13)
598 4076 715 4129 iunqe
736 4077 808 4116 le.
832 4077 938 4127 1,12,
956 4085 976 4116 2
1076 4076 1150 4123 (14)
1179 4094 1235 4109 =
1268 4073 1342 4114 Th.
1360 4075 1469 4123 4,18,
1486 4079 1502 4112 1

164 4131 238 4182 (15)
265 4133 324 4172 sic
355 4132 445 4182 le.,
476 4130 726 4171 incumberit
761 4131 804 4181 0,
845 4129 1058 4172 incumbat
1086 4129 1166 4170 PR
1294 4130 1368 4179 (16)
1407 4127 1504 4168 sim-

223 4317 284 4360 Ll
312 4313 342 4363 5
402 4314 671 4361 Constitutio
701 4312 862 4365 sancit,
887 4316 939 4356 ut
962 4311 1268 4376 unusquisque
1289 4311 1431 4357 iudex
1458 4312 1507 4355 in

167 4372 389 4416 sententia
412 4385 497 4416 sua
523 4371 683 4415 victum
710 4381 862 4413 omnes
875 4373 1081 4424 sumptus
1095 4368 1142 4410 in
1157 4367 1277 4412 litem
1294 4373 1508 4426 eroqatos

170 4434 404 4481 praestare
432 4427 596 4479 iubeat,
626 4424 735 4468 data
765 4423 946 4467 licentia
974 4422 1113 4466 iudici
1139 4427 1346 4480 sumptus
1373 4424 1507 4468 etiam

169 4482 386 4527 excedere
406 4495 547 4540 usque
569 4480 630 4525 ad
650 4479 864 4525 decimam
886 4491 1041 4523 eorum
1063 4492 1180 4535 quae
1197 4492 1275 4523 ero
1311 4484 1390 4523 ata
1402 4483 1510 4522 sunt

168 4541 358 4594 partem,
389 4538 595 4595 quotiens
619 4535 726 4582 victi
753 4533 1031 4592 impudentia
1058 4547 1158 4578 eum
1186 4533 1248 4578 ad
1308 4547 1362 4578 oc
1391 4547 1506 4578 com-

169 4594 379 4643 moverit,
433 4602 485 4637 ut
532 4606 650 4651 quae
691 4596 895 4648 sumptus
936 4588 1162 4633 excedant
1202 4589 1264 4633 ad
1301 4589 1509 4648 publicas

170 4647 373 4692 rationes
403 4648 686 4706 pertineant,
726 4645 814 4689 nisi
850 4646 977 4701 forte
1013 4644 1156 4690 iudex
1194 4659 1349 4689 morae
1375 4658 1506 4703 repa-

1489 178 1597 244 317

2583 188 2678 240 VII
2716 190 2914 241 48—5‘1

1979 371 1981 374 -
2198 341 2319 389 L1.¹²
2375 357 2378 360 ⁴

1743 425 1820 465 DE
1849 419 2162 465 FRUGTIBUS
2191 423 2265 463 ET
2293 423 2440 464 LITIS
2470 423 2762 465 EXPENSIS.

1648 504 1672 552 1
1728 504 1910 563 ¹³Impp.
1954 502 2265 548 Diocletianus
2307 509 2351 548 et
2391 503 2706 549 Maximianus
2747 505 2840 549 AA.
2885 510 2928 549 et

1593 560 1670 605 00.
1701 562 1852 606 Actae.
1904 560 2003 604 Hoc
2030 559 2258 603 fructuum
2295 561 2470 604 nomine
2500 560 2776 612 continetur,
2810 560 2928 616 quod

1587 616 1717 661 iustis
1734 616 1985 672 sumptibus
2002 615 2202 660 deductis
2226 618 2442 672 superest.
2481 627 2551 659 111
2562 628 2666 659 non.
2683 615 2826 671 April.
2848 614 2925 659 CC.

1591 685 1895 784 GogsffiImpp.
1923 726 2268 771 Valentinianus
2288 731 2333 771 et
2357 725 2521 770 Valens
2537 725 2629 768 AA.
2650 673 2926 788 Olygekowssi

1589 781 1810 836 Litigator
1843 781 2010 835 victus,
2050 783 2125 837 qui
2154 787 2258 837 post
2289 781 2621 824 conventionem
2650 791 2715 822 rei
2744 778 2849 822 incu
2881 791 2928 821 a·

1580 837 1695 880 ⁴rit¹⁵
1732 836 1924 887 alienae,
1963 850 2054 879 non
2088 838 2136 879 in
2173 838 2269 880 sola
2305 836 2372 879 rei
2400 834 2696 878 redhibitione
2725 836 2930 877 teneatur

1588 904 1672 936 nec
1715 894 1889 934 tantum
1905 891 1940 917 ²⁶
1992 891 2222 934 fructuum
2263 889 2612 945 praestationem
2657 893 2735 932 aut
2779 901 2930 933 eorum

1590 960 1700 1003 quos
1729 946 1826 1001 ipse
1854 946 2056 1001 percepit
2085 950 2313 999 agnoscat,
2344 945 2422 987 sed
2438 945 2472 970 ¹⁷
2502 956 2592 996 eos,
2624 957 2734 999 quos
2763 945 2931 999 percipi

1589 1002 1841 1059 oportuisse
1856 1002 1904 1054 ¹⁸,
1934 1014 2023 1045 non
2063 1013 2172 1055 quos
2202 1012 2302 1043 eum
2330 999 2550 1055 redegisse
2581 1000 2824 1053 constabit,
2857 1013 2930 1044 ex-

1590 1059 1735 1103 solvat
1764 1071 1819 1101 ex
1849 1070 1924 1109 eo,
1966 1069 2018 1100 ex
2058 1068 2143 1122 quo
2175 1068 2223 1099 re
2251 1056 2298 1098 in
2328 1055 2541 1099 iudicium
2571 1054 2760 1099 deducta
2789 1055 2929 1099 scien-

1589 1115 1696 1159 tiam
1720 1114 1863 1157 malae
1886 1113 2182 1168 possess1onis
2210 1111 2397 1167 accepit.
2436 1110 2613 1155 heredis
2635 1124 2810 1167 quoque
2831 1125 2930 1155 suc-

1591 1170 1788 1215 cedentis
1817 1169 1863 1212 in
1892 1168 2045 1213 vitium
2073 1181 2158 1224 par
2187 1167 2391 1211 habenda
2419 1166 2602 1211 fortuna
2632 1171 2709 1211 est.
2771 1166 2826 1211 D.
2863 1179 2934 1210 VJ]

1589 1226 1632 1270 lc.
1685 1225 1822 1270 Mart.
1886 1224 2081 1270 Treviris
2141 1223 2460 1268 Valentiniano
2519 1237 2594 1281 np.
2649 1228 2693 1267 et
2753 1222 2934 1267 Victore

1590 1295 1734 1327 conss.
2745 1283 2802 1332 [a.
2834 1283 2932 1331 369]

1648 1335 1678 1385 3
1715 1335 1896 1396 ¹⁹Impp.
1931 1335 2166 1380 Honorius
2196 1339 2240 1379 et
2272 1334 2549 1379 Theodosius
2578 1336 2668 1378 AA.
2703 1334 2932 1393 Asclepio-

1591 1394 1698 1438 doto
1730 1408 1813 1452 pp.
1884 1392 2138 1436 Terminato
2177 1393 2494 1447 transactoque
2533 1390 2708 1446 negotio
2744 1391 2932 1447 posthac

1590 1450 1699 1493 nulli
1740 1449 1856 1493 actio
1897 1461 2038 1503 neque
2076 1460 2131 1492 ex
2167 1448 2382 1503 rescripto
2414 1459 2548 1503 super
2578 1451 2834 1502 sumptuum
2863 1460 2932 1490 re-

1591 1505 1804 1562 petitione
1843 1507 2114 1560 praestetur,
2158 1503 2244 1547 nisi
2272 1503 2405 1547 iudex
2418 1504 2468 1557 2⁰,
2510 1502 2586 1558 qui
2617 1503 2669 1545 de
2700 1502 2843 1559 princi
2876 1503 2934 1546 ali

1593 1561 1766 1616 negotio
1810 1560 2075 1605 sententiam
2118 1559 2432 1615 promulgavit,
2485 1558 2684 1602 cominus
2728 1559 2847 1614 parti
2880 1572 2932 1602 us

1593 1617 1847 1661 constitutis
1885 1615 2073 1660 iuridica
2110 1615 2472 1671 pronuntiatione
2512 1615 2748 1670 signaverit
2778 1614 2934 1658 victori

1592 1686 1754 1716 causae
1792 1671 1967 1715 restitui
2007 1671 2167 1716 debere
2207 1682 2424 1727 expensas
2460 1675 2537 1713 aut
2567 1684 2699 1726 super
2728 1670 2796 1714 his
2827 1683 2932 1726 que-

1590 1728 1743 1772 rellam
1773 1728 1869 1771 iure
1899 1732 2162 1782 competere.
2222 1731 2326 1782 post
2359 1726 2611 1770 absolutum
2641 1727 2754 1769 enim
2786 1726 2933 1770 dimis-

1591 1796 1774 1849 sumque
1803 1783 2014 1827 iudicium
2050 1782 2176 1825 nefas
2207 1787 2273 1825 est
2301 1782 2424 1825 litem
2454 1782 2638 1825 alteram
2670 1795 2934 1837 consurgere

1591 1852 1646 1883 ex
1684 1840 1773 1883 litis
1810 1839 1979 1894 primae
2013 1837 2213 1881 materia.
2273 1837 2327 1880 D.
2361 1849 2428 1880 ιιι
2463 1836 2507 1880 lc.
2539 1837 2683 1894 April.
2719 1836 2934 1881 Constan-

1593 1895 1786 1952 tinopoli
1815 1893 1946 1937 Ascle
1980 1893 2136 1956 iodoto
2168 1898 2211 1936 et
2239 1891 2511 1955 Mariniano·
2534 1905 2677 1935 conss.
2749 1897 2804 1945 [a.
2838 1897 2934 1943 423]

1648 1948 1679 1995 4
1712 1948 1821 1992 ²¹Im
1848 1962 1899 2006 p.
1983 1948 2252 1992 alentiniani
2291 1952 2335 1991 et
2362 1945 2591 1990 Marciani
2619 1948 2711 1991 AA.
2744 1947 2936 1992 edictum

1591 2005 1654 2050 ad
1683 2019 1816 2063 popu
1836 2018 1921 2048 um.
1988 2004 2090 2047 Non
2128 2003 2302 2058 ignoret
2340 2004 2401 2057 is,
2443 2003 2566 2046 cuius
2598 2015 2653 2046 ex
2681 2003 2936 2059 interpella-

1591 2061 1713 2106 tione
1752 2060 1911 2117 aliquis
1949 2059 2192 2104 secundum
2232 2059 2380 2103 datam
2409 2058 2596 2103 formam
2625 2060 2670 2102 in
2699 2060 2937 2116 longinqua

1590 2117 1728 2162 fuerit
1756 2119 2012 2173 protractus
2043 2116 2258 2171 examina,
2300 2115 2429 2171 quod,
2472 2115 2509 2159 si
2541 2115 2674 2171 culpa
2703 2116 2773 2159 sui
2801 2116 2938 2160 fuerit

1592 2174 1729 2217 dilata
1769 2173 1959 2228 cognitio
1991 2173 2059 2216 vel
2096 2172 2273 2215 minime
2309 2171 2474 2215 actioni
2511 2184 2617 2215 suae
2648 2171 2842 2216 adfuerit
2870 2173 2936 2215 vel

1591 2230 1739 2274 delata
1767 2228 2035 2286 probaverit,
2067 2242 2148 2284 pro
2180 2228 2400 2272 calumnia
2430 2227 2604 2282 quidem
2631 2240 2816 2284 poenam
2843 2228 2937 2271 luat

1589 2286 1762 2341 legibus
1794 2285 2101 2336 constitutam,
2133 2298 2214 2339 pro
2244 2296 2346 2328 vero
2377 2283 2638 2339 pecuniaria
2669 2297 2804 2327 causa
2833 2288 2936 2339 post

1591 2340 1835 2397 dispendia,
1861 2345 1965 2396 post
1990 2343 2193 2395 sumptus
2220 2339 2496 2383 considerata
2522 2339 2766 2393 quantitate
2782 2343 2933 2394 postu·

1589 2398 1782 2440 latorum
1823 2396 1893 2440 vel
1934 2395 2067 2439 medii
2109 2394 2282 2439 itineris
2326 2394 2557 2438 intervallo
2605 2394 2933 2438 condemnatio-

1589 2465 1689 2496 nem
1758 2464 1808 2495 ro
1849 2450 2156 2494 aestimatione
2194 2449 2353 2493 iudicis
2392 2449 2640 2493 sustinebit.
2716 2449 2769 2492 D.
2811 2461 2840 2492 V
2872 2450 2931 2492 id.

1593 2509 1684 2553 Oct.
1720 2466 2114 2563 &cnstantinopoli
2155 2504 2472 2550 Valentiniano
2503 2506 2554 2548 A.
2595 2516 2666 2547 VJ!
2694 2511 2738 2548 et
2765 2505 2932 2549 Avieno

1589 2577 1734 2608 conss.
2747 2565 2802 2613 [a.
2835 2565 2932 2612 450]

1646 2619 1675 2665 5
1711 2613 2092 2675 22[Αὐτοκράτωρ
2125 2614 2289 2670 Ζήνων
2316 2618 2394 2668 Α.]
2408 2617 2447 2642 ²³

1704 2671 1807 2717 2’ίεΗ
1830 2671 2027 2724 διάταξις
2041 2669 2220 2723 κελεύει,
2248 2667 2366 2715 ὥστε
2382 2667 2533 2715 πάντα
2559 2669 2776 2725 δικαστὴν
2802 2674 2851 2714 έν
2878 2674 2934 2727 τῆ

1702 2726 1923 2787 ἀποφάσει
1966 2726 2104 2771 αὐτοῦ
2134 2724 2327 2770 κελεύειν
2356 2725 2436 2769 τὸν
2467 2724 2726 2781 ἡττηθέντα
2757 2717 2934 2770 &zobeda

1702 2785 1757 2829 τὰ
1801 2780 2106 2839 δαπανήματα
2155 2779 2308 2827 πάντα
2351 2781 2407 2825 τὰ
2451 2784 2501 2824 ἐν
2544 2784 2613 2838 τῷ
2659 2780 2933 2843 δικαστηρίῳ

1702 2840 1940 2901 γενόμενα·
1981 2841 2158 2893 ἔχοντος
2197 2838 2402 2889 ἐξουσίαν
2442 2835 2579 2880 αὐτοῦ
2615 2839 2692 2881 τοῦ
2726 2836 2934 2881 δικαστοῦ

1703 2900 1776 2940 καὶ
1814 2893 2109 2956 ὑπερβαίνειν
2148 2894 2230 2949 τὴν
2272 2890 2480 2946 δαπάνην
2518 2896 2601 2937 ἕως
2639 2895 2713 2948 τῆς
2753 2891 2935 2947 δεκάτης

1701 2958 1858 3011 μοίρας
1894 2954 1992 2995 τῶν
2032 2949 2415 3005 δαπανηθέντων,
2461 2948 2540 2991 ἐὰν
2581 2946 2717 2992 αὐτὸν
2747 2946 2772 3002 ἡ
2810 2947 2933 2991 ἀναι-

1703 3012 1889 3062 σχυντία
1918 3008 1998 3051 τοῦ
2021 3003 2298 3062 ἡττηθέντος
2318 3009 2476 3074 μέρους
2500 3003 2612 3063 πρὸς
2635 3006 2768 3047 τοῦτο
2792 3019 2932 3063 παρα-

1703 3060 1876 3118 κινῆση,
1907 3060 2025 3106 ὥστε
2053 3061 2105 3105 τὸ
2135 3058 2247 3120 ὑπὲρ
2277 3077 2333 3103 τα
2364 3057 2667 3113 δαπανήματα
2702 3061 2767 3113 τῷ
2802 3057 2930 3114 δημο-

1703 3126 1789 3175 σίῳ
1830 3107 1949 3178 λόγῳ
1990 3115 2231 3175 διαφέρειν,
2269 3117 2309 3159 εἰ
2343 3110 2404 3171 μή
2442 3130 2487 3157 τι
2526 3113 2612 3171 ἄρα
2655 3110 2678 3156 ὁ
2725 3112 2933 3167 δικαστὴς

1703 3174 1785 3229 τὴν
1830 3173 1990 3233 τριβὴν
2031 3173 2110 3214 τοῦ
2164 3169 2442 3225 νενικηκότος
2495 3174 2650 3227 μέρους
2694 3167 2933 3224 βουληθεὶς

1707 3231 1987 3289 θεραπεῦσαι
2014 3231 2143 3286 μέρος
2170 3232 2218 3269 τί
2244 3242 2354 3269 ποτε
2389 3227 2435 3266 ἐκ
2466 3224 2642 3267 τούτων
2671 3221 2798 3279 αὐτῷ
2826 3223 2930 3282 ἀφο-

1624 3292 1641 3330 1
1703 3290 1828 3345 ρίσει.
1878 3280 2304 3337 Καταὸικαζομένου
2330 3279 2392 3337 μὴ
2419 3277 2561 3336 μόνον
2588 3281 2669 3323 τοῦ
2699 3279 2931 3340 ἐνάγοντος

1701 3343 1775 3384 καὶ
1798 3342 1877 3383 τοῦ
1907 3342 2186 3408 ἐναγομένου,
2217 3333 2293 3380 ὅτε
2317 3332 2571 3395 πρόσφορος
2596 3338 2791 3395 ἑκατέρῳ
2808 3339 2932 3379 ἐστὶν

1702 3392 1726 3438 ὃ
1756 3391 1982 3449 δικαστής,
2022 3392 2131 3435 αλλὰ
2168 3389 2250 3434 κᾶν
2279 3393 2358 3434 τοῦ
2387 3390 2623 3451 ἐνάγοντος
2649 3388 2933 3451 ἀπρόσφορός

1703 3455 1839 3503 ἐστιν,
1875 3447 2053 3507 ἡττηθζ
2087 3446 2135 3490 δὲ
2167 3448 2213 3499 ἐξ
2241 3445 2570 3515 ἀντεναγωγῆσ,
2604 3446 2665 3502 μὴ
2695 3444 2933 3503 δυνάμενος

1703 3510 1874 3551 ἐκεῖνον
1911 3504 1995 3548 τὸν
2027 3466 2249 3559 {inactiva
2287 3503 2684 3561 παραιτησασθαι,
2727 3504 2815 3546 εἴτε
2858 3502 2930 3559 ἆρ-

1588 3675 1753 3730 plorum
1794 3676 1868 3715 ins.
1915 3674 2002 3722 Th„
2043 3688 2118 3714 om.
2149 3673 2214 3713 Β.·
2253 3673 2355 3714 male
2392 3673 2517 3714 iitur
2555 3671 2833 3724 compilatores
2870 3686 2928 3710 se-

1590 3748 1714 3786 quens
1753 3733 1827 3771 aut
1862 3731 2111 3771 retinuerunt
2222 3728 2296 3780 (17)
2327 3727 2411 3780 dup
2430 3741 2474 3768 os
2502 3727 2661 3767 fructus
2689 3727 2730 3765 et
2760 3727 2832 3766 ins.
2855 3725 2928 3766 Th.

1591 3787 1667 3841 (18)
1713 3789 1772 3827 sic
1822 3787 1876 3827 0⁰
1911 3785 2004 3836 le.,
2046 3783 2247 3836 potuisset
2291 3784 2349 3836 P,
2390 3783 2570 3835 potuisse
2620 3778 2714 3823 ch.
2757 3795 2841 3821 cum
2886 3780 2928 3820 B

1590 3844 1665 3894 (19)
1705 3863 1758 3878 =
1805 3842 1874 3882 le.
1917 3843 1956 3891 4,
1997 3848 2052 3891 18,
2093 3848 2136 3879 τε
2186 3841 2305 3893 {unqe
2340 3840 2387 3889 7,
2419 3847 2482 3889 62,
2513 3846 2563 3879 31.
2622 3837 2694 3877 Th.
2729 3837 2793 3886 11,
2822 3843 2875 3886 31,
2908 3844 2926 3875 9

1590 3900 1672 3950 (20)
1702 3896 1891 3949 cognitor
1925 3896 1996 3936 le.
2083 3894 2159 3947 (21)
2183 3894 2361 3936 =Nov.
2379 3893 2618 3942 Marc.1,1‚
2637 3899 2655 3933 7
2742 3891 2819 3942 (22)
2843 3892 2927 3931 iun-

1590 3955 1745 4006 9endae
1775 3953 1959 3993 videntur
1995 3953 2028 4002 l,
2059 3959 2112 4001 51,
2142 3959 2180 3992 13
2213 3949 2269 4002 (d.
2295 3962 2344 3989 Ἦ
2372 3948 2414 3988 k.
2440 3946 2519 3987 Iul.
2551 3947 2643 3999 post
2672 3944 2929 3986 consulatum

1590 4006 1790 4061 Longini)
1822 4008 1863 4057 2,
1890 4015 1923 4057 7,
1947 4014 2002 4048 18.
2029 4014 2070 4048 19
2102 4005 2158 4059 (d.
2175 4018 2224 4045 vr
2252 4005 2293 4045 k.
2319 4004 2408 4044 Ian.
2436 3999 2796 4053 Constantinopoli
2818 4001 2929 4040 Lon-

1590 4065 1690 4117 gino
1715 4075 1824 4103 cons.
1851 4065 1891 4112 3,
1914 4070 1948 4113 3,
1973 4070 2007 4103 6.
2034 4064 2071 4112 3,
2097 4070 2150 4110 10,
2176 4070 2188 4102 1
2259 4059 2337 4110 (23)
2355 4060 2647 4111 inscriptionem
2662 4056 2929 4108 supplevimus

1592 4135 1639 4161 ex
1667 4119 1958 4172 subscriptione
1989 4126 2027 4157 et
2055 4117 2157 4158 Νου.
2192 4125 2236 4158 82
2267 4131 2299 4155 c.
2331 4123 2371 4156 10
2485 4113 2563 4164 (24)
2593 4132 2650 4148 =
2676 4112 2718 4151 Β
2747 4112 2786 4160 9,
2817 4119 2850 4160 3,
2882 4119 2927 4151 69

1588 4310 1762 4354 randae
1790 4308 1958 4367 qratia,
2002 4322 2136 4366 quam
2166 4307 2332 4353 victrix
2352 4319 2472 4371 pars
2492 4319 2636 4370 passa
2666 4311 2745 4356 est,
2776 4305 2818 4349 ei
2846 4304 2927 4348 ali-

1594 4370 1613 4408 1
1674 4379 1807 4423 quam
1837 4369 2022 4422 partem
2061 4377 2123 4409 ex
2160 4362 2230 4406 his
2268 4361 2534 4405 attribuerit.
2604 4362 2667 4403 Ac
2706 4374 2795 4404 non
2837 4365 2927 4404 tum

1588 4421 1734 4465 solum
1765 4427 1895 4463 actor
1923 4424 1968 4463 et
1994 4433 2100 4464 reus
2129 4417 2459 4469 condemnetur,
2491 4429 2589 4460 cum
2612 4416 2660 4458 in
2691 4422 2927 4471 utrumque

1589 4476 1732 4520 iudex
1760 4475 1992 4519 iudicandi
2018 4478 2286 4533 potestatem
2316 4471 2462 4524 habet,
2492 4469 2573 4514 sed
2596 4471 2729 4514 etiam
2756 4484 2854 4514 cum
2879 4471 2926 4513 in

1591 4536 1789 4575 actorem
1833 4543 1930 4574 eam
1973 4544 2067 4574 non
2111 4528 2264 4579 habet,
2318 4527 2357 4570 is
2400 4531 2547 4570 autem
2590 4539 2651 4569 ex
2694 4526 2925 4568 contraria

1591 4587 1769 4631 actione
1798 4586 1939 4631 victus
1965 4585 2132 4642 fuerit,
2173 4583 2384 4639 quoniam
2423 4581 2547 4625 illum
2581 4580 2770 4624 iudicem
2800 4595 2925 4624 recu·

1590 4655 1695 4687 sare
1730 4655 1822 4686 non
1851 4645 2029 4700 potest,
2073 4640 2164 4685 sive
2197 4637 2437 4695 praesides
2473 4637 2564 4681 sive
2602 4636 2724 4680 sacri
2758 4635 2927 4680 iudices
