3138 4776
214 136 288 188 111
327 133 349 185 1

212 285 256 325 et
285 291 434 323 eorum
462 276 631 320 desidia
658 270 894 317 triennium
916 269 1053 314 fuerit
1076 270 1272 326 elapsum
1288 269 1302 294 ¹
1328 270 1374 310 et
1405 276 1541 308 causa

214 333 449 379 ceciderint
462 333 492 384 2,
533 331 652 373 litem
690 326 862 382 quidem
890 325 1026 369 nihilo
1055 326 1198 368 minus
1222 335 1351 367 suum
1375 321 1542 363 habere

212 391 411 453 vigorem,
442 397 612 428 omnem
639 388 786 425 autem
814 380 1052 432 iacturam,
1082 391 1194 435 quae
1220 391 1274 420 ex
1297 377 1381 418 hac
1407 386 1542 418 causa

212 448 370 492 oritur,
415 440 472 483 ad
509 443 679 481 tutores
717 440 763 478 et
799 439 1028 478 curatores
1066 440 1111 478 et
1147 432 1428 476 fideiussores
1466 442 1540 496 ep-

213 511 305 542 rum
333 495 599 547 heredesque
629 495 674 533 et
699 502 770 532 res
800 501 951 533 eorum
980 494 1026 533 et
1053 501 1228 539 omnes,
1268 498 1455 542 quorum
1493 498 1540 528 in

211 556 294 596 hac
331 562 465 595 causa
502 545 692 601 legitime
730 544 937 597 interest,
977 544 1244 587 redundare:
1285 541 1355 585 sin
1395 544 1542 584 autem

211 621 298 652 non
327 604 518 649 sufficiat
554 599 734 656 pupillis
773 599 841 642 vel
878 599 1120 643 minoribus
1155 610 1305 641 eorum
1334 597 1540 640 substan-

210 665 295 713 tia,
335 666 440 704 tunc
475 658 521 700 in
560 668 645 711 quo
685 653 849 697 fuerint
887 654 1197 697 detrimentum
1233 651 1451 708 perpessi,
1495 652 1542 695 in

210 720 421 772 integrum
448 709 738 766 restitutionis
768 707 980 751 auxilium
1009 708 1073 752 eis
1108 719 1353 763 superesse.
1412 707 1468 752 D.
1496 719 1546 750 VJ

210 774 252 817 lc.
281 770 424 828 April.
458 764 848 822 Constantinopoli
872 763 1123 821 Lampadio
1154 769 1199 807 et
1217 763 1370 823 Oreste
1398 777 1461 808 vv.
1480 776 1539 807 cc.

210 840 350 872 consa
1354 822 1412 872 [a·
1443 821 1541 870 530]

267 880 330 927 14
359 878 483 923 Idem
511 877 562 921 A.
594 873 776 919 Iuliano
797 887 881 973 pp.
948 873 1060 917 Rem
1097 886 1187 917 non
1215 886 1372 917 novam
1401 886 1543 930 neque

208 936 426 980 insolitam
455 931 744 987 adgredimur,
784 942 832 973 se
892 929 1084 985 antiquis
1115 929 1291 985 quidem
1319 930 1540 985 legislato-

207 992 328 1034 ribus
367 989 596 1044 placitam,
637 999 737 1030 cum
775 998 876 1029 vero
917 990 1169 1041 contempta
1207 986 1285 1039 sit,
1325 999 1415 1029 non
1449 986 1542 1029 leve

208 1046 511 1090 detrimentum
549 1042 696 1086 causis
733 1041 1008 1085 inferentem.
1083 1042 1155 1084 cui
1194 1041 1309 1085 enim
1346 1055 1437 1085 non
1475 1045 1544 1084 est

209 1101 428 1155 cognitum
457 1098 665 1153 antiquos
693 1096 862 1141 iudices
897 1109 986 1140 non
1016 1095 1145 1139 aliter
1172 1096 1422 1140 iudicialem
1452 1097 1542 1140 cal-

208 1158 354 1200 culum
383 1154 595 1210 accipere,
626 1151 714 1196 nisi
734 1152 859 1207 prius
883 1156 1206 1195 sacramentum
1219 1152 1544 1207 praestitissent

208 1210 453 1256 omnimodo
493 1221 590 1253 sese
628 1221 727 1251 cum
755 1207 939 1251 veritate
975 1210 1020 1251 et
1056 1207 1201 1261 legum
1237 1208 1543 1251 observatione

212 1273 227 1310 1
288 1266 497 1309 iudicium
537 1276 633 1308 esse
670 1262 994 1328 disposituros?
1053 1262 1162 1305 Cum
1194 1263 1328 1317 igitur
1357 1267 1402 1307 et
1429 1263 1544 1306 viam

207 1335 295 1366 non
322 1321 578 1365 inusitatam
606 1319 848 1362 invemmus
886 1317 1197 1362 ambulandam
1227 1322 1271 1362 et
1299 1319 1542 1362 anteriores

206 1379 322 1432 leges
351 1381 544 1427 nostrae,
575 1386 688 1430 quae
718 1374 772 1416 de
801 1373 1059 1417 iuramentis
1088 1373 1261 1428 positae
1290 1379 1415 1426 sunt,
1454 1387 1545 1418 non

207 1433 427 1476 minimam
484 1443 591 1474 suae
641 1428 846 1472 utilitatis
898 1428 1215 1484 experientiam
1270 1429 1544 1485 litigantibus

207 1490 506 1544 praebuerunt
547 1490 592 1529 et
628 1485 727 1528 ideo
767 1485 824 1528 ab
862 1484 1064 1528 omnibus
1102 1484 1258 1528 merito
1288 1486 1544 1529 collaudan-

207 1551 291 1598 tur,
322 1544 379 1586 ad
406 1544 522 1586 hanc
549 1542 596 1584 in
624 1545 886 1596 perpetuum
914 1540 1148 1583 valituram
1176 1540 1316 1595 legem
1345 1541 1545 1596 perveni-

206 1613 315 1653 mus,
345 1611 425 1655 per
453 1610 583 1654 quam
612 1595 833 1640 sancimus
863 1608 1014 1639 omnes
1043 1595 1212 1639 iudices
1242 1597 1332 1640 sive
1356 1597 1544 1640 maiores

207 1657 295 1699 sive
331 1655 545 1707 minores,
586 1652 677 1696 sive
714 1652 790 1706 qui
827 1650 874 1695 in
913 1651 1367 1696 administrationibus
1410 1653 1547 1708 positi

207 1714 310 1754 sunt
347 1710 415 1753 vel
452 1710 497 1754 in
529 1709 616 1751 hac
644 1707 765 1763 regia
796 1706 974 1750 civitate
1002 1707 1072 1751 vel
1099 1707 1146 1750 in
1175 1708 1282 1751 orbe
1311 1711 1543 1762 terrarum,

207 1767 281 1822 qui
324 1765 488 1809 nostris
532 1764 843 1819 gubernaculis
882 1763 1068 1818 regitur,
1114 1763 1206 1807 sive
1250 1775 1340 1818 eos,
1387 1764 1545 1820 quibus

206 1834 287 1865 nos
329 1820 595 1864 audientiam
636 1818 947 1863 committimus
989 1819 1058 1873 vel
1108 1818 1184 1873 qui
1227 1830 1255 1862 a
1301 1820 1545 1863 maioribus

207 1877 424 1920 iudicibus
464 1876 629 1919 dantur
663 1875 732 1918 vel
767 1874 843 1930 qui
881 1887 936 1917 ex
974 1874 1277 1918 iurisdictione
1315 1888 1397 1919 sua
1429 1875 1544 1918 iudi-

209 1932 337 1976 candi
373 1933 540 1976 habent
575 1930 831 1974 facultatem
868 1930 938 1973 vel
976 1930 1051 1984 qui
1088 1943 1143 1973 ex
1180 1936 1358 1986 recepto
1389 1931 1450 1982 (id
1480 1935 1548 1974 est

209 1988 543 2043 compromisso,
583 1986 702 2042 quod
738 1985 947 2030 iudicium
975 1986 1171 2029 imitatur
1183 1986 1216 2039 ³)
1257 1999 1414 2031 causas
1444 1986 1546 2030 diri-

207 2044 386 2087 mendas
423 2041 672 2098 suscipiunt
708 2042 778 2085 vel
816 2042 890 2096 qui
929 2041 1157 2086 arbitrium
1195 2047 1414 2098 peragunt
1448 2043 1547 2086 vel⁴

207 2113 262 2143 ex
315 2099 578 2143 auctoritate
630 2098 946 2142 sententiarum
998 2103 1042 2141 et
1090 2099 1283 2153 partium
1327 2110 1546 2142 consensu

207 2155 358 2209 electi,
398 2159 442 2197 et
478 2153 743 2209 generaliter
771 2165 921 2196 omnes
952 2152 1129 2197 omnino
1159 2152 1326 2197 iudices
1356 2153 1547 2197 Romani

206 2211 314 2254 iuris
344 2210 665 2266 disceptatores
704 2221 794 2253 non
829 2208 957 2252 aliter
984 2208 1125 2252 litium
1154 2209 1440 2264 primordium
1470 2223 1544 2253 ac-

209 2267 369 2322 cipere,
383 2266 469 2310 nisi
497 2264 621 2321 prius
651 2267 755 2308 ante
783 2264 1034 2308 iudicialem
1056 2264 1204 2308 sedem
1230 2270 1544 2308 sacrosanctae

209 2322 486 2378 deponantur
523 2321 791 2377 scripturae:
838 2324 884 2364 et
925 2320 1012 2363 hoc
1051 2325 1309 2375 permaneat
1343 2333 1433 2364 non
1474 2333 1545 2364 so-

208 2379 298 2421 lum
326 2378 373 2421 in
401 2376 619 2434 principio
648 2376 758 2430 litis,
798 2376 876 2420 sed
911 2376 1043 2419 etiam
1079 2376 1125 2418 in
1163 2375 1367 2419 omnibus
1398 2376 1545 2431 cogni-

207 2433 402 2477 tionibus
449 2445 591 2488 usque
634 2431 693 2475 ad
736 2432 883 2488 ipsum
920 2431 1154 2474 terminum
1206 2434 1252 2475 et
1294 2431 1548 2475 definitivae

209 2494 233 2532 2
307 2490 550 2533 sententiae
584 2488 903 2531 recitationem.
977 2487 1050 2530 Sic
1079 2486 1241 2530 etenim
1270 2486 1547 2531 attendentes

209 2545 267 2588 ad
310 2548 615 2588 sacrosanctas
658 2544 902 2598 scripturas
946 2547 991 2586 et
1034 2542 1103 2586 dei
1145 2543 1396 2607 praesentia
1440 2555 1546 2587 con-

210 2601 371 2644 secrati
413 2613 467 2643 ex
509 2599 674 2643 maiore
717 2598 937 2654 praesidio
982 2598 1081 2642 lites
1125 2598 1329 2642 diriment
1376 2599 1546 2653 scituri,

211 2656 328 2711 quod
355 2669 445 2699 non
472 2655 610 2710 magis
639 2654 750 2698 alios
779 2654 988 2708 iudicant,
1020 2667 1151 2710 quam
1174 2655 1261 2710 ipsi
1279 2654 1546 2707 iudicantur,

212 2725 309 2754 cum
348 2711 479 2754 etiam
512 2710 620 2765 ipsis
649 2709 786 2764 magis
816 2722 947 2764 quam
978 2710 1177 2765 partibus
1208 2710 1405 2753 terribile
1434 2710 1546 2753 iudi-

212 2767 327 2808 cium
366 2771 452 2816 est,
491 2765 530 2808 si
566 2764 807 2818 litigatores
838 2764 1012 2819 quidem
1041 2766 1124 2808 sub
1158 2765 1421 2817 hominibus,
1460 2764 1549 2821 ipsi

213 2825 359 2862 autem
389 2820 470 2862 deo
499 2819 749 2873 inspectore
777 2819 974 2862 adhibito
1006 2832 1165 2862 causas
1194 2820 1425 2874 perferunt
1452 2823 1547 2863 tru-

214 2880 237 2918 3
296 2875 513 2917 tinandas.
582 2874 643 2915 Et
675 2874 760 2916 hoc
787 2873 971 2928 ,quidem
1009 2874 1314 2917 iusiurandum
1341 2875 1548 2918 iudiciale

216 2929 274 2972 sit
308 2929 509 2972 omnibus
545 2932 698 2971 notum
736 2931 782 2971 et
819 2928 1030 2973 Romanis
1066 2929 1234 2984 legibus
1271 2931 1483 2985 optimum
1521 2943 1548 2974 a

214 2985 340 3028 nobis
371 2984 556 3027 accedat
583 2984 899 3027 incrementum
939 2988 983 3027 et
1012 2984 1067 3027 ab
1099 2984 1299 3028 omnibus
1329 2985 1547 3029 iudicibus

215 3039 554 3085 observandum:
609 3044 652 3082 et
699 3039 737 3082 si
788 3044 1115 3094 praetereatur,
1169 3041 1545 3096 contemptoribus

213 3100 238 3138 4
269 3098 329 3160 (1)
387 3094 683 3150 periculosum
736 3094 807 3138 sit.
880 3095 1063 3138 Patroni
1106 3099 1254 3139 autem
1297 3108 1545 3148 causarum,

213 3163 288 3205 qui
340 3149 515 3205 utrique
568 3149 688 3204 parti
739 3162 868 3193 suum
920 3153 1197 3205 praestantes
1241 3151 1548 3206 ingrediuntur

213 3205 446 3260 auxilium,
485 3217 585 3247 cum
623 3204 677 3247 lis
715 3203 850 3248 fuerit
887 3209 1158 3259 contestata,
1198 3210 1301 3261 post
1328 3207 1546 3250 narratio-

212 3273 311 3303 nem
363 3261 634 3315 propositam
687 3264 732 3303 et
783 3260 1177 3305 contradictionem
1229 3262 1444 3305 obiectam
1500 3262 1548 3307 in

213 3316 516 3371 qualicumque
555 3315 719 3358 iudicio
762 3316 928 3360 maiore
981 3329 1060 3360 seu
1107 3317 1275 3361 minore
1317 3318 1386 3362 vel
1428 3319 1547 3374 apud

214 3371 403 3414 arbitros
446 3372 534 3414 sive
576 3383 630 3414 ex
675 3372 986 3427 compromisso
1025 3372 1093 3416 vel
1136 3373 1265 3416 aliter
1308 3373 1435 3417 datos
1479 3374 1548 3418 vel

213 3427 375 3470 electos
429 3426 724 3469 sacrosanctis
778 3439 884 3470 evan
916 3427 1010 3471 eliis
1068 3428 1199 3472 tactis
1252 3429 1547 3473 iuramentum

213 3484 462 3536 praestent,
500 3481 618 3536 quod
657 3482 773 3524 omni
812 3482 887 3536 qui
918 3495 983 3526 em
1022 3483 1184 3528 virtute
1222 3497 1303 3528 sua
1342 3486 1546 3541 omnique

214 3549 297 3591 ope
334 3537 451 3592 quod
487 3537 651 3580 iustum
688 3540 734 3581 et
760 3549 910 3581 verum
939 3538 1282 3584 existimaverint
1311 3541 1544 3584 clientibus

213 3592 305 3635 suis
333 3592 495 3636 inferre
522 3596 774 3646 procurent,
804 3593 911 3636 nihil
933 3594 1063 3637 studii
1088 3596 1397 3651 relinquentes,
1427 3597 1545 3652 quod

214 3647 298 3690 sibi
339 3647 548 3703 possibile
591 3652 680 3702 est,
734 3661 823 3691 non
873 3651 1021 3692 autem
1073 3651 1239 3695 credita
1281 3652 1368 3696 sibi
1411 3665 1546 3696 causa

214 3703 406 3758 cognita,
447 3702 565 3758 quod
605 3702 806 3758 improba
843 3704 902 3747 sit
929 3706 996 3748 vel
1031 3707 1206 3761 penitus
1236 3707 1472 3763 desperata
1500 3714 1545 3752 et

212 3771 267 3801 ex
303 3758 588 3802 mendacibus
617 3759 968 3813 adlegationibus
999 3763 1255 3817 composita,
1285 3763 1374 3819 ipsi
1401 3764 1543 3807 scien-

210 3816 278 3856 tes
306 3813 633 3868 prudentesque
660 3815 776 3858 mala
807 3815 1075 3859 conscientia
1100 3818 1167 3861 liti
1190 3819 1541 3873 patrocinantur,

211 3869 287 3911 sed
344 3874 389 3912 et
437 3870 475 3913 si
524 3870 760 3913 certamine
809 3871 1076 3926 procedente
1119 3873 1283 3929 aliquid
1325 3875 1415 3917 tale
1460 3875 1544 3918 sibi

212 3925 434 3978 cognitum
476 3924 633 3976 fuerit,
686 3938 713 3968 a
762 3938 900 3969 causa
938 3928 1148 3972 recedant
1190 3930 1247 3972 ab
1291 3929 1544 3974 huiusmodi

212 3980 514 4023 communione
552 3992 647 4024 sese
688 3981 862 4045 penitus
903 3988 1181 4037 separantes:
1226 3985 1399 4041 hocque
1437 3986 1541 4028 sub-

210 4038 362 4078 secuto
397 4036 519 4078 nulla
556 4036 734 4079 licentia
774 4037 1041 4081 concedatur
1070 4042 1217 4093 spreto
1247 4040 1459 4096 litigatori
1487 4040 1544 4084 ad

211 4090 390 4133 alterius
419 4091 621 4134 advocati
649 4091 943 4146 patrocinium
974 4095 1226 4148 convolare,
1265 4108 1322 4138 ne
1349 4096 1541 4139 meliori-

211 4149 234 4186 5
281 4146 362 4188 bus
381 4146 642 4200 contemptis
661 4148 863 4202 improba
887 4147 1118 4193 advocatio
1143 4151 1419 4206 subrogetur.
1465 4152 1541 4195 Sin

210 4203 356 4244 autem
393 4201 592 4256 plurimis
630 4203 826 4256 patronis
866 4203 1075 4248 adhibitis
1116 4209 1160 4249 et
1196 4206 1443 4251 iuramento
1483 4209 1540 4251 ab

211 4341 259 4390 (1)
289 4341 346 4381 sic
378 4339 462 4391 CR,
493 4341 742 4381 transactum
775 4343 814 4382 P
900 4343 954 4392 (2)
986 4344 1179 4385 ceciderit
1209 4345 1302 4387 ΡΟο
1397 4349 1451 4397 (3)
1481 4348 1539 4388 sic

212 4395 321 4444 edd„
361 4396 433 4446 qui
465 4406 501 4441 (a
531 4397 594 4437 vel
620 4417 664 4438 m
694 4397 766 4449 1²⁸,
806 4413 878 4438 om.
912 4396 1015 4447 P0C)
1055 4400 1140 4441 iud.
1179 4402 1397 4443 imitantur
1427 4402 1539 4443 PCR.

212 4450 263 4498 (1)
303 4450 366 4489 vel
405 4451 479 4491 del.
512 4453 581 4503 (qs.
614 4451 1064 4507 Bethmann-Hollwey
1100 4456 1361 4509 Civilprocess
1391 4466 1426 4507 3,
1457 4458 1538 4507 ¹84)

215 4506 267 4551 (5)
295 4517 340 4542 vx
358 4508 421 4557 (cf
442 4506 758 4560 Zeitschriflsiir
776 4509 1050 4563 Rechtsqesch.
1069 4519 1098 4551 11
1119 4526 1161 4563 p.
1180 4513 1288 4562 177)?
1347 4515 1401 4565 (6)
1421 4515 1539 4566 iunyae
1622 4516 1738 4552 rente

215 4559 252 4607 2,
271 4567 326 4608 58,
344 4568 363 4599 ’Δ
381 4570 415 4599 et
431 4576 463 4602 c.
481 4569 520 4602 16
538 4563 573 4602 la.
591 4571 615 4603 t.
661 4564 716 4615 (¹1)
730 4563 924 4604 iudiciale
940 4564 1105 4618 adytum
1122 4580 1203 4607 scr.
1250 4569 1307 4619 (8)
1323 4569 1440 4607 Mart.
1462 4585 1537 4609 scr.

1536 113 1632 172 122

1625 263 1829 307 omnibus
1865 263 2080 319 praestito
2119 265 2295 322 quidam
2334 277 2389 309 ex
2426 264 2495 308 his
2531 276 2669 310 causa
2694 264 2960 322 procedente

1624 318 1992 373 patrocinandum
2037 333 2136 365 esse
2173 320 2461 372 crediderint,
2512 320 2688 375 quidam
2725 333 2956 365 recusave-

1625 374 1735 425 rint,
1773 379 1932 417 exeant
1969 375 2142 429 quidem
2171 380 2447 428 recusantes,
2485 376 2680 420 volentes
2709 379 2857 420 autem
2883 388 2956 420 re·

1623 433 1851 471 maneant:
1903 441 2064 474 causae
2107 432 2267 476 etenim
2310 430 2522 474 terminus
2560 430 2840 476 manifestare
2876 444 2956 487 po·

1623 484 1749 535 terit,
1798 484 1874 548 qui
1915 485 2110 531 timidius
2154 488 2315 542 quique
2364 485 2576 530 audacius
2624 485 2835 530 iudicium
2890 486 2958 530 vel

1624 540 1882 593 reliquerint
1908 540 1977 584 vel
2004 542 2289 605 protulerint:
2320 554 2402 585 nec
2436 541 2482 584 in
2506 541 2591 584 hac
2611 546 2739 596 parte
2767 541 2958 597 litigato·

1624 595 1745 638 ribus
1796 594 1945 638 danda
1992 596 2171 641 licentia
2213 598 2324 641 alios
2377 609 2459 652 pro
2501 596 2810 640 recusantibus
2853 597 2959 641 sub·
2992 627 2995 630 ι

1623 661 1791 704 rogare.
1851 649 1906 693 D.
1926 654 2041 694 [111⁸
2068 651 2111 696 lc.
2127 653 2271 712 April.
2296 651 2547 710 Lampadio
2577 657 2623 696 et
2639 650 2793 759 Oreste?
2815 665 2879 696 vv.
2889 664 2959 760 {gi

1625 718 1769 749 conss.
2787 720 2828 750 a.
2862 712 2885 750 5

1683 759 1745 806 15
1780 758 1926 804 “Idem
1952 762 2005 805 A.
2036 760 2220 808 Iuliano
2242 778 2326 821 pp.
2395 762 2626 806 Sancimus
2665 774 2815 805 omnes
2853 761 2963 806 iudi-

1626 828 1698 860 ces
1737 815 1833 859 sive
1870 815 1916 859 in
1953 816 2037 861 hac
2071 817 2382 863 florentissima
2420 819 2597 862 civitate
2639 819 2731 861 sive
2767 818 2814 860 in
2857 830 2962 874 pro-

1623 871 1800 923 vinciis,
1859 871 1899 915 si
1950 873 2125 928 quando
2169 875 2328 918 absens
2381 886 2572 939 persona
2623 873 2758 917 citata
2809 876 2964 928 postea

1625 926 1894 982 apparuerit,
1923 940 2014 972 non
2042 929 2170 973 aliter
2199 931 2239 973 ei
2261 930 2509 973 iudicialem
2532 928 2728 972 aditum⁷
2756 929 2963 980 revelare,

1625 983 1703 1027 sed
1731 995 1903 1026 omnem
1933 983 2137 1028 claudere
2162 985 2201 1028 ei
2224 985 2487 1029 iudiciorum
2512 997 2564 1028 co
2597 984 2698 1032 iam,
2726 983 2814 1027 nisi
2841 984 2963 1039 prius

1626 1039 1774 1082 omnia
1810 1039 1972 1081 damna
2008 1040 2214 1083 restituat
2252 1053 2308 1084 ex
2344 1041 2546 1084 huiusmo
2579 1041 2595 1083 i
2623 1040 2727 1083 vitio
2758 1038 2962 1082 adversa-

1624 1094 1700 1138 riis
1739 1094 1832 1138 eius
1870 1093 2040 1138 inflicta
2079 1095 2168 1139 sive
2197 1095 2316 1139 circa
2351 1097 2577 1150 ingressus
2607 1096 2697 1139 litis
2727 1095 2818 1139 sive
2846 1095 2966 1138 circa

1625 1149 1866 1193 honoraria
1912 1149 2226 1194 advocatorum
2267 1151 2340 1195 vel
2383 1152 2493 1196 alias
2538 1163 2718 1203 causas,
2763 1162 2877 1206 quae
2918 1150 2966 1194 in

1625 1205 1788 1249 iudicio
1817 1209 2068 1249 vertuntur:
2099 1206 2401 1251 aestimatione
2429 1207 2587 1250 iudicis
2612 1206 2860 1262 quantitate
2890 1217 2964 1249 eo-

1625 1275 1724 1304 rum
1754 1260 2025 1312 definienda,
2063 1266 2297 1316 postquam
2333 1262 2527 1306 iuratum
2560 1263 2616 1305 ab
2646 1274 2699 1306 eo
2727 1261 2864 1305 fuerit
2892 1261 2967 1316 qui

1626 1317 1734 1360 fecit
1761 1328 1999 1372 expensas:
2017 1317 2372 1360 -exsecutoribus
2400 1317 2675 1373 negotiorum
2702 1317 2844 1361 modis
2873 1330 2965 1360 om-

1626 1373 1757 1416 nibus
1808 1372 2117 1428 dispositiones
2171 1384 2323 1415 eorum
2373 1373 2730 1428 adimplentibus:
2789 1372 2966 1417 scituris

1626 1428 1846 1472 iudicibus
1876 1428 2040 1472 nostris
2064 1431 2108 1471 et
2138 1428 2484 1480 exsecutoribus,
2516 1428 2647 1483 quod,
2678 1428 2716 1471 si
2737 1428 2824 1472 hoc
2837 1440 2966 1484 prae-

1626 1484 1907 1536 termiserint,
1934 1496 1989 1526 ex
2017 1496 2099 1527 sua
2123 1483 2376 1527 substantia
2396 1483 2645 1526 huiusmodi
2661 1483 2968 1527 detrimentum

1626 1540 1758 1583 laesis
1794 1540 2011 1583 resarcire
2051 1539 2384 1595 compellantur.
2455 1538 2573 1594 quod
2610 1543 2656 1582 et
2683 1539 2730 1582 in
2756 1538 2967 1594 pedaneis

1626 1595 1844 1639 iudicibus
1885 1595 2113 1639 observari
2143 1606 2396 1647 censemus,
2436 1595 2542 1638 licet
2568 1607 2659 1638 non
2702 1594 2847 1647 citati,
2890 1594 2969 1638 sed

1627 1651 1824 1707 requisiti
1858 1651 2100 1706 litigatores
2130 1652 2246 1694 mala
2275 1651 2548 1694 conscientia
2577 1650 2783 1694 afuerint.
2846 1648 2903 1694 D.
2933 1661 2971 1694 x

1627 1706 1670 1751 lc.
1716 1706 1851 1750 Mai.⁸
1903 1707 2295 1764 Constantinopoli
2341 1712 2456 1764 post
2505 1706 2788 1764 consulatum
2836 1705 2969 1749 Lam-

1623 1762 1754 1821 padii
1782 1768 1827 1806 et
1856 1760 2027 1807 Orestis
2054 1776 2117 1807 vv.
2151 1775 2213 1806 co.
2780 1765 2837 1814 [a.
2868 1763 2966 1813 531]

1685 1816 1751 1864 16
1796 1817 1941 1862 ‘’Idem
1981 1822 2034 1862 A.
2066 1817 2248 1861 Iuliano
2283 1832 2367 1876 pp.
2435 1817 2714 1874 Apertissimi
2750 1817 2860 1861 iuris
2901 1821 2970 1859 est

1627 1874 1761 1918 licere
1797 1873 2091 1928 litigatoribus
2127 1873 2316 1927 iudices,
2357 1878 2593 1928 antequam
2630 1873 2685 1917 lis
2722 1872 2968 1924 inchoetur,

1627 1941 1855 1983 recusare,
1888 1943 1986 1973 cum
2015 1930 2148 1973 etiam
2176 1941 2231 1972 ex
2258 1930 2540 1984 generalibus
2568 1928 2720 1972 formis
2750 1928 2968 1973 sublimis·

1629 1985 1765 2029 simae
1800 1990 1905 2029 tuae
1934 1984 2050 2029 sedis
2080 1987 2297 2029 statutum
2341 1991 2407 2028 est
2457 1985 2763 2029 necessitatem
2803 1983 2971 2040 imponi

1627 2041 1772 2084 iudice
1810 2046 2013 2085 recusato
2052 2041 2252 2097 partibus
2298 2041 2355 2084 ad
2395 2040 2616 2096 eligendos
2652 2040 2801 2084 venire
2849 2040 2968 2084 arbi-

1628 2101 1721 2141 tros
1761 2101 1805 2140 et
1842 2097 1926 2140 sub
1964 2096 2188 2140 audientia
2226 2109 2379 2140 eorum
2419 2109 2501 2140 sua
2527 2097 2626 2139 iura
2653 2107 2902 2152 proponere
2918 2096 2966 2140 ¹⁰.

1628 2152 1734 2196 licet
1772 2153 1886 2195 enim
1924 2165 1979 2195 ex
2007 2152 2223 2208 imperiali
2262 2153 2441 2196 numine
2469 2152 2601 2196 iudex
2630 2152 2857 2207 delegatus
2885 2155 2968 2205 est,

1628 2213 1776 2251 tamen
1821 2208 1924 2262 quia
1967 2208 2061 2251 sine
2105 2208 2356 2263 suspicione
2399 2220 2552 2251 omnes
2589 2208 2687 2252 lites
2728 2207 2968 2263 procedere

1629 2263 1757 2307 nobis
1797 2263 1943 2307 cordis
1985 2268 2072 2315 est,
2112 2263 2244 2306 liceat
2272 2264 2332 2316 ei,
2375 2264 2450 2319 qui
2486 2267 2742 2318 suspectum
2779 2262 2968 2307 iudicem

1628 2323 1770 2374 putat,
1801 2323 2038 2374 antequam
2067 2318 2121 2362 lis
2149 2319 2403 2372 inchoetur,
2444 2331 2544 2362 eum
2572 2330 2792 2373 recusare,
2831 2323 2884 2362 ut
2911 2318 2969 2362 ad

1629 2374 1764 2418 alium
1793 2379 1999 2418 curratur
2026 2374 2174 2418 libello
2204 2375 2498 2418 recusationis
2528 2374 2570 2418 ei
2596 2379 2825 2430 porrecto,
2869 2386 2969 2418 cum

1627 2435 1731 2529 gost
1765 2430 1888 2473 litem
1925 2434 2218 2473 contestatam
2253 2442 2396 2486 neque
2438 2430 2662 2486 appellare
2700 2442 2833 2486 posse
2865 2435 2970 2474 ante

1660 2486 1896 2529 efinitivam
1926 2486 2188 2529 sententiam
2225 2486 2312 2529 iam
2341 2487 2580 2530 statuimus
2598 2487 2632 2513 ¹¹
2670 2498 2814 2542 neque
2839 2498 2969 2530 recn-

1629 2554 1730 2585 sare
1758 2554 1903 2597 posse,
1934 2554 1990 2585 ne
2019 2541 2116 2586 lites
2146 2542 2192 2585 in
2220 2541 2438 2585 infinitum
2467 2541 2783 2586 extendantur:
2817 2541 2970 2586 eodem

1630 2598 1800 2641 scilicet
1843 2601 2102 2641 exsecutore
2138 2598 2446 2642 necessitatem
2487 2597 2689 2652 partibus
2735 2609 2815 2654 per
2851 2597 2968 2642 ordi-

1630 2654 1803 2696 narium
1839 2653 2030 2696 iudicem
2068 2658 2112 2697 et
2149 2666 2276 2697 omne
2316 2653 2442 2698 civile
2477 2653 2689 2696 auxilium
2717 2653 2970 2710 imponente

1630 2714 1675 2752 et
1717 2708 1909 2752 arbitros
1952 2709 2112 2764 eligere
2153 2714 2199 2753 et
2242 2709 2361 2764 apud
2404 2721 2480 2752 eos
2517 2709 2664 2752 venire
2707 2714 2752 2753 et
2788 2710 2853 2753 sic
2895 2709 2971 2755 lite

1630 2768 1874 2819 apparente
1889 2765 1935 2817 ¹²,
1977 2764 2105 2819 quasi
2142 2764 2302 2807 arbitri
2339 2764 2506 2807 fuerint
2542 2765 2599 2808 ab
2628 2764 2846 2830 imperiali
2876 2765 2969 2808 cul-

1630 2820 1746 2862 mine
1786 2819 1985 2874 delegati.
2056 2819 2173 2873 quod
2217 2824 2282 2872 et,
2324 2820 2360 2862 si
2398 2820 2454 2862 ab
2491 2820 2707 2875 imperiali
2742 2820 2970 2864 maiestate

1630 2874 1762 2917 iudex
1800 2874 2027 2928 delegatus
2067 2887 2156 2918 non
2196 2875 2274 2927 sit,
2313 2875 2392 2919 sed
2431 2875 2487 2918 ab
2517 2875 2603 2918 alio
2641 2875 2848 2928 culmine,
2888 2876 2968 2919 ob-

1630 2931 1769 2973 tinere
1807 2942 2050 2974 censemus.
2117 2930 2172 2974 D.
2203 2943 2241 2973 Χ
2272 2929 2315 2973 lc.
2356 2929 2537 2974 Mart.¹³
2579 2929 2970 2990 Constantinopoli

1621 2990 1737 3043 post
1764 2985 2044 3028 consulatum
2059 2984 2301 3043 Lampadii
2329 2991 2374 3030 et
2391 2985 2576 3030 Orestae
2603 2999 2667 3030 vv.
2685 2999 2746 3030 oo.
2793 2990 2849 3039 [a.
2867 2991 2966 3039 531]

1689 3037 1753 3085 17
1792 3039 1917 3084 Idem
1953 3043 2004 3084 A.
2048 3039 2246 3085 Iohanni
2307 3055 2358 3098 p.
2429 3041 2547 3085 Certi
2575 3041 2684 3085 iuris
2722 3046 2813 3095 est,
2851 3043 2970 3098 quod

1633 3108 1845 3140 concessa
1883 3100 1952 3139 est
1989 3096 2251 3140 militaribus
2323 3097 2541 3140 ominibus
2570 3097 2795 3142 iudicandi
2823 3097 2967 3142 facul-

1629 3157 1712 3195 tas.
1784 3151 1888 3206 quid
1927 3153 2042 3195 enim
2080 3153 2299 3196 obstaculi
2335 3157 2403 3196 est
2440 3151 2661 3207 homines,
2707 3153 2782 3208 qui
2819 3154 2967 3198 cuius-

1631 3208 1731 3251 dam
1759 3207 1823 3250 rei
1850 3208 2055 3262 peritiam
2085 3208 2262 3260 habent,
2294 3208 2348 3251 de
2378 3221 2431 3252 ea
2459 3208 2684 3252 iudicare?
2752 3221 2852 3252 cum
2881 3209 2967 3253 sci-

1628 3276 1726 3306 mus
1758 3268 1801 3306 et
1829 3262 2040 3307 militares
2069 3264 2354 3318 magistratus
2385 3267 2431 3308 et
2459 3276 2608 3307 omnes
2636 3263 2749 3308 tales
2770 3264 2967 3309 homines

1629 3331 1709 3374 per
1750 3331 1880 3364 usum
1920 3318 2209 3363 cottidianum
2246 3320 2334 3363 iam
2363 3331 2460 3364 esse
2499 3320 2793 3375 approbatos,
2834 3325 2888 3364 ut
2923 3325 2968 3364 et

1628 3373 1814 3417 audiant
1857 3375 1955 3418 lites
2000 3379 2045 3418 et
2088 3387 2163 3418 eas
2207 3375 2414 3419 dirimant
2455 3379 2500 3419 et
2535 3388 2616 3432 pro
2659 3376 2729 3420 sui
2771 3378 2818 3420 et
2859 3376 2966 3432 legis

1629 3430 1814 3474 scientia
1865 3430 2117 3475 huiusmodi
2166 3431 2526 3475 altercationibus
2569 3430 2679 3475 fines
2722 3431 2965 3487 imponant.

1628 3486 1683 3530 1).
1714 3485 1757 3529 lc.
1789 3485 1902 3530 Nov.
1946 3484 2335 3545 Constantinopoli
2365 3493 2478 3545 post
2515 3487 2796 3531 consulatum
2834 3486 2966 3531 Lam-

1619 3541 1757 3600 padii
1784 3547 1829 3586 et
1860 3540 2031 3586 Orestis
2059 3556 2123 3587 vv.
2155 3555 2216 3586 oo.
2775 3546 2832 3595 [a.
2866 3546 2963 3595 531]

1686 3595 1751 3644 18
1796 3595 1920 3640 Idem
1963 3598 2014 3640 A.
2056 3596 2256 3640 Iohanni
2285 3611 2372 3661 pp.
2448 3597 2556 3640 Cum
2593 3596 2796 3651 specialis
2831 3597 2966 3642 iudex

1628 3652 1718 3696 sive
1748 3652 1805 3696 ab
1835 3656 2023 3707 augusta
2050 3652 2231 3696 fortuna
2259 3664 2350 3696 sive
2388 3652 2445 3696 ab
2474 3652 2670 3696 iudiciali
2699 3653 2888 3697 culmine
2916 3653 2964 3697 in

1628 3708 1778 3764 aliqua
1812 3708 2061 3763 provincia,
2098 3708 2176 3752 ubi
2213 3707 2441 3752 incusatus
2481 3707 2619 3763 degit,
2657 3707 2787 3752 datus
2825 3709 2884 3752 sit
2919 3713 2965 3752 et

1628 3777 1717 3807 una
1753 3774 1858 3818 pars
1895 3767 2148 3819 suspectum
2188 3775 2288 3807 eum
2329 3763 2413 3807 sibi
2447 3775 2543 3807 esse
2579 3762 2709 3816 dicit,
2749 3775 2805 3808 ne
2833 3764 2964 3808 forsi-

1626 3824 1705 3862 tan
1733 3819 1916 3862 absente
1948 3831 2142 3883 persona
2176 3819 2334 3863 iudicis
2373 3822 2418 3862 et
2450 3819 2495 3862 in
2525 3819 2612 3862 alia
2641 3819 2818 3863 civitate
2846 3820 2963 3864 eius-

1626 3874 1724 3918 dem
1761 3874 2014 3929 provinciae
2055 3879 2352 3918 commorante
2394 3875 2681 3930 compellatur
2716 3875 2847 3929 longo
2890 3875 2960 3918 iti-

1625 3942 1732 3974 nere
1755 3941 1931 3973 emenso
1956 3931 2248 3974 recusationis
2272 3930 2468 3974 libellum
2490 3930 2531 3974 ei
2543 3930 2772 3974 incusatus
2789 3929 2961 3983 offerre,

1626 3984 1867 4038 sancimus,
1908 3985 1944 4028 si
1983 3985 2159 4041 quidem
2217 3990 2365 4029 raesto
2404 3990 2472 4029 est
2504 3997 2682 4042 praeses
2710 3985 2963 4040 provinciae

1624 4041 1671 4083 in
1708 4040 1784 4083 illa
1823 4041 2019 4093 civitate,
2058 4041 2136 4084 ubi
2205 4054 2229 4084 e
2269 4053 2322 4085 ea
2359 4053 2408 4084 re
2446 4040 2693 4094 dubitatur,
2737 4040 2869 4084 licere
2907 4041 2960 4093 ei,

1625 4095 1699 4150 qui
1738 4101 1990 4150 suspectum
2026 4097 2111 4140 sibi
2150 4109 2248 4140 esse
2275 4095 2464 4140 iudicem
2493 4095 2619 4148 dicit,
2658 4096 2673 4138 i
2705 4108 2803 4139 sum
2831 4108 2959 4152 prae-

1625 4151 1761 4194 sidem
1799 4151 1920 4195 adire
1959 4155 2004 4195 et
2042 4153 2126 4196 hoc
2164 4152 2312 4195 facere
2340 4153 2386 4195 in
2415 4151 2524 4195 actis
2553 4150 2669 4194 man·
2690 4154 2854 4195 estum:
2892 4151 2961 4196 sin

1624 4209 1772 4250 autem
1796 4219 1885 4250 non
1908 4210 1978 4251 est
1995 4207 2246 4251 moderator
2269 4207 2522 4263 provinciae
2545 4207 2591 4249 in
2616 4205 2817 4261 praefato
2843 4205 2959 4260 loco,

1623 4347 1678 4397 (9)
1711 4347 1827 4399 {unqe
1856 4348 1894 4399 2,
1927 4357 1986 4399 58,
2017 4356 2037 4388 2
2068 4356 2105 4388 et
2133 4362 2166 4388 c.
2198 4356 2236 4389 15
2267 4346 2305 4386 h.
2335 4353 2360 4386 e.
2474 4345 2549 4396 (ιο)
2578 4357 2829 4398 praeponere
2850 4343 2959 4387 PCR

1622 4403 1691 4454 (11)
1723 4418 1755 4443 c.
1788 4410 1827 4443 12
1861 4408 1879 4450 ὅ
1914 4412 1929 4444 1
1962 4405 1996 4444 h.
2030 4411 2056 4444 t.
2088 4412 2125 4444 et
2153 4405 2192 4453 7,
2222 4411 2280 4452 62,
2311 4409 2355 4443 36
2490 4401 2563 4451 (12)
2594 4400 2708 4441 litem
2737 4404 2959 4453 apparente

1623 4455 1763 4497 P⁰It⁰z
1799 4473 1873 4498 scr.
1906 4467 1978 4499 aut
2005 4474 2090 4500 cum
2122 4460 2211 4499 dete.
2243 4457 2358 4498 litem
2387 4458 2609 4507 apparente
2640 4465 2710 4497 aut
2738 4455 2805 4495 liti
2834 4468 2957 4508 appa·

1850 4515 1925 4563 (13)
1953 4515 2010 4554 sic
2040 4515 2088 4565 P,
2119 4513 2157 4554 d.
2190 4525 2218 4553 v
2247 4510 2328 4552 kal.
2357 4510 2468 4552 maii.
2501 4511 2601 4555 Hal.

2614 128 2691 168 DE
2727 128 2957 168 mmcns
2971 138 2974 141 ’
3052 154 3055 162 ,
