3138 4776
276 186 322 242 11
360 191 391 240 4
1600 168 1668 261 96

270 339 408 380 maior
435 335 540 388 fuit,
581 334 695 389 quod
727 328 1020 385 exceptionem
1050 330 1169 386 pacti
1198 335 1241 375 et
1270 330 1486 373 actionem
1516 327 1593 370 da-

269 398 413 435 torum
441 391 627 433 habeas:
669 389 782 444 quod
811 387 846 429 si
876 384 983 426 nihil
1013 386 1099 428 tale
1130 387 1350 436 convenit,
1395 383 1593 439 exceptio

268 447 371 498 tibi,
411 459 497 489 non
528 446 656 488 etiam
687 454 834 486 eorum
864 451 975 494 quae
1004 440 1160 484 dedisti
1187 440 1387 497 repetitio
1420 451 1595 493 compe-

268 503 347 544 tit¹
400 501 634 545 securitate
670 499 811 553 parta.
886 493 980 538 PP.
1020 507 1050 538 V
1082 495 1140 539 id.
1172 495 1269 539 Iun.
1299 495 1414 552 ipsis
1440 495 1531 537 ΑΛ.
1571 506 1602 536 V

268 564 310 600 et
340 568 430 599 IIII
457 568 598 598 conss.
1408 553 1464 602 [a.
1497 552 1594 601 293]

329 608 389 656 18
430 609 551 652 Idem
588 607 679 650 AA.
719 611 762 648 et
802 602 878 647 CC.
930 602 1255 649 Valentiniano.
1335 605 1595 661 Transigere

268 667 335 710 vel
364 663 527 719 pacisci
557 662 608 704 de
639 660 817 704 crimine
848 659 1027 714 capitali
1057 673 1162 704 exce
1194 665 1239 703 to
1267 659 1481 704 adulterio
1506 673 1596 704 non

266 721 530 777 prohibitum
567 723 644 759 est.
714 716 758 759 in
796 714 894 758 aliis
925 719 1070 757 autem
1099 729 1161 770 pu
1194 716 1289 759 licis
1325 716 1594 765 criminibus,

268 789 378 831 quae
407 772 625 828 sanguinis
652 782 840 836 poenam
870 783 958 813 non
988 770 1203 825 ingerunt,
1233 772 1477 827 transigere
1506 785 1594 815 non

266 833 368 874 licet
412 830 522 872 citra
562 827 663 870 falffl
704 826 1041 869 accusationem.
1104 826 1148 870 S.
1181 838 1250 870 III
1274 826 1316 870 lc.
1349 826 1470 886 Sept.
1501 828 1593 871 ΑΑ.

266 899 406 930 conss,
1408 887 1463 936 [a.
1497 887 1593 935 293]

326 938 387 985 19
418 938 540 982 Idem
568 938 658 980 ΑΛ.
691 943 735 981 et
765 935 841 981 00.
874 935 1078 981 Irenaeo.
1146 937 1236 981 Sub
1266 943 1499 994 praetextu
1528 940 1594 981 in-

263 994 490 1040 strumenti
518 994 647 1048 post²
675 994 838 1048 reperti
866 993 1211 1037 transactionem
1240 995 1354 1038 bona
1383 994 1468 1039 fide
1497 995 1594 1036 fini-

263 1058 351 1094 tam
381 1049 570 1093 rescindi
605 1049 704 1091 iura
733 1062 821 1092 non
850 1049 1092 1104 patiuntur.
1162 1062 1268 1093 sane
1299 1051 1334 1093 si
1365 1051 1488 1094 eam³
1517 1063 1596 1106 per

263 1120 309 1150 se
352 1106 418 1149 vel
459 1118 539 1160 per
580 1104 714 1147 alium
758 1105 1036 1157 subtractis⁴,
1083 1105 1240 1160 quibus
1279 1107 1441 1150 veritas
1471 1105 1596 1160 argui

262 1162 426 1216 potuit,
467 1160 731 1204 decisionem
769 1161 858 1204 litis
899 1161 1134 1204 extorsisse
1163 1162 1396 1216 probetur,
1433 1162 1469 1205 si
1501 1162 1595 1217 qui-

263 1219 359 1260 dem
395 1217 509 1260 actio
546 1221 770 1271 superest,
809 1216 1108 1271 replicationis
1156 1218 1317 1260 auxilio
1363 1217 1450 1260 doli
1494 1217 1596 1259 mali

261 1273 380 1328 pacti
409 1271 609 1327 exceptio
639 1277 897 1325 removetur,
939 1272 976 1315 si
1007 1285 1107 1315 vero
1145 1273 1230 1315 iam
1260 1277 1485 1328 perempta
1516 1277 1594 1324 est,

261 1329 374 1371 infra
389 1329 674 1371 constitutum
691 1332 864 1383 tempus
879 1332 1048 1370 tantum
1062 1328 1279 1371 actionem
1292 1329 1344 1371 de
1359 1329 1457 1372 dolo
1469 1334 1596 1383 potes

262 1397 477 1427 exercere.
532 1382 576 1426 S.
604 1395 731 1426 XIIII
752 1382 795 1426 lc.
815 1382 907 1428 Oct.
936 1384 1072 1426 Sirmi
1086 1384 1177 1426 AA.
1204 1397 1345 1427 conss.
1423 1389 1478 1436 [a.
1498 1388 1594 1436 293]

318 1437 381 1485 20
428 1439 552 1482 Idem
595 1439 687 1482 AA.
732 1444 777 1482 et
821 1437 898 1482 00.
942 1439 1175 1482 Antistiae.
1249 1439 1349 1482 Non
1385 1440 1596 1483 minorem

262 1495 570 1538 auctoritatem
615 1493 964 1538 transactionum
1014 1507 1144 1549 quam
1192 1508 1338 1538 rerum
1381 1495 1595 1538 iudicata-

261 1565 356 1594 rum
388 1563 484 1594 esse
514 1555 637 1594 recta
665 1551 836 1593 ratione
874 1550 1064 1605 placuit,
1106 1550 1143 1593 si
1179 1551 1351 1606 quidem
1390 1551 1498 1594 nihil
1534 1551 1597 1594 ita

259 1606 364 1649 fidei
408 1607 610 1661 congruit
651 1606 888 1658 humanae,
934 1619 1063 1662 quam
1103 1618 1155 1649 ea
1195 1620 1307 1662 quae
1335 1607 1597 1662 placuerant

262 1662 485 1705 custodiri.
554 1675 634 1706 nec
665 1663 777 1705 enim
807 1661 864 1705 ad
893 1662 1230 1705 rescindendum
1259 1668 1439 1718 pactum
1469 1662 1594 1707 suffi-

263 1719 333 1770 cit,
365 1718 482 1774 quod
511 1718 596 1762 hoc
626 1717 821 1761 secunda
849 1717 959 1760 hora
990 1718 1131 1761 noctis
1161 1718 1464 1763 intercessisse
1492 1732 1595 1774 pro-

259 1787 418 1830 ponas,
466 1787 565 1817 cum
607 1774 776 1817 nullum
817 1778 989 1829 tempus
1038 1787 1172 1818 sanae
1219 1775 1377 1818 mentis
1420 1774 1596 1818 maioris

290 1830 451 1885 uinque
481 1834 525 1872 et
552 1830 703 1885 viginti
734 1829 858 1872 annis
879 1842 1142 1874 consensum
1166 1830 1381 1886 repudiet.
1436 1829 1482 1874 S.
1509 1842 1599 1874 IIII

260 1845 302 1928 ἦ.
338 1884 429 1930 Oct.
461 1886 552 1928 AA.
585 1899 728 1929 conss.
1407 1886 1464 1943 [a.
1498 1885 1595 1941 293]

318 1939 377 1987 21
423 1939 548 1985 Idem
576 1941 667 1985 ΑΛ.
708 1945 752 1984 et
783 1939 860 1984 00.
901 1938 1176 1984 Geminiano.
1237 1941 1347 1984 Cum
1379 1954 1443 1994 ea,
1485 1954 1597 1997 quae

259 1997 569 2040 transactionis
605 2009 741 2040 causa
777 1996 872 2040 dari
902 2002 978 2039 aut
1005 1996 1186 2040 retineri
1215 1997 1439 2049 convenit,
1479 1998 1597 2041 velut

260 2058 499 2108 emptorem
551 2066 649 2096 eum
702 2065 830 2107 quem
884 2053 1085 2108 accipere
1125 2052 1355 2108 placuerat
1398 2055 1597 2097 obtinere

260 2109 598 2164 praescribitur,
642 2109 710 2151 his
755 2121 866 2163 quae
908 2108 1109 2152 simulate
1147 2114 1359 2164 geruntur
1407 2123 1488 2164 pro
1528 2110 1595 2151 in-

259 2165 387 2208 fectis
425 2165 587 2208 habitis
627 2164 794 2207 frustra
822 2164 914 2207 ficti
953 2164 1084 2219 pretii
1113 2165 1364 2219 postulatur
1393 2178 1595 2208 numera-

261 2221 335 2264 tio.
397 2219 441 2264 S.
482 2232 512 2263 V
535 2234 638 2263 non.
675 2220 765 2264 Oct.
797 2220 815 2262 i
847 2221 910 2263 sis
938 2221 1028 2262 ΑΑ.
1061 2233 1204 2263 conss.
1408 2225 1464 2273 [a.
1498 2224 1595 2272 293]

317 2272 384 2321 22
415 2274 540 2319 Idem
568 2276 660 2319 AA.
691 2281 736 2318 et
766 2274 803 2319 0
835 2310 843 2318 .
870 2275 1150 2319 Alexandro.
1209 2275 1255 2319 Si
1284 2276 1423 2320 maior
1451 2281 1596 2319 trans-

261 2331 399 2386 egisti,
440 2331 497 2375 ad
534 2331 866 2375 rescindendam
902 2331 1245 2374 transactionem
1277 2331 1330 2375 de
1360 2332 1460 2375 dolo
1493 2345 1596 2375 con—

260 2389 436 2431 testatio
467 2400 554 2430 non
587 2387 763 2430 sufficit.
825 2386 869 2430 S.
901 2386 943 2430 lc.
961 2386 1066 2430 Dec.
1090 2387 1183 2430 AA.
1214 2400 1356 2430 conss.
1418 2392 1473 2439 [a.
1499 2391 1595 2438 293]

318 2440 381 2489 23
415 2442 539 2486 Idem
567 2444 656 2486 ΑΛ.
689 2449 735 2486 et
764 2441 840 2486 00.
876 2442 1078 2486 Tatiano.
1144 2442 1238 2485 Nec
1278 2443 1462 2486 intentio
1503 2455 1595 2485 cre-

261 2499 452 2542 ditorum
481 2497 807 2551 Archimedori,
854 2498 926 2541 cui
964 2498 1074 2541 alios
1111 2498 1379 2542 successisse
1416 2498 1596 2554 profite-

259 2555 342 2607 ris,
387 2555 425 2598 si
466 2555 680 2609 obligatus
725 2568 805 2610 pro
837 2567 887 2597 eo
927 2567 1016 2597 non
1055 2553 1201 2606 fuisti,
1246 2559 1396 2597 tenere
1435 2558 1594 2610 potest.

261 2611 337 2654 sed
375 2611 486 2653 haec
521 2611 690 2665 integro
727 2610 900 2664 negotio
938 2610 1121 2652 tractari
1166 2614 1448 2653 convenerat:
1495 2623 1596 2653 nam

263 2680 360 2709 cum
396 2667 481 2709 iam
521 2666 819 2720 quaestionem
860 2666 1158 2708 transactione
1196 2665 1388 2709 decisam
1426 2670 1470 2708 et
1499 2678 1526 2708 a
1554 2671 1598 2708 te

262 2722 356 2764 dari
384 2722 589 2775 placitam
619 2726 893 2763 numeratam
923 2722 1152 2775 pecuniam
1182 2734 1428 2777 proponas,
1466 2722 1597 2765 huius

262 2777 442 2819 indebiti
471 2777 604 2819 soluti
632 2780 863 2831 praetextu
901 2777 1098 2830 improbe
1127 2777 1207 2820 tibi
1235 2777 1491 2833 petitionem
1522 2777 1596 2819 de-

265 2831 383 2874 cerni
424 2832 638 2886 postulas,
681 2845 793 2881 cum,
839 2831 921 2874 etsi
963 2835 1136 2874 tantum
1177 2832 1222 2874 in
1268 2832 1597 2886 stipulationem

263 2886 421 2929 fuisset
449 2886 660 2937 deducta,
697 2886 882 2928 indebiti
951 2887 1124 2930 romissi
1152 2887 1394 2930 velamento
1425 2887 1598 2930 defendi

267 2955 353 2985 non
382 2954 548 2996 posses.
607 2940 660 2984 D.
701 2953 796 2984 VIII
822 2942 879 2998 id.
963 2947 1046 2984 art.
1082 2941 1158 2985 00.
1192 2955 1334 2986 conss.
1411 2947 1467 2994 [a.
1500 2946 1596 2994 294]

322 2994 387 3041 24
426 2995 549 3039 Idem
579 2996 670 3038 AA.
714 3002 758 3039 et
798 2995 875 3040 00.
928 2996 1169 3040 Victorino.
1242 2997 1289 3041 Si
1332 2998 1505 3052 quidem
1545 3010 1599 3040 ex

267 3064 401 3095 causa
442 3051 753 3095 transactionis
795 3052 990 3108 acceptis
1029 3052 1097 3096 his
1145 3065 1257 3108 quae
1307 3053 1597 3096 instrumento

266 3108 544 3150 continentur
573 3107 684 3149 nihil
713 3107 897 3161 amplius
960 3108 1018 3151 eti
1055 3108 1271 3160 convenit,
1302 3109 1598 3152 adversariam

265 3167 384 3205 tuam
414 3163 683 3218 exceptionis
713 3163 874 3206 auxilio
906 3122 1078 3207 dgfendi
1109 3164 1340 3219 perspicis.
1399 3165 1467 3207 sin
1496 3177 1597 3208 vero

268 3224 427 3261 certam
459 3219 743 3274 quantitatem
781 3219 906 3273 quasi
943 3219 1080 3262 solam
1109 3220 1166 3262 ab
1197 3232 1248 3263 ea
1277 3219 1468 3263 debitam
1497 3220 1596 3263 red-

265 3274 365 3318 dere
395 3287 442 3318 se
472 3274 630 3317 debere
659 3275 752 3317 sine
781 3274 869 3317 litis
901 3274 1122 3318 decisione
1151 3275 1354 3319 confessa
1383 3280 1470 3327 est,
1508 3281 1597 3318 tam

264 3343 358 3372 eam
403 3343 530 3384 quam
574 3329 791 3373 residuam
835 3330 970 3373 debiti
1044 3334 1182 3374 artem
1230 3335 1380 3386 petere
1424 3331 1598 3375 minime

264 3386 521 3439 prohiberis.
569 3387 613 3428 S.
641 3389 692 3427 V⁵
716 3399 818 3428 non.
836 3386 978 3458 April.
997 3343 1134 3429 Sirmi
1152 3384 1229 3430 00.
1247 3399 1389 3430 conss.
1423 3391 1479 3439 [a.
1500 3390 1596 3439 294]

322 3438 386 3485 25
427 3439 551 3484 Idem
587 3441 680 3483 ΑΑ.
722 3447 765 3484 et
806 3441 882 3484 CL.
924 3440 1168 3486 Marcellae
1206 3448 1250 3486 et
1281 3441 1489 3499 Cyrillae.
1550 3443 1597 3486 Si

265 3497 451 3539 maiores
491 3496 679 3551 quinque
717 3500 760 3539 et
795 3496 944 3551 viginti
983 3497 1110 3540 annis
1154 3510 1252 3540 cum
1302 3504 1463 3554 patruo
1508 3498 1597 3542 sive

266 3552 481 3594 avunculo
511 3557 656 3594 vestro
686 3553 960 3607 transegistis
991 3553 1056 3595 vel
1098 3553 1136 3595 ei
1167 3553 1315 3596 debita
1345 3553 1595 3598 donationis

267 3619 400 3650 causa
430 3608 522 3650 sine
550 3607 699 3661 aliqua
729 3607 982 3651 condicione
1017 3609 1259 3661 remisistis,
1298 3623 1387 3654 non
1415 3610 1595 3663 idcirco,

266 3663 381 3716 quod
410 3662 494 3706 hoc
522 3663 650 3704 huius
680 3663 934 3706 hereditatis
975 3664 1217 3718 captandae
1254 3678 1410 3717 causa,
1447 3666 1493 3709 id
1529 3670 1597 3709 est

265 3730 342 3772 spe
371 3718 545 3761 futurae
574 3718 877 3771 successionis,
907 3732 982 3763 vos
1013 3719 1171 3763 fecisse
1195 3721 1466 3776 proponatis.
1496 3721 1594 3765 aliis

264 3774 303 3816 ei
341 3774 678 3818 succedentibus
715 3774 952 3817 instaurari
990 3775 1115 3819 finita
1153 3775 1325 3820 debent.
1386 3775 1430 3820 S.
1462 3788 1509 3820 II
1533 3776 1593 3820 id.

264 3829 406 3886 April.
440 3828 517 3873 00.
547 3842 690 3874 conss.
1409 3836 1464 3885 [a.
1497 3835 1594 3885 294]

322 3882 386 3930 26
417 3884 546 3928 Idem
572 3886 666 3928 AA.
705 3889 749 3928 et
779 3883 855 3929 00.
886 3884 1205 3943 Dionysiadae.
1276 3887 1596 3932 Transactione

264 3940 413 3983 matris
457 3940 570 3984 filios
616 3940 707 3983 eius
755 3954 841 3984 non
884 3954 1015 3998 posse
1058 3954 1204 3986 servos
1244 3943 1338 3986 fieri
1381 3944 1595 3988 notissimi

264 3995 370 4038 iuris
401 4000 477 4039 est.
537 3996 580 4039 S.
612 3996 669 4039 id.
701 3997 842 4054 April.
877 3996 954 4041 00,
986 4010 1128 4042 consa
1409 4003 1464 4052 [a.
1497 4003 1594 4053 294]

322 4048 383 4096 27
417 4051 540 4095 Idem
569 4052 660 4095 AA.
692 4060 735 4095 et
768 4051 843 4096 00.
879 4051 1047 4096 Catoni.
1114 4053 1273 4097 Sanam
1303 4059 1461 4107 mente,
1490 4055 1597 4099 licet

266 4195 311 4239 (ι)
342 4192 401 4232 sic
433 4190 475 4240 0,
505 4194 705 4243 competat
734 4193 772 4233 R
872 4195 925 4241 (2l
954 4194 1014 4232 sic
1039 4193 1091 4244 R,
1120 4196 1212 4245 post
1238 4194 1503 4235 instrumenti
1522 4194 1600 4237 PG

266 4251 318 4298 (3)
348 4259 434 4287 eam
475 4249 581 4300 refer
613 4249 668 4287 ad
696 4250 983 4299 adversariam,
1021 4251 1130 4289 cuius
1160 4253 1300 4291 mentio
1330 4253 1370 4292 in
1397 4251 1593 4304 praemis-

263 4305 319 4343 sis
349 4311 499 4343 resecta
529 4312 583 4342 est
613 4318 639 4342 a
669 4304 989 4355 compilatoribus
1125 4307 1177 4355 (4)
1207 4308 1265 4347 sic
1293 4306 1408 4356 PR‘,
1437 4305 1592 4346 instru-

265 4358 410 4397 mentis
440 4360 511 4399 ins.
550 4356 641 4398 CBD
753 4359 806 4409 (5)
837 4371 870 4398 11
898 4359 1114 4400 Mommsen
1228 4363 1280 4413 (6)
1312 4374 1452 4401 sanam
1480 4374 1533 4401 m.
1563 4360 1592 4403 1.

267 4426 424 4463 aegram
453 4415 601 4465 scripsi
627 4428 709 4454 cum
727 4414 769 4453 B
801 4415 853 4459 (κ.
882 4417 959 4465 m),
990 4426 1088 4454 sana
1115 4428 1168 4455 m.
1198 4414 1225 4455 l.
1257 4429 1353 4469 egra
1381 4417 1466 4468 M‘2,
1495 4428 1594 4456 sana

268 4481 318 4506 m.
345 4468 371 4507 l.
398 4481 492 4519 egro
507 4470 557 4521 A,
587 4481 683 4508 sane
711 4481 764 4508 m.
794 4469 821 4508 l.
852 4482 1019 4521 aegrum
1054 4469 1097 4521 P,
1127 4483 1269 4511 sanum
1297 4485 1352 4514 m.
1380 4470 1407 4512 l.
1425 4484 1592 4524 aegrum

271 4520 425 4563 Pbc'lt:
466 4526 580 4565 etiam
610 4524 746 4564 catoni
776 4534 876 4565 recte
904 4541 947 4566 se
976 4526 1104 4573 habet,
1140 4541 1222 4566 cum
1253 4530 1376 4568 virum
1402 4543 1480 4581 pro
1511 4542 1592 4568 mu-

273 4577 364 4616 liere
389 4594 525 4630 preces
555 4581 741 4621 obtulisse
770 4589 973 4632 supponat
992 4580 1032 4620 T
1026 4581 1228 4622 halelaens

272 4630 486 4672 instaurari
524 4635 557 4675 0
638 4637 691 4685 (8)
723 4634 842 4675 Cebri
875 4635 1079 4688 Boeckinq

2387 188 2472 232 DE⁴
2497 189 3002 236 TRANSAchmBUs

1677 327 1879 380 aegram⁶
1930 340 2112 383 corpore
2153 336 2272 374 recte
2316 331 2558 384 transigere
2600 331 2882 376 manifestum
2924 337 3004 387 est,

1676 395 1757 425 nec
1801 383 2026 436 postulare
2067 386 2280 430 debueras
2332 386 2533 441 improbo
2583 385 2798 431 desiderio
2841 388 3006 444 placita
3079 372 3117 415 ¹

1676 437 1869 480 rescindi
1884 438 2130 485 valitudinis
2145 443 2341 498 corporis
2360 443 2567 484 adversae
2581 444 2837 487 velamento.
2865 443 2911 487 S.
2936 455 3006 488 VII

1676 493 1734 535 id.
1767 491 1876 535 Mai.
1910 492 1987 537 00.
2018 508 2160 541 conss.
2819 503 2876 551 [a.
2907 502 3004 551 294]

1733 543 1798 593 28
1830 546 1955 591 Idem
1974 549 2066 594 AA.
2096 558 2139 595 et
2169 551 2246 596 00.
2272 551 2572 618 Sapparutae.
2631 551 2730 596 Sive
2758 553 2877 608 apud
2906 557 3007 598 acta

1676 603 1860 647 rectoris
1895 605 2144 659 provinciae
2183 608 2273 652 sive
2312 621 2406 652 sine
2445 608 2578 661 actis,
2617 608 2837 663 scriptura
2873 609 3007 653 inter·
3086 637 3087 640 =

1677 659 1857 702 cedente
1885 659 1953 702 vel
1982 673 2083 713 non,
2111 664 2353 707 transactio
2378 663 2637 718 interposita
2660 669 2741 715 est,
2772 663 2887 708 hanc
2915 676 3007 708 ser-

1680 720 1695 757 1
1745 714 1840 756 vari
1871 716 2084 760 convenit.
2128 717 2214 762 Sed
2237 720 2454 775 quoniam,
2485 722 2538 762 ut
2562 724 2730 761 certum
2757 719 2861 774 quid
2891 720 3007 763 acci-

1675 771 1784 825 pias,
1817 771 2069 815 convenisse
2096 777 2154 826 te,
2184 774 2285 818 licet
2315 775 2409 818 sine
2432 775 2664 829 scriptura,
2695 777 2905 829 proponis
2927 787 3010 818 nec

1675 826 1804 868 huius
1842 826 1907 868 rei
1947 838 2082 870 causa
2117 830 2445 885 stipulationem
2474 835 2669 873 secutam
2699 841 2817 883 esse,
2858 842 3008 886 quam-

1675 882 1737 924 vis
1783 893 1837 924 ex
1881 885 2012 936 pacto
2056 897 2144 927 non
2173 886 2319 940 potuit
2347 886 2471 929 nasci
2500 885 2636 938 actio,
2681 888 2828 928 tamen
2865 898 3011 930 rerum

1674 936 1967 981 vindicatione
2018 939 2258 993 pendente,
2313 941 2351 984 si
2395 941 2594 996 exceptio
2646 941 2765 996 pacti
2809 940 3012 997 opposita

1675 992 1829 1044 fuerit,
1869 992 1958 1035 doli
1995 994 2098 1036 mali
2126 995 2194 1038 vel
2232 996 2277 1039 in
2311 996 2477 1040 factum
2505 996 2790 1051 replicatione
2820 1008 2902 1040 usa
2929 1008 3008 1052 po-

1676 1048 1781 1090 teris
1813 1047 1868 1090 ad
1898 1048 2003 1092 obse
2034 1050 2154 1092 nium
2183 1051 2446 1107 placitorum
2474 1052 2769 1095 adversarium
2809 1063 3009 1107 urguere.

2825 1112 2881 1160 [a.
2914 1111 3011 1160 294]

2647 1163 2737 1206 Sub
2781 1166 3014 1218 praetextu

1677 1214 1920 1270 specierum
1973 1220 2075 1270 post
2130 1222 2403 1282 repertarum
2464 1219 2656 1274 generali
2713 1219 3014 1262 transactione

1675 1270 1801 1313 finita
1842 1270 2033 1313 rescindi
2074 1272 2310 1326 proh1bent
2350 1273 2463 1316 iura.
2542 1287 2664 1317 error
2706 1279 2852 1318 autem
2896 1273 3015 1317 circa

1676 1326 1992 1382 proprietatem
2034 1327 2099 1369 rei
2140 1328 2259 1383 apud
2302 1328 2436 1371 alium
2473 1334 2596 1372 extra
2626 1342 2838 1384 personas
2867 1334 3013 1373 trans-

1675 1382 1885 1437 igentium
1914 1387 2112 1437 tempore
2140 1383 2452 1426 transactionis
2482 1385 2749 1428 constitutae
2777 1385 2886 1429 nihil
2915 1389 3015 1442 pot-

1678 1443 1744 1481 est
1773 1450 1946 1481 nocere-
2006 1437 2051 1481 S.
2085 1449 2175 1481 IIII
2201 1438 2244 1481 lc.
2280 1438 2372 1483 Oct.
2408 1438 2484 1483 00.
2517 1453 2660 1483 conss.
2827 1444 2885 1493 [a.
2914 1443 3014 1492 294]

1734 1491 1799 1540 30
1844 1493 1970 1537 Idem
2012 1494 2104 1537 AA.
2161 1500 2206 1537 et
2250 1492 2328 1538 00.
2373 1495 2618 1538 Antonino.
2698 1495 3016 1540 Transactione

1677 1550 1823 1602 finita,
1865 1562 1964 1592 cum
2001 1562 2057 1593 ex
2096 1550 2299 1605 partibus
2338 1550 2427 1593 tuis
2465 1550 2602 1604 magis
2633 1550 2781 1594 dolum
2807 1551 3015 1596 interces-

1677 1607 1787 1648 sisse
1817 1619 1947 1660 quam
1978 1618 2150 1658 eorum,
2191 1610 2347 1649 contra
2377 1619 2486 1661 quos
2516 1619 2668 1661 preces
2699 1606 2872 1659 fundis,
2911 1619 3016 1651 con-

1676 1661 1867 1712 fitearis,
1908 1662 2186 1704 instaurare⁷
2224 1674 2356 1716 grave
2396 1675 2477 1704 nec
2507 1675 2595 1704 non
2627 1661 2907 1706 criminosum
2934 1662 3017 1706 tibi

1678 1720 1758 1760 est.
1819 1715 1863 1760 S.
1906 1729 1932 1760 V
1956 1717 2014 1760 id.
2051 1718 2142 1762 Oct.
2177 1715 2332 1761 Crevi⁸
2365 1716 2441 1761 00.
2474 1731 2616 1761 conss.
2831 1722 2887 1771 [a.
2919 1721 3016 1772 294]

1735 1769 1795 1819 31
1841 1771 1965 1816 Idem
1994 1773 2085 1816 AA.
2132 1778 2178 1816 et
2226 1771 2303 1816 CC.
2347 1771 2559 1816 Proculo.
2633 1773 2678 1818 Si
2722 1773 2776 1817 de
2815 1778 2937 1818 certa
2969 1786 3019 1818 re

1677 1834 1810 1883 pacto
1855 1828 2168 1872 transactionis
2212 1829 2474 1884 interposito
2524 1828 2610 1872 hoc
2655 1830 3017 1885 comprehensum

1678 1889 1774 1927 erat
1804 1884 1925 1927 ‘nihil
1956 1885 2142 1940 amplius
2173 1883 2290 1939 peti’‚
2324 1885 2405 1928 etsi
2434 1898 2522 1928 non
2552 1884 2748 1928 additum
2773 1885 2922 1929 fuerat
2952 1888 3017 1929 ‘eo

1677 1940 1880 1991 nomine’,
1907 1940 1959 1983 de
1993 1940 2151 1983 ceteris
2191 1940 2524 1995 quaestionibus
2563 1941 2734 1995 integra
2762 1944 3020 1996 permaneat

1678 1997 1807 2039 actio.
1853 1995 1945 2039 PP.
1965 2008 2054 2039 IIII
2081 1996 2139 2039 id.
2161 1993 2345 2040 Oct.⁹B
2379 1996 2520 2039 zantii
2538 1994 2615 2040 00.
2647 2009 2788 2040 conss.
2832 2000 2889 2050 [a.
2921 1999 3018 2049 294]

1734 2049 1800 2098 32
1831 2050 1957 2095 Idem
1985 2051 2076 2094 AA.
2122 2057 2167 2095 et
2207 2050 2283 2095 00.
2349 2051 2500 2109 yrillo.
2573 2051 2619 2095 Si
2665 2065 2801 2095 causa
2844 2052 3020 2108 cognita

1676 2108 1852 2163 prolata
1882 2107 2111 2160 sententia,
2142 2107 2258 2151 sicut
2285 2107 2380 2150 iure
2408 2107 2620 2150 traditum
2647 2115 2727 2160 est,
2759 2108 3019 2163 appellatio-

1678 2164 1746 2206 nis
1776 2163 1843 2206 vel
1872 2164 1915 2206 in
1943 2163 2160 2218 integrum
2183 2163 2470 2206 restitutionis
2498 2163 2787 2207 sollemnitate
2804 2176 3022 2219 suspensa

1678 2232 1766 2262 non
1797 2224 1876 2269 est,
1917 2231 2052 2274 super
2079 2219 2274 2262 iudicato
2304 2219 2471 2262 frustra
2498 2220 2681 2274 transigi
2711 2233 2799 2263 non
2827 2226 2896 2263 est
2925 2233 2953 2264 o
2982 2219 3019 2263 i-

1678 2275 1820 2318 nionis
1860 2274 2069 2317 incertae.
2141 2274 2327 2328 proinde
2366 2275 2403 2317 si
2442 2287 2531 2318 non
2560 2275 2796 2330 Aquiliana
2833 2274 2952 2330 stipu
2970 2287 3020 2318 a·

1678 2331 1796 2374 tione
1836 2333 1882 2373 et
1918 2330 2257 2384 acceptilatione
2298 2330 2538 2373 subsecuta
2578 2333 2898 2386 competentem
2938 2329 3021 2374 tibi

1679 2386 1896 2428 actionem
1927 2385 2173 2440 peremisti,
2214 2398 2394 2440 praeses
2423 2385 2677 2440 provinciae
2706 2386 2871 2430 usitato
2900 2398 3020 2430 more

1678 2441 1824 2496 legum
1861 2441 1995 2484 rebus
2025 2441 2194 2496 pridem
2223 2441 2431 2497 iudicatis
2469 2440 2672 2484 effectum
2702 2441 2913 2485 adhibere
2942 2455 3018 2486 cu-

1678 2496 1810 2540 rabit.
1872 2496 1916 2539 S.
1956 2508 2050 2539 VIII
2075 2495 2118 2540 lc.
2151 2496 2263 2541 Nov.
2299 2497 2376 2540 00.
2409 2510 2552 2540 conss.
2832 2502 2888 2550 [a.
2916 2501 3018 2550 294]

1735 2549 1800 2598 33
1849 2549 1951 2606 (34)
1993 2550 2117 2595 Idem
2160 2552 2252 2595 AA.
2299 2557 2345 2596 et
2389 2550 2465 2596 00.
2513 2551 2670 2596 Euchr
2702 2553 2783 2597 sio.
2851 2552 2898 2597 Si
2937 2565 3020 2611 pro

1678 2608 1814 2651 fundo
1847 2621 1974 2662 quem
1996 2609 2180 2663 petebas
2211 2607 2440 2663 praedium
2481 2609 2612 2652 certis
2683 2608 2811 2653 nibus
2833 2609 3020 2653 liberum

1679 2664 1774 2706 dari
1817 2663 2131 2708 transactionis
2178 2677 2313 2708 causa
2356 2664 2542 2719 placuit,
2599 2678 2679 2708 nec
2732 2677 2783 2708 eo
2825 2669 3020 2721 tempore

1679 2721 1820 2762 minor
1860 2720 1988 2763 annis
2029 2719 2178 2774 viginti
2218 2720 2410 2775 quinque
2449 2720 2593 2772 fuisti,
2631 2721 2735 2764 licet
2769 2721 2855 2765 hoc
2889 2733 3019 2776 prae-

1680 2775 1798 2817 dium
1837 2775 2075 2829 obligatum
2117 2778 2222 2830 post
2264 2776 2330 2818 vel
2372 2776 2561 2818 alienum
2601 2789 2682 2831 pro
2754 2781 2849 2820 arte
2887 2776 3022 2820 fuerit

1679 2832 1935 2886 probatum,
1976 2831 2214 2873 instaurari
2253 2830 2442 2874 decisam
2483 2831 2604 2875 litem
2642 2845 2724 2888 pro
2762 2832 2880 2875 'bent
2906 2833 3018 2876 iura.

1687 2891 1699 2927 l
1762 2886 1833 2928 Ex
1877 2885 2161 2940 stipulatione
2204 2898 2332 2938 sane,
2379 2886 2417 2929 si
2455 2888 2621 2941 placita
2660 2887 2824 2931 servari
2867 2893 3020 2932 secuta

1680 2946 1759 2992 est,
1790 2940 1871 2991 vel,
1903 2942 1939 2983 si
1969 2954 2056 2984 non
2082 2942 2343 2993 intercessit,
2375 2943 2662 2997 praescriptis
2678 2943 2821 2987 verbis
2843 2943 3021 2988 actione

1680 2996 1793 3039 civili
1823 2996 2000 3039 subdita
2029 2996 2148 3052 apud
2178 3002 2392 3040 rectorem
2422 2998 2672 3052 provinciae
2711 3011 2841 3054 agere
2876 3002 3018 3056 potes.

1680 3055 1703 3094 2
1763 3052 1810 3095 Si
1839 3058 1986 3094 tamen
2023 3051 2143 3108 ipsas
2183 3065 2252 3096 res
2282 3053 2401 3107 apud
2430 3058 2474 3096 te
2505 3054 2783 3103 constitutas,
2822 3055 2878 3098 ob
2909 3067 3018 3110 qua-

1678 3121 1775 3151 rum
1816 3108 2113 3163 quaestionem
2154 3108 2241 3151 litis
2279 3108 2530 3152 intercessit
2559 3108 2744 3161 decisio,
2783 3109 2919 3154 fiscus
2948 3109 3019 3153 vel

1676 1102 1729 1147 D.
1763 1114 1832 1146 III
1859 1117 1961 1147 non.
2022 1105 2080 1148 ul.
2113 1105 2190 1150 00.
2222 1120 2365 1150 conss.

1733 1155 1798 1203 29
1843 1157 1968 1202 Idem
2011 1161 2102 1204 AA.
2147 1167 2192 1204 et
2235 1160 2313 1206 00.
2359 1161 2573 1207 Marciae.

1679 3164 1792 3206 alius
1832 3176 1860 3205 a
1899 3170 1942 3206 te
1981 3163 2234 3216 vindicavit,
2275 3163 2383 3206 nihil
2423 3170 2574 3219 petere
2611 3169 2752 3220 potes.
2819 3164 2866 3209 S.
2905 3177 2935 3208 V
2958 3165 3017 3209 id.

1680 3219 1791 3263 Nov.
1823 3217 2100 3263 Melantiade
2131 3219 2207 3263 00.
2241 3233 2383 3263 conss.
2832 3224 2888 3272 [a.
2920 3223 3018 3274 294]

1735 3271 1799 3319 34
1842 3271 1944 3329 (33)
1986 3274 2111 3330 Idem
2139 3275 2231 3318 AA.
2271 3279 2315 3318 et
2346 3273 2423 3319 00.
2454 3274 2738 3319 Ptolemaidi.
2799 3275 2908 3320 Cum
2941 3275 3018 3320 do-

1678 3330 1869 3374 nationis
1908 3342 1986 3373 seu
2023 3330 2336 3374 transactionis
2377 3343 2513 3374 causa
2542 3330 2873 3376 administratae
2901 3336 3018 3375 tute-

1677 3386 1747 3429 lae
1776 3386 1910 3428 debiti
1941 3386 2129 3430 scientes
2158 3400 2235 3430 vos
2265 3386 2576 3441 obligationem
2616 3386 2746 3430 fratri
2773 3392 2918 3431 vestro
2948 3400 3017 3432 re-

1678 3442 1846 3485 misisse
1874 3442 2131 3498 proponatis
2162 3455 2243 3486 nec
2273 3455 2477 3497 umquam
2508 3443 2669 3486 volenti
2699 3443 2826 3487 dolus
2855 3443 3017 3487 infera-

1678 3502 1771 3551 tur,
1813 3497 1979 3541 frustra
2017 3497 2070 3541 de
2107 3498 2208 3542 dolo
2245 3499 2495 3553 querimini,
2538 3511 2618 3541 nec
2655 3498 2712 3541 ad
2751 3498 3018 3554 implendum

1676 3553 1940 3609 promissum
1964 3553 2221 3597 hereditatis
2236 3555 2440 3608 propriae
2455 3554 2774 3609 pollicitatione
2788 3555 3018 3609 quisquam

1678 3609 1844 3653 adstxin
1875 3609 1976 3651 itur.
2037 3608 2129 3652 ΡΡ.
2170 3611 2263 3652 VI¹⁰
2292 3610 2350 3652 id.
2384 3609 2495 3653 Noc.
2517 3610 2593 3652 00.
2626 3622 2768 3653 conss.
2829 3613 2885 3662 [a.
2918 3613 3015 3662 294]

1735 3662 1799 3711 35
1870 3665 1965 3708 dem
1994 3665 2085 3706 AA.
2129 3669 2174 3708 et
2213 3662 2290 3708 00.
2321 3665 2568 3708 Ammonio.
2639 3664 3015 3718 Transactionem,

1680 3732 1793 3776 quae
1845 3719 2024 3763 dominii
2067 3719 2355 3764 translatione
2399 3720 2467 3763 vel
2521 3720 2695 3764 actione
2737 3725 2895 3776 parata
2937 3733 3017 3765 seu

1681 3780 1906 3831 perempta
1947 3775 2076 3818 finem
2119 3776 2313 3830 accepit,
2359 3789 2457 3819 cum
2502 3788 2597 3819 eam
2616 3778 2647 3802 ¹¹
2691 3776 2844 3820 amicis
2887 3777 3017 3820 etiam

1677 3830 2064 3875 intervenientibus
2107 3843 2155 3874 re
2191 3843 2293 3874 vera
2322 3831 2569 3875 ostenditur
2603 3833 2886 3887 processisse,
2923 3844 3014 3876 me-

1677 3892 1749 3932 tus
1789 3885 2033 3930 velamento
2082 3886 2273 3931 rescindi
2321 3887 2588 3943 postulantis
2665 3887 2849 3932 rofessio
2894 3887 3014 3931 dete-

1677 3943 1740 3999 git
1765 3941 2104 3997 improbitatem.
2164 3941 2209 3986 S.
2264 3954 2380 3986 VIIII
2405 3942 2449 3987 lc.
2479 3942 2584 3987 Dec.
2662 3942 2904 3987 icomediae
2934 3941 3012 3986 00.

1679 4011 1822 4099 ⁶⁰32&
1837 4051 1997 4096 ¹²ntem
2026 4053 2118 4096 ΛΑ.
2150 4057 2194 4097 et
2226 4051 2302 4097 ce.
2332 4052 2547 4098 Achilleo.
2615 4053 2659 4098 si
2689 4066 2786 4097 cum
2816 4001 3016 4097 lsi‘sseffissfl

1666 4187 1741 4238 (10)
1787 4201 1862 4226 scr.
1897 4197 1935 4235 v,
1986 4200 2070 4225 cum
2115 4186 2291 4226 ordinem
2341 4200 2374 4227 c.
2410 4194 2466 4227 33.
2496 4194 2539 4227 34
2587 4185 2820 4235 confirment
2862 4184 3018 4227 Graeca·

1667 4243 1736 4294 (11)
1764 4254 1850 4281 eam
1875 4242 2008 4283 Ccum
2029 4241 2070 4281 B
2093 4242 2146 4290 (κ.
2163 4243 2242 4291 π.),
2274 4254 2320 4281 ea
2336 4241 2416 4282 PR
2489 4243 2564 4292 (12)
2583 4243 2769 4294 sortasse
2788 4242 3014 4295 iunqendac

1667 4307 1759 4340 sunt
1785 4301 1824 4344 6,
1842 4307 1899 4346 23,
1917 4307 1969 4338 14.
2002 4300 2040 4348 6,
2057 4306 2115 4348 42,
2134 4306 2178 4338 29
2276 4299 2350 4346 (¹3)
2381 4309 2471 4337 cum
2503 4296 2645 4336 liberis
2676 4312 2749 4337 om.
2781 4298 2886 4348 libri,
2916 4311 3013 4350 sup-

1662 4355 1777 4409 plevi
1796 4368 1842 4394 ex
1858 4354 1945 4393 ΒΣ
1969 4355 2024 4403 (κ.
2056 4355 2140 4403 π.);
2173 4351 2212 4394 εἰ
2235 4349 2349 4406 μετὰ
2374 4349 2629 4407 ἐλευθέρων
2654 4353 2850 4405 μείζων.
2869 4383 2879 4395 .
2898 4348 3011 4394 ,διε-

1667 4405 1808 4459 λῦσω,
1848 4424 2010 4462 quocum
2045 4411 2279 4450 conveniunt
2308 4418 2346 4450 et
2376 4409 2419 4450 Β
2459 4417 2495 4450 et
2533 4410 2740 4450 adnotatio
2777 4409 3011 4450 Thalelaei:

1665 4461 1717 4508 οὐ
1747 4461 1937 4506 δύναται
1963 4464 2098 4505 τοῦτο
2123 4463 2283 4517 νοῆσαι
2308 4465 2410 4530 περὶ
2429 4465 2621 4506 τέκνων·
2651 4461 2709 4505 τὰ
2731 4461 2815 4522 γὰρ
2840 4460 3011 4506 παλαιὰ

1654 4518 1778 4577 ῥητὰ
1807 4520 1883 4573 τῆς
1912 4517 2152 4569 διατάξεως
2184 4522 2412 4578 έναγωγην
2451 4519 2567 4571 εἶχεν
2608 4517 2842 4576 λέγουσαν·
2882 4519 2921 4560 εἰ
2960 4515 3011 4562 3³

1327 4585 1381 4635 (7)
1412 4585 1470 4624 sic
1501 4582 1589 4633 PR,
1664 4574 1777 4633 μετὰ
1809 4572 2225 4642 δρύλωνΙδιελύσω·
2270 4574 2380 4643 πρρς
2415 4566 2496 4642 033¹
2525 4573 2870 4642 ἀντὶιδιαστολὴν
2901 4577 3007 4617 ἐκεί·

1166 4636 1222 4688 (9)
1254 4639 1354 4678 Nov.
1376 4639 1590 4680 Mommsen
1667 4648 1762 4677 νων
1793 4647 1889 4675 των
1931 4629 2103 4675 δουλων
2141 4635 2281 4675 κεῖται
2313 4627 2401 4675 ωδε
2429 4647 2480 4674 το
2510 4648 2622 4690 μετα
2652 4629 2916 4692 ἐλευθέρων.
