3080 4770
195 165 287 216 QUI
319 162 594 202 PO'HORES
632 164 689 202 IN
730 162 877 202 PIGN.
916 160 1249 200 HABEANTUR

644 304 783 353 xvn
821 301 1062 365 (ΧἮΠ).ι

271 385 367 432 QUI
397 387 670 427 POTIORES
699 386 763 426 IN
789 384 1041 426 PIGNORE
1071 383 1430 427 HABEANTUR.

244 466 265 514 1
303 466 450 526 Impp.
479 468 671 514 Severus
698 473 744 512 et
764 466 1020 511 Antoninus
1049 468 1141 510 AA.
1174 466 1391 513 Secundo.
1440 469 1526 524 Qui

183 525 342 580 pignus
382 525 577 568 secundo
614 525 712 568 loco
755 521 950 578 accepit,
994 523 1059 565 ita
1096 523 1165 567 ius
1204 537 1330 568 suum
1362 526 1522 569 confir·

186 592 306 622 mare
343 585 513 635 potest,
555 581 593 625 si
631 580 770 636 priori
809 579 1018 623 creditori
1057 579 1250 623 debitam
1288 581 1523 636 pecuniam

183 636 363 679 solverit
393 640 482 690 aut,
515 650 614 680 cum
645 635 876 680 obtulisset
902 635 1027 690 isque
1058 637 1261 691 accipere
1291 638 1520 689 noluisset,

183 705 280 735 eam
320 692 564 746 obsignavit
603 697 647 735 et
685 691 890 747 deposuit
924 703 1006 734 nec
1044 693 1086 733 in
1128 706 1233 736 usus
1271 706 1374 736 suos
1415 706 1520 736 con-

183 748 326 791 vertit.
367 746 458 790 PP.
477 747 520 792 lc.
539 747 664 792 Febr.
681 746 908 790 Laterano
927 752 972 791 et
984 746 1150 803 Rufino
1170 762 1311 792 conss.
1346 754 1401 801 [a.
1425 752 1518 800 197]

240 801 270 848 2
301 801 416 860 Imp.
447 804 702 847 Antoninus
729 804 781 846 A.
826 802 1021 847 Clneslo.
1089 805 1135 847 Si
1173 805 1348 848 decreto
1389 816 1518 861 prae-

182 860 311 914 toris,
351 859 510 914 quide
539 858 874 902 fideicommisso
905 859 974 902 ius
1017 860 1148 912 dixit,
1188 861 1234 903 in
1273 860 1519 916 possessio-

181 927 280 959 nem
303 915 428 958 fundi
453 914 704 959 hereditarii
722 914 1047 959 fideicommissi
1085 917 1401 960 condicionalis
1425 927 1518 959 ser-

182 971 311 1014 vandi
347 971 490 1026 gratia
527 972 649 1026 prius
692 970 862 1014 inducti
902 973 1031 1024 estis,
1074 987 1203 1028 quam
1241 971 1519 1016 adversarius

179 1032 324 1070 vester
360 1026 408 1070 in
438 1039 573 1070 causa
600 1026 785 1070 iudicati
815 1027 1009 1071 eiusdem
1041 1029 1167 1072 fundi
1195 1030 1354 1084 pignus
1387 1041 1518 1071 occu-

178 1083 298 1136 pavit
324 1082 449 1126 iussu
478 1081 594 1134 eius,
638 1083 713 1138 qui
750 1083 847 1127 iure
887 1085 1149 1127 sententiam
1182 1085 1520 1140 exsequebatur,

178 1144 374 1194 tempore
411 1138 606 1194 potiores
648 1139 766 1183 estis.
836 1153 938 1182 nam
972 1154 1071 1184 cum
1102 1142 1155 1184 de
1185 1141 1366 1196 pignore
1396 1145 1518 1183 utra-

178 1207 262 1249 que
303 1206 408 1250 pars
453 1194 714 1247 contendat,
759 1197 984 1251 praevalet
1021 1198 1140 1249 iure,
1182 1197 1257 1252 qui
1293 1195 1520 1252 praevenit

177 1253 385 1306 tempore.
416 1248 509 1293 PP.
537 1262 564 1293 V
589 1250 647 1294 id.
666 1250 775 1294 Mai.
795 1252 968 1295 (luobus
983 1254 1144 1310 Aspris
1158 1266 1300 1296 conss.
1345 1256 1400 1304 [a.
1420 1255 1516 1303 212]

233 1303 262 1352 3
295 1304 361 1361 (4)
403 1304 546 1348 2Iclem
584 1310 636 1351 A.
678 1306 812 1351 Varo.
883 1308 929 1351 Si
966 1309 1152 1352 fundum
1188 1307 1360 1363 pignori
1390 1319 1518 1351 acce-

174 1361 292 1416 pisti,
322 1366 559 1416 antequam
588 1363 652 1406 rei
682 1364 887 1418 publicae
916 1365 1206 1419 obligaretur,
1246 1364 1362 1408 sicut
1394 1363 1519 1420 prior

175 1430 222 1460 es
259 1421 476 1474 tempore,
517 1419 582 1462 ita
621 1420 768 1474 potior
802 1420 912 1463 iure.
971 1419 1065 1463 PP.
1106 1433 1135 1463 V
1157 1420 1217 1464 id.
1253 1419 1346 1463 Oet.
1378 1422 1518 1462 Anto-

174 1474 281 1517 nino
311 1476 362 1517 A.
394 1485 487 1517 HJJ
517 1480 562 1518 et
589 1475 786 1520 Balbino
818 1490 960 1520 conss.
1330 1479 1386 1527 [a.
1418 1477 1516 1527 213]

230 1527 262 1574 4
293 1526 358 1583 (3)
389 1528 535 1573 2Idem
565 1531 615 1574 A.
650 1530 848 1576 Silvano.
910 1532 1018 1576 Cum
1052 1544 1144 1574 rem
1174 1531 1397 1586 publicam
1427 1530 1516 1573 He-

171 1585 530 1640 liopolitanorum
573 1593 755 1643 propter
798 1589 1136 1631 emolumentum
1181 1588 1426 1630 sententiae
1470 1586 1517 1629 in

171 1654 318 1684 rerum
358 1644 450 1685 tam
486 1642 661 1686 heredis
702 1655 834 1698 quam
873 1643 1235 1686 hereditariarum
1270 1643 1515 1698 possessio-

171 1709 271 1740 nem
297 1697 475 1741 missam
503 1710 602 1742 esse
625 1711 864 1754 proponas,
895 1698 1127 1752 intellegis,
1161 1698 1357 1753 quamvis
1387 1702 1517 1753 pater

170 1757 273 1795 tuus
313 1766 414 1796 cum
444 1753 655 1796 Sossiano
689 1754 979 1805 contraxerit,
1020 1757 1189 1806 tamen,
1224 1754 1262 1797 si
1293 1753 1515 1808 personali

169 1808 345 1852 actione
374 1822 474 1852 eum
502 1809 660 1851 habuit
690 1809 953 1863 obligatum,
995 1810 1212 1865 praeponi
1247 1821 1339 1852 rem
1370 1809 1513 1864 publi-

171 1876 268 1907 cam
288 1864 384 1906 iure
408 1863 619 1918 pignoris,
648 1877 762 1918 quae
788 1877 841 1907 ex
862 1866 1131 1908 auctoritate
1148 1864 1241 1908 eius
1260 1865 1335 1919 qui
1361 1865 1515 1908 iubere

166 1918 314 1974 potuit
343 1919 546 1962 servandi
581 1919 762 1962 iudicati
793 1932 929 1963 causa
959 1921 1206 1976 occupavit.
1266 1919 1359 1963 PP.
1401 1932 1429 1962 V
1454 1919 1512 1962 icl.

166 1973 272 2018 Deo.
304 1973 447 2018 Laeto
478 1986 526 2017 ΙΙ
552 1979 598 2019 et
628 1974 806 2019 Cereale
837 1989 980 2019 conss.
1325 1980 1379 2028 [a.
1414 1979 1512 2027 215]

222 2027 251 2075 5
296 2027 428 2088 ³Imp.
466 2029 731 2074 Alexander
765 2032 816 2075 A.
859 2030 1089 2089 Septimio.
1166 2031 1294 2076 Prior
1337 2031 1514 2087 quidem

168 2085 359 2129 creditor
390 2086 595 2141 compelli
624 2100 712 2130 non
742 2091 890 2143 potest
919 2088 1014 2140 tibi,
1042 2088 1116 2143 qui
1141 2088 1388 2143 posteriore
1413 2087 1513 2132 loco

166 2141 322 2197 pignus
353 2143 580 2197 accepisti,
613 2143 809 2187 debitum
839 2144 1020 2188 offerre:
1059 2144 1137 2188 sed
1167 2145 1204 2188 si
1233 2149 1283 2187 tu
1315 2145 1354 2189 ei
1385 2157 1514 2188 omne

195 2197 286 2241 uod
315 2198 501 2242 debetur
530 2199 727 2253 solveris,
758 2200 954 2256 pignoris
985 2201 1050 2244 tui
1083 2214 1219 2245 causa
1248 2202 1511 2244 firmabitur.

209 2251 262 2297 P.
290 2265 359 2297 ΙΙΙ
379 2253 421 2297 lc.
440 2253 550 2298 Mai.
576 2253 785 2300 Maximo
803 2267 850 2299 Π
872 2263 917 2300 et
930 2256 1131 2301 Paterno
1159 2271 1303 2301 conss.
1338 2263 1394 2310 [a.
1415 2260 1511 2309 233]

225 2306 256 2355 6
287 2308 434 2367 Impp.
479 2309 748 2355 Valerianus
776 2317 822 2355 et
852 2311 1082 2356 Gallienus
1111 2314 1203 2356 AA.
1235 2312 1510 2357 Philoxeno.

168 2365 215 2408 Si
253 2366 520 2421 generaliter
557 2366 676 2410 bona
714 2367 804 2411 sint
845 2368 1039 2424 obligata
1076 2371 1121 2412 et
1148 2371 1306 2424 postea
1337 2382 1407 2413 res
1437 2369 1514 2411 alii

167 2421 420 2477 specialiter
448 2422 621 2477 pignori
650 2422 823 2477 dentur,
856 2425 1062 2479 quoniam
1091 2437 1146 2468 ex
1174 2425 1370 2479 generali
1401 2425 1511 2468 obli-

166 2477 345 2532 gatione
381 2478 528 2534 potior
566 2478 757 2523 habetur
797 2480 990 2524 creditor
1029 2481 1103 2536 qui
1142 2486 1244 2524 ante
1275 2480 1512 2532 contraxit,

167 2533 206 2577 si
234 2535 291 2577 ab
322 2534 395 2578 illo
426 2536 504 2577 tu⁴
535 2535 824 2590 comparasti,
867 2550 956 2580 non
987 2540 1164 2593 oportet
1191 2539 1236 2580 te
1267 2538 1324 2580 ab
1354 2550 1405 2581 eo
1438 2537 1514 2592 qui

166 2595 323 2645 postea
364 2590 549 2634 credidit
586 2591 836 2647 inquietari.
896 2591 988 2636 PP.
1012 2593 1138 2651 prid.
1170 2594 1229 2636 icl.
1261 2592 1370 2636 Mai.
1404 2592 1513 2638 Sae-

167 2645 322 2691 oulare
349 2658 398 2690 ΙΙ
423 2653 467 2691 et
497 2646 678 2692 Donato
709 2662 851 2692 conss.
1325 2653 1380 2701 [a.
1414 2653 1511 2701 260]

224 2699 254 2748 7
287 2701 434 2760 Impp.
466 2702 779 2748 Diocletianus
819 2709 863 2748 et
889 2703 1205 2749 Maximianus
1233 2706 1324 2748 AA.
1357 2710 1402 2750 et
1433 2703 1511 2749 CC.

166 2756 363 2802 Iuliano.
423 2759 551 2802 Licet
579 2759 718 2803 isdem
746 2760 1003 2816 pignoribus
1036 2760 1186 2804 multis
1219 2761 1512 2805 creditoribus

167 2814 348 2858 diversis
379 2816 650 2870 temporibus
681 2816 796 2860 datis
826 2817 997 2871 priores
1027 2817 1278 2860 habeantur
1302 2817 1511 2872 potioreS‚

165 2877 314 2913 tamen
358 2883 477 2922 eum,
531 2871 657 2915 cuius
700 2873 891 2928 pecunia
934 2872 1163 2928 praedium
1209 2879 1513 2929 comparatum

164 2925 407 2982 probatur,
459 2926 576 2982 quod
622 2928 659 2970 ei
705 2928 879 2983 pignori
922 2941 1020 2973 esse
1064 2929 1318 2984 specialiter
1361 2931 1512 2974 statim

166 2982 392 3034 convenit,
434 2983 637 3028 omnibus
677 2985 890 3028 anteferri
927 2985 1036 3029 iuris
1066 2986 1332 3030 auctoritate
1363 2986 1511 3030 decla-

164 3042 304 3082 ratur.
364 3037 631 3097 Subscripta
658 3052 773 3084 XVII
798 3040 841 3084 lc.
865 3041 992 3085 Febr.
1018 3043 1111 3085 AA.
1141 3055 1286 3085 conss.
1335 3047 1390 3095 [a.
1411 3047 1508 3095 293]

223 3091 253 3140 8
285 3093 411 3137 Idem
440 3097 530 3138 AA.
573 3100 619 3139 et
659 3095 736 3140 CC.
774 3097 995 3142 Fabricio.
1066 3097 1262 3141 Diversis
1301 3101 1509 3154 tempori-

165 3149 248 3191 bus
290 3149 445 3192 eadem
482 3163 529 3192 re
569 3150 740 3195 duobus
779 3153 876 3196 iure
905 3153 1134 3208 pignoris⁵
1172 3154 1366 3209 obligata
1396 3168 1509 3209 eum,

166 3203 242 3260 qui
269 3205 392 3259 prior
421 3205 525 3248 data
553 3209 707 3249 mutua
735 3209 927 3262 pecunia
955 3209 1113 3263 pignus
1143 3210 1331 3265 accepit,
1366 3211 1510 3265 potio-

165 3272 259 3304 rem
298 3260 484 3303 haberi⁰
524 3261 634 3304 certi
672 3275 726 3305 ac
766 3263 987 3306 manifesti
1015 3264 1123 3306 iuris
1161 3269 1248 3318 est,
1288 3278 1368 3309 nec
1400 3266 1509 3310 alias

167 3315 410 3360 secundum
441 3315 715 3360 distrahendi
739 3323 1005 3373 potestatem
1027 3319 1158 3362 huius
1183 3319 1378 3374 pignoris
1405 3334 1510 3364 con-

167 3373 304 3427 sequi,
323 3372 409 3415 nisi
425 3373 643 3428 superiori
669 3374 876 3418 creditori
895 3374 1044 3418 debita
1059 3374 1195 3418 fuerit
1209 3374 1354 3418 s'oluta
1372 3390 1510 3431 quan-

166 3429 285 3471 titas.
333 3426 377 3471 S.
398 3428 522 3485 prid.
549 3427 592 3472 lc.
619 3428 729 3473 Mai.
757 3429 999 3474 Heracliae
1022 3431 1114 3474 AA.
1143 3443 1285 3474 conss.
1329 3435 1385 3484 [a.
1412 3436 1508 3484 293]

223 3482 254 3530 9
289 3482 413 3527 Idem
441 3484 535 3528 AA.
566 3490 609 3528 et
641 3484 717 3528 CC.
750 3486 1082 3544 Asclepiodoto.
1142 3486 1234 3530 Eos
1272 3488 1345 3542 qui
1381 3500 1509 3532 acce-

166 3539 564 3596 perunt·pignora,
607 3554 706 3584 cum
736 3542 782 3584 in
810 3555 902 3586 rem
931 3542 1127 3587 habeant
1157 3543 1388 3597 actionem,
1420 3544 1508 3599 pri-

167 3596 332 3650 vilegiis
365 3597 582 3647 omnibus,
628 3610 742 3652 quae
770 3598 1078 3653 personalibus
1109 3598 1358 3643 actionibus
1390 3613 1508 3642 com-

166 3654 347 3706 petunt,
384 3651 602 3707 praeferri
641 3653 853 3697 constitit.
923 3653 969 3698 S.
1006 3666 1100 3698 ΙΙΙ]
1134 3667 1238 3698 non.
1279 3655 1384 3698 Dec.
1430 3654 1506 3699 CC.

168 3721 312 3751 conss,
1337 3725 1376 3754 a.
1411 3714 1488 3754 294

225 3761 288 3810 10
320 3762 445 3807 Idem
484 3765 575 3807 AA.
617 3769 661 3808 et
701 3763 778 3809 CC.
818 3764 1116 3823 Polydeuoae.
1179 3766 1288 3810 Cum
1317 3715 1397 3810 iibi
1427 3715 1507 3821 prg

167 3818 271 3862 dote
301 3832 432 3874 quam
461 3825 695 3875 acceperat
722 3834 794 3865 res
823 3822 1007 3865 maritus
1039 3822 1267 3878 obligavit,
1307 3835 1356 3866 eo
1390 3836 1506 3866 mor-

166 3879 242 3919 tuo
283 3876 349 3928 hi,
390 3875 551 3930 quibus
591 3876 769 3920 easdem
805 3877 980 3932 pignori
1021 3878 1223 3930 dederat,
1267 3892 1355 3922 non
1401 3878 1506 3921 offe-

166 3935 312 3975 rentes
342 3930 538 3975 debitum
568 3932 689 3975 nulla
717 3935 905 3987 possunt
933 3934 1140 3990 persequi
1167 3934 1352 3978 ratione.
1404 3947 1507 3977 nam

168 3986 586 4043 chirographarios⁷
623 3988 862 4032 creditores
902 4002 984 4032 nec
1023 3990 1069 4033 in
1098 4002 1191 4033 rem
1219 4003 1303 4034 nec
1330 3990 1376 4034 in
1406 4004 1505 4046 per-

167 4056 321 4087 sonam
352 4055 450 4096 eos,
490 4042 565 4098 qui
602 4042 792 4087 debitori
828 4058 916 4088 non
946 4046 1194 4100 probantur
1223 4048 1504 4100 successisse,

168 4099 259 4142 ulla
296 4099 468 4142 ratione
508 4099 740 4143 convenire
775 4113 906 4155 posse
943 4101 1223 4145 manifestum
1260 4104 1342 4147 est.
1411 4101 1503 4146 PP.

167 4168 270 4199 non.
302 4154 407 4199 Dec.
443 4153 522 4200 CC.
553 4168 696 4199 conss.
1316 4161 1372 4211 [a.
1406 4161 1504 4211 294]

169 4295 218 4345 (1)
248 4296 291 4335 Β
321 4297 389 4346 25,
421 4306 453 4346 5,
486 4304 528 4337 29
560 4311 666 4348 seqq.
699 4317 754 4325 —
790 4295 853 4348 Cf.
885 4295 984 4350 Diy.
1016 4297 1083 4348 20,
1114 4306 1134 4338 4
1240 4299 1296 4349 (2)
1328 4301 1503 4340 ordinem

168 4366 200 4391 c.
233 4359 253 4392 3
284 4361 320 4392 et
349 4362 380 4401 4,
414 4368 525 4405 quem
557 4368 603 4393 ex
635 4351 669 4391 S
698 4362 734 4392 et
771 4353 1127 4404 subscriptionibus
1157 4356 1410 4406 restituimus,
1443 4357 1502 4395 in·

167 4416 324 4447 vertunt
362 4408 472 4449 VCR
573 4409 626 4459 (3)
657 4409 775 4459 iunqe
805 4409 845 4457 8,
876 4416 930 4458 16,
962 4417 982 4448 5
1093 4407 1146 4459 (4)
1178 4412 1225 4448 tu
1268 4408 1370 4461 VC⁶‚
1402 4413 1503 4451 tem-

166 4473 265 4514 pore
294 4462 435 4504 PCaR
532 4465 586 4515 (5)
615 4465 674 4504 sic
703 4463 831 4512 PCR,
862 4463 1030 4514 pignori
1070 4465 1110 4502 V
1192 4465 1249 4516 (6)
1279 4465 1429 4506 habere
1470 4466 1508 4506 V

168 4516 223 4566 (7)
240 4518 296 4557 sic
319 4515 382 4568 Cb,
402 4519 699 4572 cyrogrofarios
717 4521 768 4569 R,
791 4519 1122 4570 chirographarii
1148 4520 1243 4560 VO*
1310 4523 1367 4573 (8)
1386 4524 1502 4575 iunye

168 4574 207 4623 2,
238 4582 271 4618 4,
302 4582 343 4612 42
485 4575 541 4625 (9)
582 4576 667 4616 sive
708 4588 790 4614 non
833 4575 908 4614 olel.
941 4575 1181 4626 Mommsen,
1222 4578 1275 4628 cs:
1305 4577 1375 4619 B:
1416 4576 1503 4617 εἴτε

167 4622 314 4685 γράφῃ
356 4625 596 4686 ἰδιοχείρως
633 4625 739 4673 ὅλον
776 4627 826 4670 τὸ
866 4624 973 4685 ὕφος
1012 4628 1100 4670 εἴτε
1138 4625 1212 4670 διὰ
1239 4635 1446 4689 ’νοταρίου
1478 4626 1503 4671 ἲ

1514 145 1620 204 343

1584 4522 1656 4568 (14)
1687 4520 1782 4560 data
1803 4523 1845 4572 G,
1866 4523 2002 4564 datam
2019 4525 2058 4566 R
2135 4525 2206 4573 (15)
2239 4526 2274 4573 5,
2297 4532 2349 4572 12,
2372 4531 2429 4564 30.
2452 4531 2489 4564 31

2715 152 2838 204 VIII
2882 156 2939 204 17

1667 301 1723 349 11
1765 301 1897 361 ⁸Imp.
1929 301 2020 346 Leo
2051 302 2102 345 A.
2136 300 2354 360 Erythri«)
2377 319 2460 362 pp.
2523 305 2800 360 Scripturas,
2833 318 2944 360 quae

1607 371 1740 414 saepe
1767 359 1968 403 adsolent
1993 370 2020 401 a
2045 358 2305 413 quibusdam
2328 363 2494 404 secrete
2521 361 2627 412 fieri,
2653 361 2944 404 intervenien-

1606 415 1724 459 tibus
1753 415 1906 459 amicis
1935 427 2018 458 nec
2047 426 2125 466 ne,
2165 416 2436 471 transigendi
2466 417 2533 460 vel
2570 417 2826 471 paciscendi
2866 430 2944 459 seu

1605 471 1832 515 fenerandi
1861 471 1928 515 vel
1966 469 2192 515 societatis
2230 473 2455 516 coeundae
2482 472 2626 527 gratia
2654 485 2734 515 seu
2765 472 2818 515 de
2849 473 2945 514 aliis

1606 527 1954 583 quibuscumque
1991 526 2138 570 causis
2183 527 2250 571 vel
2290 529 2590 572 contractibus
2636 527 2944 578 conficiuntur,

1605 595 1718 637 quae
1757 583 1972 627 idiochira
2010 582 2180 626 Graece
2218 584 2523 638 appellantur,
2566 583 2657 626 sive
2686 587 2780 625 tota
2810 583 2946 625 series

1605 650 1756 681 eorum
1795 653 1929 682 manu
1969 638 2323 683 contrahentium
2352 641 2418 683 vel
2457 638 2618 682 notarii
2656 640 2736 680 aut
2765 637 2946 680 alterius

1605 693 1841 737 cuiuslibet
1885 695 2052 751 scripta
2094 695 2252 746 fuerit,
2307 695 2508 751 ipsorum
2561 698 2709 736 tamen
2753 692 2946 734 habeant

1602 749 1965 804 subscriptiones,
1997 751 2087 794 sive
2116 751 2305 794 testibus
2331 749 2541 793 adhibitis
2568 748 2658 791 sive
2682 761 2769 790 non
2785 747 2816 797 ⁹,
2846 748 2946 789 licet

1604 803 1930 848 condicionales
1961 806 2073 856 sint,
2111 819 2221 859 quos
2252 806 2380 859 vulgo
2419 803 2664 847 tabularios
2705 802 2945 857 appellant,

1602 859 1693 902 sive
1720 872 1821 912 non,
1854 861 1980 914 quasi
2004 860 2182 913 publice
2208 860 2400 914 scriptas
2417 860 2466 910 ¹⁰,
2497 858 2535 901 si
2559 858 2803 912 personalis
2831 858 2946 900 actio

1608 919 1623 958 1
1688 921 1967 965 exerceatur,
1998 927 2127 957 suum
2156 915 2293 958 robur
2322 914 2487 957 habere
2518 913 2808 957 decernimus.
2869 913 2947 956 Sin

1602 975 1750 1014 autem
1778 971 1848 1014 ius
1887 970 2084 1025 pignoris
2114 970 2182 1012 vel
2212 970 2488 1026 hypothecae
2519 982 2572 1012 ex
2600 968 2855 1012 huiusmodi
2883 969 2948 1011 in-

1602 1026 1858 1070 strumentis
1889 1025 2114 1068 vindicare
2144 1025 2241 1080 quis
2273 1025 2357 1068 sibi
2398 1024 2696 1080 contenderit,
2738 1037 2837 1068 eum
2875 1025 2949 1079 qui

1600 1082 1903 1126 instrumentis
1920 1081 2097 1137 publice
2117 1080 2329 1124 confectis
2348 1081 2505 1124 nititur
2521 1081 2750 1137 praeponi,
2778 1081 2950 1124 etiamsi

1600 1139 1821 1194 posterior
1865 1138 1957 1181 dies
2002 1138 2071 1181 his
2116 1138 2418 1190 contineatur,
2463 1137 2549 1181 nisi
2587 1136 2705 1180 forte
2734 1138 2950 1193 probatae

1601 1199 1735 1250 atque
1773 1195 1971 1250 integrae
2010 1193 2230 1249 opinionis
2267 1193 2403 1236 trium
2432 1194 2501 1237 vel
2539 1194 2727 1248 amplius
2758 1194 2950 1237 virorum

1601 1251 1952 1307 subscriptiones
1996 1250 2136 1294 isdem
2182 1249 2410 1293 idiochiris
2455 1249 2790 1293 contineantur:
2843 1255 2949 1293 tunc

1601 1307 1716 1364 enim
1747 1307 1874 1363 quasi
1902 1307 2080 1363 publice
2111 1306 2317 1350 confecta
2346 1306 2643 1363 accipiuntur.
2703 1306 2758 1350 D.
2791 1305 2835 1350 lc.
2862 1304 2947 1349 Iul.

1604 1363 2000 1422 Constantinopoli
2028 1362 2268 1406 Marciano
2302 1376 2422 1406 cons.
2761 1366 2816 1415 [a.
2849 1366 2947 1414 472]

1660 1417 1724 1465 12
1774 1419 1886 1477 Imp.
1929 1417 2215 1463 Iustinianus
2253 1419 2304 1462 A.
2352 1417 2550 1462 Iolzanm·
2583 1433 2666 1477 pp.
2739 1418 2949 1462 Adsiduis

1600 1475 1869 1519 aditionibus
1897 1476 2130 1518 mulierum
2154 1474 2390 1530 inquietati
2415 1488 2579 1529 sumus,
2605 1487 2685 1530 per
2712 1487 2821 1529 quas
2845 1487 2948 1518 suas

1601 1531 1727 1575 dotes
1770 1531 2021 1587 deperditas
2066 1544 2163 1575 esse
2206 1531 2418 1586 lugebant
2462 1534 2507 1575 et
2550 1533 2606 1576 ab
2650 1531 2949 1575 anterioribus

1606 1592 1621 1629 1
1671 1588 1965 1632 creditoribus
1997 1588 2271 1631 substantias
2303 1588 2562 1631 maritorum
2593 1587 2807 1631 detentas.
2854 1587 2948 1631 Nos

1599 1643 1751 1697 itaque
1781 1644 1838 1686 ad
1869 1644 2073 1699 antiquas
2103 1643 2221 1698 leges
2252 1643 2558 1699 perspeximus
2576 1645 2607 1670 ¹¹
2649 1643 2695 1687 in
2733 1656 2948 1699 persona-

1599 1699 1716 1742 libus
1748 1699 1998 1743 actionibus
2029 1699 2093 1742 rei
2122 1700 2305 1742 uxoriae
2337 1699 2521 1753 actioni,
2564 1712 2695 1755 quam
2733 1699 2781 1743 in
2820 1713 2949 1755 prae-

1600 1755 1714 1797 senti
1730 1756 1991 1798 sustulimus
2006 1756 2051 1808 12,
2067 1767 2272 1810 magnam
2287 1755 2642 1810 praerogativam
2653 1760 2948 1811 praestantes,

1599 1813 1650 1853 ut
1690 1813 1848 1854 contra
1884 1822 2036 1853 omnes
2077 1823 2218 1864 paene
2258 1811 2516 1865 personales
2557 1812 2754 1855 actiones
2785 1812 2952 1855 habeat

1597 1866 1824 1920 privilegia
1855 1871 1898 1909 et
1929 1865 2166 1909 creditores
2199 1866 2310 1910 alios
2340 1866 2599 1921 antecedat,
2638 1867 2743 1910 licet
2772 1867 2950 1911 fuerant

1599 1925 1623 1963 2
1684 1921 1942 1964 anteriores.
1999 1922 2061 1964 Et
2089 1921 2200 1965 haec
2233 1934 2332 1965 cum
2362 1922 2408 1965 in
2437 1923 2748 1978 personalibus
2781 1926 2948 1967 statue-

1598 1982 1700 2020 rant
1744 1977 2017 2032 actionibus,
2065 1977 2103 2020 si
2145 1977 2442 2034 hypothecam
2480 1979 2803 2034 respiciebant,
2849 1980 2949 2023 ilico

1597 2033 1794 2077 iustitiae
1823 2033 2015 2088 vigorem
2045 2033 2310 2077 relaxabant
2340 2036 2384 2077 et
2414 2035 2662 2079 senioribus
2688 2035 2949 2092 hypothecis

1597 2102 1737 2134 novas
1781 2090 1978 2134 mulieris
2023 2090 2319 2146 hypothecas,
2366 2091 2404 2134 si
2445 2091 2692 2134 habebat¹³
2734 2092 2946 2146 actiones,

1597 2146 1903 2202 expellebant,
1954 2159 2037 2190 nec
2083 2146 2141 2190 ad
2186 2146 2473 2201 fragilitatem
2511 2148 2767 2192 muliebrem
2807 2149 2948 2205 respi-

1600 2203 1766 2247 cientes
1804 2216 1886 2247 nec
1927 2203 2044 2258 quod
2082 2208 2126 2246 et
2167 2216 2353 2258 corpore
2394 2209 2438 2246 et
2478 2204 2728 2247 substantia
2759 2210 2802 2248 et
2833 2205 2949 2249 omni

1598 2258 1687 2302 vita
1718 2271 1800 2302 sua
1828 2260 1988 2302 marito
2020 2259 2240 2313 fungitur,
2273 2273 2372 2303 cum
2396 2273 2539 2315 paene
2563 2260 2821 2305 mulieribus
2854 2264 2948 2305 tota

1599 2319 1621 2357 3
1693 2315 1945 2358 substantia
1994 2316 2041 2358 in
2094 2315 2196 2359 dote
2252 2317 2496 2359 constituta
2547 2321 2627 2359 est.
2702 2315 2949 2372 Oportebat

1598 2370 1713 2413 enim
1753 2371 1928 2425 disponi
1968 2371 2149 2414 maritos
2191 2371 2484 2415 creditoribus
2521 2372 2613 2415 suis
2644 2384 2698 2415 ex
2728 2385 2811 2416 sua
2842 2374 2946 2416 sub-

1597 2426 1763 2469 stantia
1793 2427 2067 2479 satisfacere,
2097 2440 2187 2470 non
2219 2427 2322 2470 dote
2351 2427 2568 2480 muliebri,
2601 2441 2733 2483 quam
2758 2428 2816 2471 ad
2842 2442 2946 2472 suos

1596 2482 1737 2525 victus
1763 2495 1957 2538 suasque
1982 2483 2211 2527 alimonias
2239 2483 2394 2527 mulier
2418 2484 2629 2539 possidet,
2661 2484 2728 2527 vel
2758 2496 2785 2527 a
2810 2490 2947 2528 semet

1598 2543 1621 2580 4
1648 2541 1706 2592 (l)
1759 2538 1859 2594 ipsa
1889 2538 2042 2582 data¹⁴
2070 2539 2139 2583 vel
2168 2552 2248 2594 pro
2279 2551 2332 2582 ea
2362 2540 2418 2583 ab
2449 2540 2550 2583 alio.
2612 2540 2683 2583 Ad
2712 2540 2822 2584 haec
2854 2554 2944 2584 om-

1596 2595 1671 2637 nia
1701 2594 1987 2650 respicientes
2019 2599 2064 2639 et
2092 2595 2440 2647 reminiscentes,
2472 2595 2589 2651 quod
2620 2602 2662 2639 et
2692 2596 2802 2640 alias
2834 2597 2944 2641 duas

1599 2651 1937 2694 constitutiones
1953 2653 1987 2677 ¹⁵
2017 2651 2202 2695 fecimus
2230 2664 2312 2707 pro
2345 2651 2523 2695 dotibus
2552 2652 2809 2696 mulieribus
2841 2654 2943 2696 sub-

1596 2707 1844 2759 venientes,
1889 2712 1933 2750 et
1976 2707 2124 2750 omnia
2160 2707 2206 2750 in
2248 2721 2383 2751 unum
2424 2707 2679 2763 colligentes
2721 2710 2943 2753 sancimus

1598 2775 1652 2806 ex
1694 2763 1910 2818 stipulatu
1955 2763 2198 2815 actionem,
2255 2776 2386 2819 quam
2431 2764 2688 2807 mulieribus
2731 2765 2819 2808 iam
2862 2779 2942 2821 pro

1596 2819 1699 2863 dote
1742 2819 2059 2862 instituendam
2106 2819 2302 2863 dedimus
2321 2821 2354 2846 ¹⁶
2394 2819 2553 2875 cuique
2592 2821 2723 2863 etiam
2762 2822 2944 2864 tacitam

1597 2875 1855 2918 donavimus
1894 2876 2039 2919 inesse
2078 2875 2386 2932 hypothecam,
2433 2877 2612 2932 potiora
2650 2877 2750 2920 iura
2790 2883 2944 2921 contra

1597 2944 1746 2975 omnes
1778 2931 1942 2975 habere
1971 2931 2118 2975 mariti
2150 2932 2408 2985 creditores,
2448 2933 2553 2975 licet
2589 2933 2824 2977 anterioris
2854 2934 2944 2977 sint

1595 2993 1618 3031 5
1664 2988 1874 3042 temporis
1905 2988 2131 3043 privilegio
2163 2988 2326 3032 vallati.
2374 2987 2483 3030 Cum
2506 2987 2682 3031 enimin
2698 2989 2941 3042 personali-

1594 3045 1678 3087 bus
1720 3044 1968 3088 actionibus
2010 3044 2255 3087 secundum
2294 3044 2411 3098 quod
2451 3043 2640 3086 diximus
2680 3045 2760 3087 tali
2808 3045 2940 3099 privi-

1594 3100 1706 3155 legio
1733 3100 1944 3142 utebatur
1969 3112 2039 3142 res
2066 3100 2235 3151 uxoria,
2260 3102 2533 3154 quapropter
2558 3112 2647 3142 non
2671 3100 2775 3142 etin
2799 3100 2939 3156 hypo·

1593 3156 1771 3198 thecam
1797 3155 1882 3198 hoc
1906 3155 2077 3198 mulieri
2100 3162 2144 3198 et
2169 3169 2287 3198 nunc
2305 3157 2337 3181 ¹⁷
2365 3155 2638 3209 indulgemus
2662 3155 2937 3208 beneficium,

1593 3212 1699 3254 licet
1734 3223 1806 3254 res
1846 3210 2015 3254 dotales
2054 3211 2122 3253 vel
2163 3223 2217 3253 ex
2255 3211 2323 3252 his
2363 3211 2478 3253 aliae
2525 3216 2806 3265 comparatae
2850 3226 2939 3255 non

1594 3269 1759 3320 extent,
1791 3266 1868 3309 sed
1900 3278 2174 3321 quocumque
2203 3266 2332 3309 modo
2363 3267 2429 3309 vel
2462 3266 2704 3322 dissipatae
2732 3268 2803 3310 vel
2832 3281 2937 3311 con-

1595 3325 1796 3376 sumptae
1826 3328 1950 3376 sunt,
1991 3322 2029 3365 si
2069 3329 2216 3364 tamen
2247 3334 2294 3364 re
2325 3322 2423 3376 ipsa
2452 3322 2618 3365 fuerint
2645 3323 2764 3378 parti
2793 3324 2939 3368 mariti

1594 3379 1756 3421 datae?
1815 3378 1912 3432 quis
1951 3377 2067 3421 enim
2103 3389 2177 3420 eas
2214 3391 2304 3420 non
2333 3378 2567 3421 miseretur
2594 3383 2780 3434 propter
2810 3381 2936 3423 obse·

1595 3435 1717 3488 quia,
1760 3446 1872 3488 quae
1911 3433 2078 3476 maritis
2118 3436 2372 3488 praestant,
2412 3439 2598 3489 propter
2633 3441 2788 3491 partus
2818 3437 2934 3491 peri-

1594 3490 1740 3533 culum
1771 3495 1814 3531 et
1837 3489 1980 3544 ipsam
2004 3489 2244 3532 liberorum
2271 3490 2552 3542 creationem,
2576 3504 2656 3546 pro
2684 3504 2771 3546 qua
2795 3493 2936 3535 multa

1594 3550 1617 3587 6
1686 3545 1850 3588 nostris
1905 3544 2074 3598 legibus
2125 3545 2303 3588 inventa
2354 3550 2458 3589 sunt
2503 3547 2760 3602 privilegIa?
2830 3548 2933 3590 Ideo

1593 3601 1710 3655 quod
1752 3600 1991 3655 antiquitas
2037 3599 2217 3656 quidem.
2254 3601 2361 3645 dare
2403 3602 2589 3657 incepit,
2635 3603 2691 3645 ad
2731 3603 2933 3646 effectum

1590 3662 1736 3699 autem
1767 3669 1855 3698 non
1885 3657 2078 3711 pertulit,
2110 3670 2190 3700 nos
2219 3657 2350 3712 pleno
2381 3658 2487 3713 legis
2514 3659 2700 3701 articulo
2729 3671 2931 3702 consum-

1590 3713 1800 3755 mavimus
1831 3717 1894 3764 et,
1931 3711 2022 3756 sive
2050 3713 2214 3757 liberos
2243 3714 2379 3758 habet
2417 3714 2573 3757 mulier
2601 3714 2692 3757 sive
2721 3715 2777 3758 ab
2806 3714 2931 3756 initio

1590 3781 1680 3812 non
1709 3768 1866 3811 habuit
1894 3768 1983 3811 sive
2007 3769 2263 3823 progenitos
2291 3769 2449 3821 amisit,
2481 3769 2568 3812 hoc
2593 3769 2634 3811 ei
2657 3769 2930 3823 privilegium

1592 3828 1613 3866 7
1675 3823 1965 3877 indulgemus.
2031 3823 2154 3868 Exce
2188 3825 2244 3868 tis
2284 3825 2487 3868 videlicet
2527 3827 2682 3867 contra
2718 3837 2929 3867 novercas

1590 3880 1823 3922 anterioris
1852 3879 2122 3923 matrimonii
2152 3839 2273 3932 liliis,
2314 3881 2474 3936 quibus
2516 3893 2595 3934 pro
2636 3879 2740 3923 dote
2774 3881 2928 3922 matris

1590 3948 1697 3978 suae
1726 3936 1814 3978 iam
1836 3935 2008 3990 quidem
2025 3938 2060 3962 ¹⁸
2088 3935 2286 3979 dedimus
2306 3938 2338 3962 ¹⁹
2366 3936 2639 3992 hypothecas
2666 3937 2821 3978 contra
2847 3948 2926 3989 pa-

1589 3994 1738 4034 ternas
1782 4003 1852 4033 res
1882 3991 1948 4033 vel
1990 3990 2084 4035 eius
2125 3993 2390 4043 creditores,
2433 3991 2479 4034 in
2517 3991 2743 4047 praesenti
2778 3995 2926 4032 autem

1588 4047 1772 4091 similem
1802 4046 2151 4102 praerogativam
2180 4060 2417 4099 servamus,
2448 4058 2515 4099 ne,
2547 4046 2665 4101 quod
2692 4046 2927 4101 posteriori

1590 4102 1740 4145 datum
1780 4107 1849 4145 est
1886 4102 2036 4153 uxori,
2076 4103 2162 4147 hoc
2202 4102 2414 4146 anteriori
2452 4102 2712 4156 denegetur,
2751 4101 2831 4146 sed
2861 4101 2924 4144 sic

1588 4159 1766 4202 maneat
1807 4157 1868 4201 eis
1911 4157 1980 4202 ius
2022 4158 2349 4214 incorruptum,
2396 4157 2524 4213 quasi
2565 4157 2711 4200 adhuc
2756 4157 2924 4200 vivente

1588 4294 1720 4338 ἄλλου
1766 4294 1883 4338 τινὸς
1921 4299 1995 4337 καὶ
2036 4294 2168 4340 αὐτὸς
2204 4293 2464 4355 ὑπογράφῃ,
2509 4293 2591 4338 εἴτ’
2631 4286 2708 4336 οἷν
2739 4293 2921 4350 ταβουλ-

1588 4349 1734 4407 Menos
1855 4355 1931 4406 (10)
1966 4354 2150 4407 publices
2186 4356 2356 4406 scriptas
2398 4356 2443 4404 V,
2480 4353 2647 4406 publice
2685 4353 2836 4404 scripta
2879 4354 2921 4404 C,

1586 4409 1751 4462 publice
1775 4409 2024 4462 subscriptas
2040 4412 2080 4450 R
2167 4413 2233 4462 (11)
2251 4410 2505 4462 respeximus
2531 4410 2761 4458 Mommsen,
2788 4410 2839 4461 cf.
2861 4414 2878 4455 §
2901 4418 2919 4449 4

1587 4464 1848 4516 respicientes
1934 4466 2007 4515 (12)
2034 4469 2072 4511 5,
2106 4476 2155 4510 13,
2187 4477 2196 4506 1
2286 4468 2358 4514 (13)
2383 4466 2476 4518 hyp.
2503 4465 2537 4503 si
2564 4463 2643 4502 hab
2691 4464 2732 4512 C,
2763 4465 2797 4502 si
2823 4464 2914 4503 hab.

2595 4523 2651 4563 16)
2682 4522 2918 4571 5‚13.1§1”

1587 4577 1660 4627 (17)
1689 4578 1729 4615 et
1753 4588 1865 4615 nunc
1891 4576 1976 4628 Ma,
2000 4580 2039 4617 et
2066 4578 2174 4615 hunc
2208 4578 2272 4627 Ca,
2301 4583 2339 4615 et
2371 4578 2433 4618 0⁰.
2462 4593 2533 4617 om.
2554 4520 2663 4616 ΙξΜο
2737 4579 2810 4628 (18)
2827 4580 2917 4629 qui-

1586 4631 1676 4671 dem
1707 4632 1812 4681 dete„
1845 4643 1922 4682 que
1961 4633 2024 4685 Ca,
2056 4644 2172 4683 quam
2209 4632 2258 4681 R,
2291 4647 2362 4674 om.
2398 4630 2446 4674 C⁰
2589 4638 2662 4686 (19)
2694 4636 2732 4686 5,
2764 4644 2799 4686 9,
2832 4645 2865 4685 8,
2900 4647 2917 4678 4
