3094 4732
196 158 298 210 XII
334 155 528 206 -15—-47

223 304 322 348 licio
346 302 610 355 subiugetur‚
642 298 838 342 dominus
855 309 969 348 vem,
1001 297 1036 340 si
1060 296 1190 339 huius
1215 292 1276 335 rei
1303 289 1505 356 conscius

210 358 343 412 uerit,
381 355 565 413 praedii,
604 354 650 397 in
686 366 770 418 quo
809 352 988 396 latuerit
1026 352 1233 401 desertor,
1272 355 1507 408 amissione

196 421 212 460 1
271 412 490 470 puniatur.
558 409 605 453 Si
645 421 739 462 quls
778 411 924 450 autem
963 407 1227 450 desertorem
1248 399 1508 464 ‚prodlderit

191 475 214 513 2
257 467 509 512 mediocris¹
533 464 618 508 loci
633 463 860 517 ingenuus,
882 462 1153 505 immunitate
1167 458 1375 521 potiatur.
1417 453 1506 518 Ne-

193 537 276 581 que
305 523 444 568 solum
473 521 526 564 de
554 519 622 563 his
650 517 880 572 loquimur,
920 516 995 572 qui
1021 513 1217 570 proxime
1247 523 1381 566 signis
1409 509 1507 552 feli-

193 581 315 624 cibus
344 575 552 642 applicati
579 574 757 617 militiae
786 572 1032 614 rudimenta
1070 569 1328 621 timuerunt,
1359 578 1509 610 verum

191 635 320 679 etiam
349 647 423 689 qu1
453 629 675 686 stipendiis
713 626 973 671 militaribus
1005 624 1261 678 degenerem
1290 621 1508 665 latebram

190 698 213 732 3
271 688 525 746 praebuisse
562 678 869 728 monstrantur.
938 680 1150 723 Desertor
1169 682 1334 743 ’au-tem
1372 677 1508 720 habe-

189 747 308 790 bitur
335 743 529 800 quisquis
559 741 659 784 belli
689 742 881 794 tempore
909 735 1058 779 aberit>
1080 747 1108 778 a
1144 747 1292 789 Sigms.
1351 733 1511 776 horum

191 802 263 858 qui
292 804 447 856 sponte
475 795 752 854 processerit,
783 791 953 849 peccati
983 790 1215 835 anterioris
1247 788 1511 855 supplicium

190 870 279 901 non
306 854 487 899 timebit.
553 853 619 896 sin
657 863 759 894 vero
798 848 1013 903 flagitiosa
1050 846 1228 901 ignavia
1266 845 1509 896 dehtescat,

190 925 269 968 per
297 924 407 964 eum,
436 910 483 953 in
512 908 635 952 cuius
665 906 790 950 domo
819 903 962 957 fuerit,
993 902 1319 957 invigilantibus
1346 900 1511 944 extrin-

192 967 345 1012 secus²
375 977 546 1022 quoque
576 962 732 1006 officiis
758 959 965 1016 publicis,
997 958 1261 1013 ubicumque
1281 970 1407 1001 corre
1440 961 1511 1000 tus

191 1022 410 1067 severitati
444 1019 598 1063 iudicis
636 1017 857 1068 offeratur,
903 1014 1105 1070 degeneri
1139 1015 1278 1057 morte
1319 1013 1391 1069 gla
1422 1013 1513 1055 ium

192 1085 214 1121 4
274 1078 510 1122 subiturus.
557 1074 602 1117 Si
626 1075 773 1116 autem
796 1075 940 1116 rector
964 1069 1216 1133 provinciae
1239 1069 1513 1125 propositam

191 1134 462 1179 severitatem
499 1130 567 1173 vel
607 1128 747 1184 gratia
785 1128 851 1171 vel
891 1126 1235 1170 dissimulatione
1280 1125 1512 1179 distulerit,

190 1187 438 1256 patrimonii
466 1188 597 1240 atque
635 1182 966 1227 existimationis
1006 1181 1164 1225 damno
1193 1181 1441 1225 subiciatur
1471 1185 1515 1225 et

190 1259 235 1288 1n
258 1244 390 1289 officii
413 1241 621 1297 primores
648 1239 895 1295 capitaliter
918 1237 1174 1281 vindicetur.
1228 1236 1323 1281 ΡΡ.
1345 1237 1405 1281 id.
1426 1237 1513 1281 Iul.

191 1300 357 1344 Romae
388 1297 603 1341 Gratiano
627 1307 655 1338 V
681 1301 725 1339 et
755 1293 1000 1338 Ilieodosio
1031 1294 1122 1336 AA.
1155 1306 1297 1337 conss.
1345 1297 1400 1346 [a.
1416 1296 1512 1346 380]

244 1353 274 1399 2
306 1352 498 1411 ³Imppp.
516 1350 737 1395 Arcadius
753 1349 986 1394 Honorius
1014 1354 1059 1393 ct
1089 1347 1364 1393 Theodosius
1379 1349 1512 1394 AAA.

190 1409 425 1453 Hadriano
451 1422 483 1465 p
520 1442 527 1450 .
587 1405 635 1450 Si
663 1405 905 1450 desertores
928 1404 1094 1448 inventi
1121 1405 1416 1449 resistendum
1446 1409 1514 1448 at-

188 1478 271 1521 que
299 1464 430 1508 armis
459 1476 483 1506 o
518 1461 741 1506 tinendum
770 1461 1044 1517 putaverint,
1073 1465 1298 1516 tamquam
1327 1461 1515 1506 rebelles

186 1523 232 1565 in
258 1520 366 1576 ipsis
394 1518 651 1564 temeritatis
682 1529 787 1561 suae
825 1516 1056 1560 conatibus
1086 1517 1411 1572 opprimantur:
1452 1518 1517 1562 ita

187 1582 331 1620 tamen
341 1577 371 1629 ⁴,
410 1578 460 1618 ut
497 1573 821 1629 provinciarum
858 1572 1027 1616 iudices
1075 1573 1266 1617 sollicita
1308 1574 1515 1618 cautione

188 1631 451 1688 disquirent,
502 1642 558 1673 ne
605 1629 687 1674 sub
733 1628 946 1673 falsarum
985 1629 1296 1673 tractoriarum
1340 1630 1516 1675 nomine

187 1686 442 1732 desertionis
483 1697 588 1729 suae
631 1685 795 1728 crimen
840 1684 1073 1729 defendere
1113 1685 1363 1739 moliantur,
1402 1688 1517 1731 nec¹⁵

187 1742 423 1799 suppositis
453 1744 529 1784 aut
558 1741 812 1785 commentis
843 1741 1043 1797 epistulis
1082 1741 1292 1786 evadendi
1321 1742 1516 1787 habeant

187 1799 451 1843 facultatem.
510 1795 563 1840 D.
589 1808 639 1840 VJ
664 1795 707 1840 lc.
738 1795 875 1841 Mart.
907 1795 1148 1842 Ravennae
1179 1797 1430 1843 Theodosio
1460 1800 1513 1843 A.

186 1860 229 1899 et
256 1853 501 1898 Rumorido
531 1865 673 1897 conss.
1328 1859 1383 1907 [a.
1415 1859 1513 1908 403]

242 1908 271 1957 3
303 1909 445 1954 ⁶Idem
474 1909 606 1952 AAA.
637 1907 736 1953 Lon
769 1908 906 1952 iano⁷
936 1922 1019 1975 pp.
1087 1909 1172 1964 Qui
1200 1909 1366 1954 relictis
1402 1911 1514 1954 mili-

186 1966 351 2010 taribus
382 1964 538 2009 castris
567 1976 616 2009 se
645 1964 703 2008 ad
738 1921 1100 2020 depraedatmnes
1129 1966 1196 2009 vel
1235 1966 1515 2011 latrocinium

189 2021 470 2074 contulerint,
508 2020 783 2065 severitatem
825 2019 985 2064 iudicis
999 2024 1016 2049 ⁸
1056 2034 1147 2065 non
1191 2021 1392 2066 evadant.
1458 2022 1512 2067 D.

193 2089 308 2121 VIIII
333 2075 375 2121 lc.
405 2076 549 2135 April.
609 2075 849 2120 Ravennae
877 2075 1074 2120 Arcadio
1112 2078 1163 2121 A.
1204 2089 1253 2122 VJ
1289 2083 1334 2123 et
1360 2078 1513 2123 Probo

185 2146 246 2178 vc.
278 2145 419 2178 consa
1324 2138 1382 2187 [a.
1414 2139 1512 2188 406]

537 2330 787 2379 XXXXVI
825 2329 1156 2391 (XXXXVII).

624 2426 700 2466 DE
730 2424 1064 2466 VETERANIS.

241 2520 264 2569 1
301 2520 415 2580 Imp.
447 2520 762 2567 Constantinus
790 2520 842 2565 A.
882 2534 980 2564 cum
1016 2521 1247 2566 introisset
1277 2523 1515 2588 principia

183 2583 226 2622 et
261 2577 485 2622 salutatus
518 2582 634 2622 esset
670 2590 698 2620 a
727 2576 983 2635 praefectis
1017 2582 1063 2622 et
1100 2577 1290 2622 tribunis
1327 2583 1374 2622 et
1407 2580 1516 2624 viris

182 2633 558 2686 eminentissimis,
596 2632 889 2677 acclamatum
928 2637 1020 2677 est:
1055 2633 1256 2689 Auguste
1296 2633 1514 2679 Constan-

181 2689 285 2744 tine,
315 2689 422 2733 deus
447 2693 492 2733 te
515 2689 642 2734 nobis
667 2688 865 2733 seruet⁹z
895 2693 1042 2733 vestra
1058 2690 1176 2734 salus
1201 2694 1355 2734 nostra
1371 2692 1512 2736 salus:

190 2750 203 2788 1
264 2758 364 2790 vere
400 2745 604 2800 dicimus,
643 2745 777 2789 iurati
815 2743 1010 2789 dicimus.
1078 2745 1279 2790 Adunati
1315 2748 1517 2792 veterani

183 2802 570 2846 exclamaverunt:
599 2801 884 2844 Constantine
913 2801 1136 2856 Auguste,
1169 2815 1255 2857 quo
1286 2815 1367 2847 nos
1397 2809 1514 2848 vete·

183 2870 315 2902 ranos
330 2857 487 2911 factos,
519 2857 558 2902 si
571 2858 736 2900 nullam
762 2856 1079 2911 indulgentiam
1109 2858 1355 2903 habemus?
1401 2859 1513 2904 Con-

183 2913 405 2957 stantinus
424 2914 475 2956 A.
507 2913 646 2958 dixit:
674 2913 818 2968 Magis
840 2913 1065 2969 magisque
1082 2916 1385 2961 conveteranis
1406 2917 1514 2960 meis

183 2972 206 3011 2
265 2969 579 3013 beatitudinem
608 2982 766 3024 augere
796 2969 934 3013 debeo
959 2982 1090 3024 quam
1114 2971 1322 3015 minuere.
1365 2971 1512 3017 Victo-

181 3025 308 3069 rinus
345 3031 578 3070 veteranus
615 3025 758 3070 dioeit:
798 3025 1059 3069 Muneribus
1100 3031 1144 3071 et
1184 3028 1389 3073 oneribus
1419 3029 1516 3073 uni-

180 3081 315 3125 versis
344 3081 453 3125 locis
485 3081 708 3125 conveniri
735 3094 824 3135 non
852 3082 1060 3126 sinamur.
1116 3082 1436 3129 Constantinus
1462 3087 1514 3130 A.

181 3136 323 3181 dixit:
349 3137 557 3193 Apertius
594 3137 760 3182 indica:
802 3150 915 3194 quae
954 3143 1058 3182 sunt
1097 3140 1283 3183 maxime
1316 3154 1514 3194 munera,

182 3197 205 3235 3
265 3206 377 3249 quae
391 3206 469 3237 vos
487 3194 804 3238 contumaciter
825 3195 1038 3250 gravant?
1087 3194 1288 3241 Universi
1317 3198 1516 3242 veterani

181 3248 421 3293 dixerunt:
457 3250 558 3304 Ipse
597 3251 811 3306 perspicis
851 3250 1030 3294 scilicet.
1103 3251 1424 3297 Constantinus
1461 3256 1512 3298 A.

181 3304 326 3349 dimit:
353 3304 447 3348 Iam
475 3319 593 3348 nunc
622 3306 946 3361 magnificentia
961 3307 994 3332 ¹⁰
1030 3320 1127 3351 mea
1163 3309 1367 3353 omnibus
1397 3314 1513 3354 vete-

180 3361 300 3404 ranis
339 3360 384 3404 id
425 3373 520 3404 esse
563 3375 819 3406 concessum
861 3363 1143 3418 perspicuum
1190 3364 1270 3417 sit,
1315 3377 1371 3409 ne
1416 3366 1512 3422 quis

182 3429 331 3460 eorum
359 3417 404 3459 in
434 3417 555 3461 nullo
585 3430 765 3461 munere
796 3418 910 3462 civili
938 3431 1079 3474 neque
1114 3420 1161 3463 in
1192 3421 1399 3476 operibus
1429 3435 1511 3478 pu-

181 3471 307 3516 blicis
338 3473 623 3517 conveniatur
651 3487 792 3528 neque
820 3474 866 3518 in
895 3474 1018 3518 nulla
1049 3476 1284 3520 collatione
1314 3490 1456 3533 neque
1485 3491 1514 3523 a

182 3532 206 3569 4
263 3528 590 3584 magistratibus
619 3542 674 3573 ne
707 3542 760 3573 ue
789 3530 1089 3585 vectigalibus.
1144 3533 1197 3575 In
1227 3533 1510 3588 quibuscum-

180 3597 264 3638 que
303 3584 511 3628 nundinis
554 3586 670 3629 inter
692 3586 857 3640 uerint,
902 3588 1024 3630 nulla
1067 3588 1125 3631 ad
1169 3589 1462 3634 venditionem
1478 3592 1511 3618 ¹¹

175 3678 215 3685 ,2-

181 3727 229 3777 (1)
260 3727 295 3766 si
325 3727 568 3767 desertorem
596 3741 734 3768 servus
761 3729 1008 3780 prodiderit,
1039 3729 1230 3771 libertate
1260 3731 1450 3785 donetur,
1481 3733 1517 3774 si

182 3782 395 3823 mediocris
427 3783 500 3823 Th.
573 3784 629 3835 (2)
657 3783 880 3825 forinsecus
914 3786 985 3826 Th.
1058 3787 1112 3838 (3)
1140 3807 1197 3822 =
1231 3787 1303 3827 Th.
1336 3790 1448 3839 7,18‚
1479 3799 1516 3831 11

181 3842 234 3889 (4)
265 3839 324 3878 ita
353 3841 490 3878 tamen
522 3848 646 3881 tuetur
681 3841 766 3892 Th„
798 3842 868 3880 ubi
895 3843 1111 3894 respiciunt
1140 3844 1198 3883 ad
1235 3844 1388 3885 initium
1421 3860 1517 3887 con-

181 3896 393 3935 stitutionis
426 3897 475 3935 ab
493 3895 730 3936 Iustinianis
755 3898 936 3937 omissum
994 3898 1047 3948 (5)
1079 3911 1130 3938 ne
1163 3899 1236 3939 Th.
1296 3901 1422 3951 (6)=
1441 3902 1516 3942 Th.

188 3952 351 3999 7,1s‚15
412 3951 464 4001 (7)
494 3950 757 4004 Longiniano
777 3954 840 4001 11,
857 3961 890 4001 4,
909 3951 953 3992 1‘?
986 3954 1259 4005 Th.13,11,11
1320 3957 1376 4006 (s)
1407 3956 1517 3997 iudi-

180 4005 251 4055 cis]
269 4005 475 4057 publicam
495 4006 568 4048 Th.
628 4009 684 4059 (9)
702 4007 761 4047 dii
786 4010 826 4047 te
841 4008 958 4047 nobis
974 4012 1137 4049 servent
1155 4011 1227 4050 Th.
1288 4011 1363 4063 (10)
1379 4014 1516 4053 muni-

181 4061 343 4100 ficentia
375 4063 447 4102 Th.
529 4062 598 4114 (11)
629 4063 679 4102 ad
708 4062 985 4103 venditionem
1016 4067 1122 4117 dett,
1154 4066 1204 4105 ad
1235 4067 1516 4110 inventionem

187 4117 288 4166 ΟΧ,
328 4117 606 4157 advectionem
638 4119 702 4168 K,
745 4134 816 4160 om.
850 4119 924 4160 Th.
1012 4122 1085 4172 (12)
1114 4134 1234 4173 super
1272 4123 1516 4176 compellere

188 4172 272 4221 Th„
321 4172 593 4224 superpellere
638 4172 692 4224 1⁶,
743 4187 863 4226 super
911 4175 1058 4226 pellem
1104 4178 1199 4229 01⁰,
1243 4178 1432 4231 supplere
1471 4181 1518 4221 K

183 4227 253 4277 (13)
283 4228 447 4278 optimis
466 4259 473 4266 .
494 4260 501 4267 .
522 4259 529 4267 .
547 4229 703 4280 agitare
734 4246 805 4270 om.
839 4231 913 4271 Th.
1007 4231 1079 4282 (14)
1112 4243 1288 4285 expectes
1306 4236 1403 4288 fere
1432 4249 1514 4276 ser-

183 4284 328 4321 ventur
414 4284 487 4334 (15)
519 4297 639 4324 onere
671 4297 736 4324 eos
767 4287 870 4338 edd„
901 4287 1018 4327 oneri
1049 4299 1115 4327 eos
1135 4289 1190 4337 K,
1220 4290 1385 4330 honeris
1420 4289 1512 4344 01⁶,

184 4349 248 4375 eos
277 4337 322 4377 1⁰
407 4340 482 4390 (16)
516 4345 572 4386 §7
605 4355 677 4380 om.
711 4341 781 4381 le.

190 4393 222 4438 l,
255 4401 311 4442 40,
344 4401 363 4432 2
458 4394 534 4445 (18)
565 4395 637 4445 qui
669 4396 757 4447 Th,
802 4411 872 4437 om.
913 4399 1009 4439 libri
1101 4399 1175 4449 (19)
1207 4404 1380 4442 rectores
1416 4416 1510 4455 pro—

242 4551 499 4597 XXXXVII
529 4553 558 4618 3
608 4555 657 4599 Si
687 4557 787 4619 quis
825 4571 1102 4616 quocumque
1143 4561 1272 4604 modo
1312 4563 1358 4605 in
1399 4563 1513 4607 bello

191 4613 389 4649 mortuus
427 4610 589 4663 fuerit,
627 4611 749 4665 filius
778 4612 891 4665 eius,
928 4614 968 4656 si
1008 4619 1178 4658 tantum
1217 4629 1330 4660 unus
1368 4623 1510 4670 eaetat,

1505 134 1611 192 478

2509 146 2586 184 DE
2622 145 2928 187 VETERANIS

1596 289 1619 326 5
1678 281 1966 340 proponenda
2003 281 2109 326 dare
2149 280 2383 326 debebunt.
2458 281 2692 326 Publicani
2741 297 2826 340 quo
2859 295 2929 333 ue,

1592 343 1643 383 ut
1680 339 1824 382 solent
1872 338 2101 392 agentibus
2149 350 2282 393 super
2329 337 2590 392 compellere
2605 339 2651 391 ¹²,
2696 339 2751 382 ab
2793 340 2831 384 is
2863 352 2932 383 em

1592 394 1810 439 veteranis
1862 396 2161 438 amoveantur.
2250 393 2396 447 quiete
2449 397 2552 458 post
2601 392 2773 439 labores
2826 407 2932 439 suos

1594 456 1619 494 6
1639 453 1699 503 (1)
1756 449 2008 506 perenniter
2041 450 2340 506 perfruantur.
2412 448 2544 492 Flsco
2581 452 2731 494 nostro
2761 462 2934 514 quoque

1595 506 1748 550 eadem
1787 505 1978 561 epistula
2017 505 2344 558 interdiximus,
2382 508 2433 546 ut
2468 504 2635 548 nullum
2664 517 2841 551 omnino
2878 518 2935 551 ex

1595 562 1665 606 his
1694 561 1981 616 inquietaret:
2014 561 2092 606 sed
2120 562 2255 606 liceat
2272 561 2333 604 eis
2357 571 2499 604 emere
2519 564 2564 604 et
2587 561 2790 612 vendere,
2821 562 2934 618 opti-

1595 618 1676 661 mis
1713 616 1899 673 negotiis
1937 617 2170 672 pecuniam
2208 621 2404 660 tractare
2442 619 2488 659 et
2525 615 2810 660 mercimonia
2843 617 2935 672 agi-

1596 678 1692 717 tare
1710 674 1756 727 ¹³,
1787 677 1837 716 ut
1863 673 2036 727 integra
2063 673 2278 717 beneficia
2306 685 2455 715 eorum
2486 672 2569 715 sub
2600 672 2767 716 saeculi
2795 671 2939 716 nostri

1598 735 1620 773 7
1682 729 1772 774 otio
1804 732 1849 772 et
1878 741 1989 784 pace
2019 729 2307 783 perfruantur
2325 729 2372 771 ¹⁴.
2418 727 2505 771 Sed
2535 728 2667 772 etiam
2695 728 2816 772 nullo
2840 740 2937 771 mu-

1598 799 1703 830 nere
1743 785 1881 836 civili,
1920 784 1966 827 id
2007 787 2076 828 est
2116 798 2193 829 cor
2226 785 2335 829 orali
2373 785 2462 827 sive
2502 783 2746 839 personali,
2776 784 2846 829 vel
2883 782 2939 828 de

1597 842 1793 899 portorio
1811 853 1944 885 onere
1970 852 2048 884 eos
2064 842 2099 868 ¹⁵
2123 841 2180 885 ad
2214 841 2255 885 ci
2275 840 2556 885 concedimus
2574 840 2621 883 ¹⁶.
2667 839 2722 884 D.
2740 839 2782 884 lc.
2799 838 2936 898 Mart.

1598 899 1645 942 in
1675 898 1851 942 civitate
1890 895 2215 941 Velovocorum
2248 896 2542 941 Constantino
2574 897 2625 939 A.
2665 908 2715 939 VI
2751 902 2795 940 et
2826 894 2939 940 Con-

1598 954 1798 998 stantino
1833 950 1875 996 C.
1907 965 2052 996 conss.
2751 956 2807 1005 [a.
2840 954 2938 1003 320]

1656 1008 1686 1054 2
1724 1008 1885 1053 ¹⁷Idem
1913 1008 1965 1052 A.
2003 1006 2210 1052 Maximo
2242 1021 2326 1065 pp.
2391 1007 2716 1052 Providendum
2754 1011 2846 1062 est,
2884 1019 2942 1051 ne

1599 1064 1797 1109 veterani
1843 1063 2116 1120 protectoria
2162 1063 2375 1118 dignitate
2415 1064 2651 1118 cumulati,
2697 1068 2776 1108 aut
2818 1062 2942 1120 qui²⁸

1599 1123 1789 1166 honores
1819 1120 1964 1165 varios
2004 1133 2086 1176 pro
2127 1119 2295 1163 meritis
2326 1120 2418 1164 suis
2459 1120 2690 1164 consecuti
2717 1122 2843 1174 sunt,
2871 1119 2940 1162 in-

1601 1177 1806 1232 congruis
1835 1178 2075 1232 pulsentur
2103 1175 2288 1228 iniuriis,
2322 1189 2434 1229 cum,
2466 1177 2506 1221 si
2535 1177 2634 1232 quis
2662 1177 2710 1220 111
2738 1177 2824 1220 hoc
2855 1174 2940 1220 cri-

1599 1235 1715 1278 mine
1743 1233 1879 1277 fuerit
1920 1232 2242 1288 deprehensus,
2278 1235 2473 1277 rectores
2502 1232 2830 1288 provinciarum
2856 1243 2941 1288 pro

1599 1289 1902 1334 iurisdictione
1931 1301 2014 1333 sua
2053 1289 2357 1333 examinantes
2385 1288 2552 1332 factum
2587 1302 2668 1344 pro
2698 1288 2771 1334 sui
2799 1287 2942 1344 quali·

1598 1350 1693 1391 tate
1723 1359 1798 1390 eos
1830 1349 2063 1390 coerceant
2075 1344 2120 1388 ²⁹.
2182 1343 2237 1389 D.
2270 1356 2362 1388 IIII
2387 1343 2430 1388 lc.
2462 1343 2560 1390 Ian.
2597 1345 2838 1390 Trivensw
2866 1343 2942 1388 Ia-

1600 1403 1797 1446 nuarino
1827 1406 1873 1446 et
1901 1401 2030 1446 Iusto
2062 1414 2194 1445 conss
2754 1405 2811 1454 [a.
2843 1403 2941 1453 328]

1658 1455 1687 1506 3
1721 1457 1937 1502 2¹Idem²²
1965 1458 2017 1501 A.
2057 1456 2119 1501 ad
2148 1455 2402 1514 Euaqrium
2436 1471 2470 1515 p
2508 1492 2516 1501 .
2596 1456 2830 1508 Veterani,
2869 1455 2944 1513 qui

1601 1527 1655 1558 ex
1684 1514 1962 1570 neglegentia
1990 1514 2108 1557 vitae
2138 1525 2282 1568 neque
2309 1525 2387 1557 rus
2417 1526 2468 1557 co
2488 1515 2570 1557 unt
2607 1525 2750 1570 neque
2778 1511 2944 1569 aliquid

1599 1571 1835 1615 honestum
1873 1574 2113 1626 peragunt,
2164 1569 2242 1614 sed
2282 1569 2527 1613 latrociniis
2572 1582 2670 1614 sese
2713 1569 2942 1626 dederunt,

1601 1627 1806 1672 omnibus
1821 1634 2132 1671 veteranorum
2161 1625 2400 1681 privilegiis
2431 1625 2553 1670 exuti
2581 1625 2736 1682 poenis
2767 1637 2942 1680 compe-

1600 1684 1796 1728 tentibus
1853 1695 1882 1728 a
1938 1683 2265 1739 provinciarum
2332 1682 2581 1727 rectoribus
2650 1681 2964 1726 subiciantur.'

1600 1740 1655 1784 D.
1694 1752 1763 1784 III
1796 1739 1855 1783 id.
1896 1741 2011 1796 Auq.
2060 1737 2325 1783 Constantio
2366 1741 2418 1783 A.
2458 1751 2507 1782 VJ
2543 1743 2587 1783 et
2619 1737 2947 1845 Constanteffig

1601 1810 1743 1840 conss.
2755 1798 2812 1847 [a.

1657 1850 1689 1898 4
1721 1850 1868 1910 Impp.
1900 1850 2135 1895 Honorius
2179 1856 2224 1896 et
2261 1850 2538 1895 Theodosius
2567 1851 2659 1895 AA.
2699 1847 2942 1894 Eustatltio

1597 1922 1675 1966 pp.
1691 1909 1729 1935 ²³
1757 1914 1803 1952 et
1831 1907 2044 1952 Nestorio
2068 1922 2150 1966 pp.
2192 1905 2383 1970 Illyrici.
2450 1906 2609 1950 Nullus
2647 1919 2822 1958 eorum,
2840 1904 2944 1971 ,qui

1601 1964 1888 2008 sacramentis
1926 1963 2159 2007 inhaerere
2201 1963 2396 2011 desier1t,
2428 1963 2498 2007 vel
2534 1963 2684 2007 volens
2713 1964 2941 2018 permitta-

1600 2024 1673 2064 tur
1701 2020 1770 2064 vel
1797 2019 1960 2064 invitus
1997 2020 2186 2063 militare
2216 2021 2400 2075 cogatur
2429 2019 2667 2063 observare
2703 2017 2941 2062 iudicium:

1602 2075 1851 2130 sententiis,
1902 2088 2016 2132 quae
2059 2089 2148 2120 non
2191 2076 2260 2119 his
2306 2075 2550 2119 observatis
2599 2075 2719 2118 latae
2761 2073 2942 2128 fuerint,

1602 2132 1768 2175 nullam
1795 2131 2049 2175 firmitatem
2088 2131 2382 2183 habentibus,
2422 2131 2508 2175 nisi
2545 2130 2662 2174 forte
2695 2129 2944 2196 reperiatur

1600 2188 1662 2232 ibi
1690 2191 1891 2243 tempore
1912 2187 2095 2232 militiae
2115 2192 2275 2243 coepta
2304 2187 2519 2242 cognitio:
2551 2190 2660 2230 tunc
2689 2198 2806 2230 emm
2823 2184 2946 2230 velut

1601 2243 1789 2287 necdum
1833 2243 2009 2298 cingulo
2063 2243 2267 2298 deposito
2313 2243 2395 2286 sub
2439 2242 2618 2286 militari
2659 2241 2808 2286 iudice
2850 2253 2944 2285 rem

1599 2300 1786 2343 tractari
1816 2298 2020 2355 finirique
2055 2298 2352 2355 praecipimus
2365 2332 2376 2352 ,
2417 2299 2502 2342 nisi
2571 2297 2774 2354 rincipali
2809 2297 2942 2342 bene-

1599 2354 1701 2399 ficio
1740 2355 1989 2411 specialiter
2025 2354 2195 2399 indulto
2235 2354 2412 2410 quidam
2449 2367 2505 2399 ex
2539 2312 2611 2399 fiis
2655 2367 2754 2399 sese
2791 2352 2943 2398 defen-

1602 2411 1722 2455 dant.
2614 2415 2670 2464 [a.
2701 2413 2940 2463 421—422]

1924 2609 2203 2658 XXXXVII
2241 2610 2598 2672 (XXXXVHI).

1602 2707 1678 2748 DE
1719 2706 1890 2748 FILIIS
1931 2704 2307 2747 OFFICIALIUM
2352 2706 2701 2748 MILITARIUM
2739 2706 2839 2754 QUI
2878 2706 2942 2749 IN

1992 2761 2177 2803 BELLO
2209 2763 2553 2804 MORIUNTUR.

1662 2858 1683 2904 1
1733 2857 1841 2902 2⁴Im
1878 2893 1885 2902 .
1921 2858 2240 2903 Constantinus
2269 2861 2319 2902 A.
2364 2858 2425 2902 acl
2454 2857 2557 2902 Eua
2590 2860 2708 2903 rium
2737 2873 2820 2918 pp.
2889 2859 2941 2913 Ii,

1603 2916 1680 2971 qui
1709 2927 1763 2958 ex
1801 2873 2063 2959 officialibus
2102 2927 2480 2971 quorumcumque
2518 2873 2767 2959 officiorum
2804 2915 2943 2971 geniti

1604 2976 1727 3026 sunt,
1759 2970 1849 3015 sive
1878 2970 2116 3016 eorundem
2154 2976 2362 3026 parentes
2393 2971 2540 3014 adhuc
2570 2977 2846 3016 sacramento
2874 2975 2941 3016 te-

1603 3032 1764 3072 nentur
1793 3027 1884 3072 sive
1914 3029 2003 3071 iam
2033 3027 2201 3071 dimissi
2230 3032 2373 3081 erunt,
2403 3027 2449 3071 in
2479 3032 2714 3083 parentum
2742 3027 2943 3072 militiam

1602 3085 1875 3128 vocentur²⁵.
1936 3083 1989 3127 D.
2021 3083 2145 3142 prid.
2185 3097 2288 3127 non.
2320 3084 2435 3141 Auq.
2481 3083 2630 3128 Basso
2669 3090 2715 3128 et
2751 3082 2942 3184 Ablggip

1603 3154 1746 3184 conss.
1974 3178 1979 3182 .
2770 3153 2811 3184 a,

1658 3194 1690 3242 2
1722 3195 1790 3240 Im
1821 3210 1899 3254 pp.
1934 3194 2179 3241 Gratianus
2221 3195 2564 3240 Valentinianus
2593 3202 2638 3241 et
2667 3143 2944 3242 The'bdosiu}

1601 3253 1732 3297 AAA.
1810 3253 1979 3296 soterio
1991 3253 2041 3296 ²⁰.
2105 3251 2245 3296 Filios
2284 3252 2671 3308 primipilariorum
2708 3254 2943 3309 paternam

1601 3322 1649 3354 se
1680 3309 1727 3353 ui
1758 3308 2062 3353 condicionem
2091 3310 2328 3366 oportet²⁷.
2725 3313 2781 3362 [a.
2813 3309 2940 3361 380?]

1653 3323 1686 3412 (ὲ
1727 3361 1876 3406 28Ἐάν
1924 3378 1990 3408 τις
2038 3365 2087 3408 ἐν
2137 3363 2316 3418 πολέμῳ
2360 3362 2598 3424 τελευτήσῃ
2642 3361 2943 3419 ὁπωσδήποτε

1711 3436 1767 3465 στ
1798 3418 2076 3476 ατευόμενος,
2119 3419 2142 3462 ὁ
2180 3420 2270 3463 υἱὸς
2311 3416 2465 3473 αἰτοῦ,
2510 3419 2589 3464 ἐὰν
2628 3420 2688 3464 εἷς
2725 3423 2870 3473 ἐστιν,
2913 3417 2942 3475 ἢ

1713 3437 1895 3521 nagal-0321
1939 3473 2122 3520 παίδων
2165 3472 2189 3519 ὁ
2233 3479 2403 3532 μείζων
2446 3478 2716 3536 παραχρῆμα
2757 3477 2817 3520 sis
2857 3474 2942 3520 τὸν

1710 3532 1854 3578 τόπον
1892 3534 1971 3575 τοῦ
2011 3530 2179 3590 πατρὸς
2208 3529 2547 3592 ὑπεισερχέσθω
2583 3537 2657 3575 καὶ
2677 3531 2773 3576 τὰς
2810 3529 2940 3578 eiuro·

1710 3603 1790 3633 vas
1816 3587 1894 3632 τὰς
1925 3584 2059 3632 αὐτὰς
2088 3586 2371 3644 λαμβανέτω,
2401 3589 2440 3631 ei
2466 3593 2594 3645 μέχρι
2622 3586 2806 3648 βιάρχου
2835 3579 2891 3643 ἦν
2914 3584 2939 3632 ὅ

1601 3733 1832 3774 vinciarum
1861 3732 2081 3772 conveniat
2108 3730 2160 3771 ad
2189 3732 2307 3770 tuum
2336 3730 2538 3771 iudicium
2561 3731 2712 3773 referre
2735 3734 2859 3786 atque
2887 3733 2939 3776 ad

1601 3791 1720 3830 tuum
1759 3786 1941 3829 officium
1979 3786 2210 3839 praedictos
2247 3787 2444 3839 dirigere,
2484 3790 2530 3827 ut
2567 3787 2720 3829 factum
2759 3801 2835 3842 pro
2873 3791 2939 3831 sui

1602 3845 1801 3897 qualitate
1829 3844 1957 3897 possit
1995 3842 2191 3884 facillime
2228 3843 2405 3884 coerceri
2437 3844 2510 3884 Th.
2625 3845 2705 3897 (2ο)
2734 3845 2823 3885 Ian.
2857 3846 2938 3899 [ac-

1601 3899 1820 3954 cepta...]
1850 3899 2062 3940 Triveris?
2158 3900 2232 3951 (21)
2261 3920 2316 3935 =
2350 3900 2421 3940 Th.
2455 3902 2493 3950 7,
2525 3909 2584 3951 2ο,
2618 3910 2635 3941 7
2732 3903 2809 3954 (22)
2838 3902 2935 3956 imp.

1602 3956 1869 3998 Constantius
1898 3958 1945 3995 A.
1977 3957 2102 3997 scribi
2130 3957 2277 4006 debuit,
2308 3957 2360 4008 cs.
2379 3955 2452 3996 Th.
2471 3958 2508 4007 7,
2527 3965 2585 4005 20,
2604 3965 2624 3998 6
2683 3958 2760 4009 (23)
2791 3957 2936 3998 Orien-

1600 4014 1653 4054 tis
1683 4016 1755 4055 ins.
1859 4013 1937 4062 (24)
1968 4032 2024 4047 =
2054 4011 2129 4053 Th.
2161 4014 2199 4063 7,
2231 4020 2285 4063 22,
2316 4019 2358 4054 3:
2390 4013 2507 4066 {unqe
2539 4013 2612 4053 Th.
2649 4014 2710 4064 12,
2741 4021 2773 4064 1,
2802 4022 2857 4055 19.
2890 4023 2935 4055 2ο

1601 4071 1680 4121 (25)
1710 4069 1754 4109 111
1792 4070 2009 4120 parentum
2048 4066 2185 4107 locum
2223 4067 2447 4120 procedant
2490 4068 2563 4108 Th.
2664 4069 2744 4119 (26)
2774 4069 2826 4120 cfi
2859 4069 2935 4110 Th.

1601 4129 1638 4176 7,
1671 4134 1728 4177 22,
1759 4133 1814 4166 11:
1853 4124 1955 4164 have
1985 4123 2155 4164 Neoteri
2195 4124 2288 4164 kn.:
2329 4125 2439 4164 cuius
2479 4132 2607 4165 tamen
2647 4125 2935 4167 constitutionis

1600 4189 1868 4237 aryumentum
1898 4181 1999 4221 adeo
2030 4180 2226 4220 diversum
2258 4188 2326 4229 est,
2356 4187 2399 4221 ut
2429 4195 2459 4220 c.
2494 4188 2513 4220 2
2545 4181 2582 4221 h.
2617 4188 2642 4222 t.
2675 4181 2733 4221 ad
2759 4195 2844 4221 eam
2875 4183 2935 4235 ef·

1587 4240 1811 4289 formatam
1843 4251 1925 4276 esse
1955 4237 2022 4276 vix
2052 4236 2125 4276 tibi
2150 4236 2399 4287 persuadeas
2484 4236 2562 4287 (27)
2592 4235 2629 4276 d.
2660 4248 2708 4275 vx
2735 4234 2791 4275 id.
2822 4237 2948 4290 Sept.-

1597 4293 1748 4334 Sirmio
1779 4291 2022 4332 Gratianov
2053 4293 2094 4331 et
2122 4291 2382 4331 Theodosioi
2400 4293 2484 4332 AA.
2516 4303 2643 4332 conss.
2677 4291 2750 4332 Th.
2769 4293 2806 4343 7,
2824 4301 2882 4344 22,
2898 4301 2934 4335 11

870 4343 944 4394 (17)
973 4363 1027 4378 =
1061 4343 1130 4382 Th.
1164 4346 1202 4394 7,
1234 4355 1291 4396 20,
1324 4357 1362 4387 5:
1396 4349 1513 4402 iunye
1598 4350 1676 4401 (28)
1709 4368 1764 4385 =
1795 4348 1837 4387 Β
1869 4350 1933 4397 57,
1965 4357 1998 4397 7,
2030 4356 2048 4388 3

1600 4566 1667 4610 vel
1694 4579 1719 4611 e
1786 4564 1958 4608 iuribus
1995 4567 2141 4609 maior
2179 4571 2290 4610 natu
2324 4565 2476 4610 statim
2512 4565 2559 4608 in
2598 4565 2743 4610 locum
2779 4569 2932 4626 patris

1599 4633 1728 4666 succe
1760 4624 1809 4664 at
1827 4625 1871 4664 et
1896 4634 2101 4665 annonas
2115 4622 2211 4666 eius
2234 4622 2442 4678 accipiat,
2467 4621 2508 4664 si
2519 4626 2660 4678 pater
2681 4636 2772 4667 non
2793 4637 2930 4681 super
