3094 4732
171 129 246 170 DE
279 125 648 174 AQUAEDUCTU

173 264 343 322 copiam
373 266 440 308 vel
472 265 574 308 olim
601 265 670 308 vel
699 277 820 308 nunc
850 276 930 320 per
959 265 1114 307 nostra
1142 264 1313 310 indulta
1343 279 1510 311 merue-

170 325 296 372 runt,
349 322 491 364 ¹usum
533 326 612 364 aut
655 333 709 364 ex
755 319 946 364 castellis
990 323 1070 362 aut
1112 332 1166 363 ex
1209 321 1316 377 ipsis
1356 322 1510 366 formis

169 377 375 422 iubemus
409 377 598 420 elicere²
626 389 768 433 neque
802 388 950 420 earum
983 374 1231 419 fistularum
1269 392 1379 433 quas
1418 393 1511 423 ma-

169 433 304 477 trices
334 435 494 476 vocant
523 445 699 476 cursum
739 443 793 475 ac
833 429 1097 474 soliditatem
1139 438 1403 489 attemptare
1442 436 1510 478 vel

174 491 194 533 1
255 489 313 532 ab
351 488 447 544 ipso
485 489 764 544 aquaeductu
806 486 997 531 trahere.
1067 487 1194 539 Quod
1233 490 1271 533 si
1301 490 1399 545 quis
1429 491 1509 534 ali-

169 548 239 589 ter
266 544 442 596 fecerit,
484 557 574 588 non
617 544 759 588 solum
786 542 832 586 id
860 542 977 598 quod
1015 543 1140 598 prius
1179 545 1278 589 iure
1307 545 1512 590 beneficii

170 601 317 645 fuerat
369 603 633 644 consecutus
684 598 879 649 amittat,
924 610 1073 642 verum
1123 613 1204 656 pro
1252 601 1511 645 condicione

171 668 345 728 quoque
368 667 585 712 personae
610 654 882 699 severissima
903 666 1048 710 poena
1071 655 1301 712 plectetur.
1340 656 1395 701 D.
1417 668 1446 700 V
1464 655 1508 700 lc.

171 716 294 771 cept.
324 711 497 756 Romae
525 711 719 755 Timasio
749 716 795 755 et
817 709 1034 755 Promoto
1066 725 1209 756 conss.
1325 716 1381 766 [a.
1410 715 1508 764 389]

227 767 260 816 4
291 766 457 826 ’Imppn
472 767 696 811 Arcadius
717 771 762 810 et
777 765 1015 810 Honorius
1028 768 1119 811 AA.
1152 769 1330 813 Λείαν-ἑο
1359 767 1510 812 comiti

174 823 381 870 Orientis.
459 823 594 868 Usum
639 834 782 878 aquae
825 826 1014 866 veterem
1055 823 1274 880 longoque
1317 823 1508 868 dominio

172 880 460 925 constitutum
501 878 681 933 singulis
729 878 895 923 civibus
934 892 1114 923 manere
1163 893 1390 924 censemus
1427 891 1509 922 nec

171 937 261 980 ulla
285 934 519 980 novatione
543 934 727 986 turbari,
751 934 814 977 ita
837 938 1000 989 tamen,
1030 940 1082 978 ut
1104 937 1392 991 quantitatem
1419 935 1507 979 3111-

171 992 274 1048 guli,
306 1003 438 1047 quam
463 990 601 1035 veteri
628 990 810 1034 lieentia
839 991 1102 1046 percipiunt,
1143 1004 1266 1035 more
1295 1002 1435 1047 usque
1462 991 1509 1034 in

169 1052 446 1104 praesentem
489 1045 603 1090 diem
659 1046 929 1102 perdurante
972 1047 1242 1103 percipiant:
1301 1059 1510 1091 mansura

169 1116 315 1159 poena
341 1103 389 1146 in
419 1115 518 1154 eos,
559 1102 635 1157 qui
664 1102 722 1146 ad
750 1103 1032 1157 inrigationes
1072 1116 1277 1158 agrorum
1306 1103 1376 1147 vel
1404 1103 1505 1145 hor-

170 1166 316 1204 torum
343 1158 522 1202 delicias
552 1158 726 1202 furtivis
757 1172 971 1215 aquarum
1001 1159 1217 1203 meatibus
1247 1161 1507 1203 abutuntur.

170 1215 223 1260 D.
256 1214 298 1259 lc.
329 1214 442 1259 Nov.
477 1214 686 1259 Caesario
718 1220 763 1259 et
789 1215 938 1259 Attico
970 1228 1112 1259 conss.
1322 1219 1378 1268 [a.
1411 1217 1507 1266 397]

225 1270 255 1318 5
288 1269 433 1329 Impp.
476 1269 754 1314 Theodosius
792 1276 836 1315 et
875 1270 1216 1315 Valentinianus
1252 1273 1343 1315 ΛΑ.
1391 1269 1508 1329 Cyro

167 1342 244 1385 pp.
304 1326 352 1371 Si
380 1325 479 1381 quis
516 1338 596 1382 per
633 1327 822 1370 divinam
859 1326 1166 1371 liberalitatem
1203 1327 1413 1371 meruerit
1439 1327 1508 1370 ius

169 1395 324 1439 aquae,
354 1396 443 1426 non
472 1383 575 1426 viris
607 1383 862 1426 clarissimis
892 1383 1139 1427 rectoribus
1169 1383 1508 1438 provinciarum,

170 1439 247 1483 sed
275 1443 380 1482 tuae
408 1439 857 1495 praecellentissimae
885 1438 980 1482 sedi
1018 1439 1232 1482 caelestes
1263 1438 1412 1494 apices
1441 1438 1508 1482 in-

168 1496 325 1539 timare
353 1495 551 1539 debebit:
584 1495 949 1539 condemnatione
973 1498 1129 1539 contra
1156 1495 1280 1538 illum
1306 1495 1381 1549 qui
1409 1507 1508 1550 pre-

170 1564 243 1595 ces
280 1551 633 1595 moderatoribus
686 1551 912 1595 insinuare
963 1552 1149 1594 conatur
1192 1550 1511 1606 quinquaginta

167 1607 381 1651 librarum
417 1607 516 1650 auri
554 1607 626 1650 et⁴
666 1612 822 1650 contra
859 1606 1087 1649 universos
1130 1606 1509 1650 administratores

169 1663 244 1721 qui
272 1662 536 1718 rescriptum
574 1675 655 1717 per
683 1661 1012 1716 subreptionem
1050 1661 1245 1704 elicitum
1284 1662 1511 1717 suscipere

167 1719 408 1763 moliuntur
452 1718 761 1773 proponenda,
811 1716 1140 1772 apparitoribus
1185 1717 1322 1760 nihilo
1365 1718 1510 1760 minus

169 1774 405 1819 eorundem
427 1774 621 1816 virorum
651 1773 996 1817 clarissimorum
1025 1771 1278 1827 provinciae
1307 1773 1508 1816 modera-

165 1835 312 1874 torum
336 1828 790 1872 animadversionibus
812 1841 894 1882 pro
915 1828 1063 1882 vigore
1088 1828 1155 1870 tui
1181 1828 1382 1871 culminis
1405 1829 1509 1872 sub-

165 1884 390 1940 iugandis:
430 1886 477 1928 et
513 1883 786 1938 amplissima
822 1886 902 1926 tua
932 1883 1035 1927 sede
1074 1883 1367 1939 dispositura,
1405 1883 1511 1939 quid

163 1941 211 1985 in
239 1939 431 1996 publicis
460 1939 657 1991 thermis,
688 1939 792 1994 quid
813 1939 860 1982 in
886 1939 1142 1995 nymphaeis
1171 1952 1252 1994 pro
1278 1940 1509 1983 abundan-

163 1996 229 2040 tia
257 1996 417 2040 civium
445 1995 651 2040 convenit
680 1995 897 2051 deputari,
930 1995 1035 2050 quid
1062 1995 1131 2039 his
1161 1995 1382 2051 personis,
1412 1995 1510 2050 qui-

164 2054 249 2097 bus
290 2056 445 2096 nostra
483 2050 738 2108 perennitas
774 2051 981 2105 indulsit,
1032 2064 1087 2095 ex
1124 2064 1242 2107 aqua
1284 2052 1511 2108 superflua

167 2109 330 2153 debeat
356 2108 584 2164 impertiri.
1178 2113 1235 2159 [a.
1267 2111 1508 2161 440—441]

225 2162 256 2212 6
286 2163 411 2208 Idem
439 2165 530 2207 ΛΑ.
566 2162 683 2221 Cyro
720 2177 804 2222 pp.
874 2162 1025 2207 Omnis
1065 2163 1254 2208 servitus
1293 2176 1511 2220 aquarum

167 2218 471 2276 aquaeductus
499 2218 717 2263 Hadriani
753 2219 845 2263 sive
875 2218 1103 2263 domorum
1143 2220 1233 2264 sive
1261 2221 1509 2275 possessio-

166 2290 274 2320 num
303 2275 395 2320 sive
424 2276 782 2319 suburbanorum
813 2275 903 2319 sive
940 2275 1200 2319 balneorum
1230 2276 1298 2320 vel
1336 2289 1417 2332 per
1445 2276 1511 2320 di·

167 2333 292 2377 vinos
331 2331 509 2375 adfatus
549 2332 774 2375 intimatos
814 2331 858 2374 in
898 2331 1095 2385 quolibet
1133 2331 1295 2376 iudicio
1325 2332 1394 2376 vel
1431 2345 1512 2388 per

167 2388 503 2445 usurpationem
526 2388 799 2444 impertitos⁵
827 2388 1004 2443 penitus
1037 2388 1381 2442 exprobretur⁰z
1419 2401 1510 2432 ma·-

167 2446 328 2489 luimus
355 2445 516 2488 etenim
531 2444 806 2500 praedictum
835 2443 1158 2498 aquaeductum
1186 2443 1328 2487 nostri
1357 2445 1513 2499 palatii

167 2501 445 2556 publicarum
482 2500 754 2544 thermarum
792 2512 847 2542 ac
886 2500 1234 2555 nymphaeorum
1272 2500 1510 2545 commodi-

167 2557 334 2601 tatibus
364 2556 590 2600 inservire.
652 2559 697 2599 et
724 2555 1000 2599 decernimus
1031 2556 1147 2599 hanc
1179 2555 1512 2611 dispositionem

167 2613 309 2657 modis
339 2613 543 2657 omnibus
573 2613 619 2655 in
647 2617 874 2667 posterum
904 2612 1092 2666 servari,
1132 2613 1296 2655 nemini
1331 2613 1513 2657 licentia

169 2669 404 2713 tribuenda
457 2669 513 2712 ab
567 2669 721 2712 eodem
764 2667 1047 2723 aquaeductu
1099 2668 1304 2723 precibus
1350 2669 1510 2714 oblatis

169 2739 297 2769 usum
325 2737 470 2781 aquae
498 2727 648 2779 petere
670 2724 739 2767 vel
764 2737 865 2768 eum
891 2724 1053 2767 audere
1083 2724 1333 2779 perforare:
1366 2725 1510 2769 scien-

170 2783 287 2825 tibus
319 2781 409 2833 his,
451 2781 526 2836 qui
555 2781 752 2837 qualibet
781 2781 953 2824 ratione
1014 2781 1234 2824 utaverint
1262 2781 1319 2825 ad
1357 2781 1510 2825 huius-

167 2837 288 2882 modi
316 2837 520 2881 molimen
552 2837 783 2889 accedere,
822 2837 891 2880 vel
922 2837 970 2880 of
1002 2837 1091 2890 cio,
1125 2837 1161 2880 si
1190 2850 1346 2881 ausum
1374 2837 1512 2881 fuerit

166 2895 386 2938 instruere
414 2894 483 2937 vel
520 2893 666 2936 minus
695 2893 921 2937 instructis
960 2894 1165 2948 precibus
1196 2906 1376 2949 parere,
1407 2906 1509 2937 cen-

168 2953 273 2994 tena
301 2949 448 3007 pondo
479 2950 578 2993 auri
607 2949 773 2992 multae
803 2950 978 2993 nomine
1007 2949 1232 2992 fiscalibus
1262 2949 1509 2994 rationibus

172 3011 190 3049 1
253 3019 300 3050 36
340 3018 439 3050 6336
476 3005 692 3049 illaturos.
766 3004 909 3060 Super
953 3005 1022 3048 his
1067 3005 1289 3050 sancimus
1338 3006 1510 3049 sulcum

168 3061 396 3131 publicum
425 3074 641 3116 aquarum
679 3061 810 3104 nullis
839 3061 957 3105 intra
995 3061 1144 3105 decem
1173 3061 1306 3116 pedes
1338 3062 1508 3105 arbori-

172 3129 252 3160 sus
293 3118 509 3169 coartari,
554 3117 631 3161 sed
679 3130 732 3159 ex
784 3119 974 3172 utroque
1017 3118 1155 3160 latere
1201 3116 1510 3173 decempedale

170 3176 195 3216 2
250 3174 442 3228 spatium
469 3173 687 3228 integrum
717 3172 1022 3228 illibatumque
1046 3173 1226 3217 servari.
1271 3173 1510 3217 Praeterea

171 3230 224 3272 de
261 3227 479 3283 plumbeis
524 3228 685 3271 fistulis
725 3227 989 3273 ducentibus
1034 3229 1090 3272 ad
1133 3229 1352 3284 thermas,
1397 3242 1509 3284 quae

171 3284 358 3327 Achillis
388 3289 717 3339 nuncupantur,
757 3297 866 3339 quas
896 3285 1171 3340 providentia
1208 3289 1312 3329 tuae
1341 3286 1508 3339 magni-

170 3340 375 3385 ficentiae
413 3339 556 3384 factas
598 3352 695 3384 esse
737 3341 1042 3395 cognovimus,
1094 3340 1277 3384 eandem
1321 3340 1507 3389 formam

171 3400 195 3439 3
254 3396 420 3440 servari
437 3408 679 3439 censemus.
733 3396 909 3439 Etenim
923 3401 1187 3440 memoratas
1201 3396 1372 3440 fistulas
1387 3396 1509 3441 ther-

170 3453 250 3496 mis
280 3456 455 3496 tantum
485 3457 530 3495 et
557 3451 838 3508 nymphaeis‚
868 3453 1028 3508 quibus
1059 3452 1294 3495 eminentia
1323 3457 1402 3496 tua
1432 3452 1507 3496 de-

170 3509 405 3563 putaverit,
422 3509 620 3552 volumus
636 3508 867 3552 inservire:
898 3509 1110 3552 facultate
1133 3508 1384 3563 praebenda
1405 3513 1509 3552 tuae

171 3564 449 3608 sublimitatis
477 3577 503 3607 a
535 3564 807 3619 paritoribus
833 3564 1132 3608 circumeundi
1157 3564 1251 3608 sine
1275 3563 1509 3608 formidine

172 3620 327 3664 domus
366 3579 624 3665 suburbana
663 3620 821 3663 balnea
858 3620 914 3663 ad
951 3620 1285 3675 requirendum,
1326 3633 1382 3663 ne
1421 3633 1508 3675 qua

171 3676 371 3730 deceptio
402 3676 470 3719 vel
500 3676 754 3731 suppressio
785 3675 854 3718 vel
885 3676 1072 3721 insidiae
1103 3681 1257 3719 contra
1285 3675 1507 3732 publicam

172 3732 403 3775 utilitatem
435 3744 461 3774 a
492 3744 712 3787 quoquam
775 3732 918 3775 enitus
941 3733 1241 3786 attemptetur.
1303 3737 1358 3784 [a.
1379 3732 1506 3784 440?]

229 3784 257 3832 7
300 3786 425 3831 Idem
464 3789 554 3831 ΑΑ.
593 3786 882 3844 Eutycziano
912 3802 995 3846 pp.
1074 3787 1146 3830 Ad
1185 3787 1508 3842 reparationem

171 3843 474 3898 aquaeductus
499 3842 631 3886 huius
654 3844 796 3886 almae
819 3843 940 3887 urbis
967 3843 1112 3887 omnia
1127 3844 1370 3898 vectigalia,
1396 3855 1507 3899 quae

173 3899 315 3953 colligi
343 3903 534 3953 possunt
562 3911 616 3941 ex
645 3898 858 3942 universis
884 3899 1042 3942 scalis⁷
1071 3898 1200 3942 huius
1226 3899 1405 3943 inclitae
1434 3911 1507 3942 ur-

171 3955 239 3998 bis
282 3960 326 3997 et
362 3967 415 3997 ex
456 3954 670 4008 operariis
710 3955 784 4008 qui
815 3954 1035 4009 Cyzicenii
1077 3954 1302 4008 dicuntur,
1344 3955 1400 3997 ad
1437 3966 1506 3998 re·

172 4010 405 4054 fectionem
435 4009 630 4053 eiusdem
660 4010 962 4065 aquaeductus
992 4010 1249 4065 procedere:
1289 4011 1362 4053 illo
1388 4009 1506 4052 vide-

171 4067 272 4110 licet
302 4065 590 4119 observando,
622 4070 670 4108 ut
700 4078 826 4109 nemo
858 4078 1006 4109 eorum
1037 4066 1111 4121 qui
1135 4066 1204 4110 ius
1233 4078 1374 4122 aquae
1404 4078 1506 4121 pos·

172 4123 315 4166 sident
337 4134 655 4177 quamcumque
677 4121 1015 4176 descriptionem
1041 4121 1275 4165 sustineat:
1307 4134 1407 4166 nam
1430 4134 1504 4164 ex-

173 4178 386 4222 secrabile
425 4177 598 4221 videtur
636 4177 786 4222 domos
831 4177 963 4220 huius
1003 4178 1145 4221 almae
1187 4179 1309 4223 urbis
1346 4189 1505 4232 aquam

172 4233 339 4278 habere
367 4234 577 4278 venalem.

230 4287 260 4337 8
292 4289 404 4347 Imp.
439 4289 557 4333 Zeno
589 4289 639 4333 Α,
671 4287 940 4332 Adamantio
962 4301 1045 4346 pu.
1103 4288 1200 4331 Hac
1237 4288 1332 4344 lege
1362 4287 1504 4332 sanci·

173 4430 222 4479 (1)
254 4429 341 4469 eius
371 4432 444 4470 ins.
478 4431 551 4472 Th.
624 4431 678 4481 (2)
708 4431 765 4470 sic
797 4428 885 4478 Th„
917 4427 1068 4480 eligere
1099 4429 1194 4469 libri
1261 4430 1314 4481 (3)
1347 4450 1399 4464 =
1427 4428 1502 4470 Th.

176 4487 240 4538 15,
271 4494 306 4536 2,
337 4494 378 4526 7:
418 4487 535 4540 {unqe
579 4486 651 4527 Th.
686 4488 749 4535 15,
780 4493 810 4534 1,
840 4492 884 4525 36
1016 4485 1071 4534 (4)
1102 4486 1142 4523 et
1179 4485 1285 4537 dett,
1316 4493 1396 4525 cm.
1436 4483 1510 4524 KI

174 4540 228 4589 (5)
257 4540 475 4593 impetrata
493 4557 570 4584 scr.
657 4541 712 4593 (6)
743 4539 987 4606 exprobetur
1019 4540 1114 4606 ligari
1196 4540 1250 4590 (7)
1278 4539 1397 4580 scalis
1419 4539 1502 4579 Cui.

176 4611 222 4637 ex
254 4597 353 4637 libro
385 4604 421 4638 et
450 4598 506 4638 ad
535 4597 602 4637 B:
630 4593 686 4639 τὰ
715 4609 995 4654 παρεχομεανά
1026 4606 1083 4635 εις
1115 4590 1187 4635 τὰς
1218 4592 1390 4646 emmas,
1423 4593 1504 4634 cal-

1499 111 1605 171 439

2749 119 2828 173 XI
2864 122 2928 171 43

1598 281 1717 323 mus,
1757 272 1820 323 ut,
1858 268 1896 312 si
1933 267 2031 323 quis
2069 269 2381 325 amplissimam
2417 271 2740 326 praefecturam
2776 270 2928 325 guber·

1598 336 1709 368 nans
1725 337 1880 368 aurum
1896 324 2193 380 aquaeductui
2220 326 2478 381 deputatum
2504 327 2560 369 ad
2581 326 2766 369 alterum
2792 326 2929 380 quod-

1597 379 1705 423 libet
1748 393 1858 436 opus
1903 393 1992 424 non
2037 382 2388 436 aquaeductibus
2431 382 2498 425 vel
2543 394 2683 437 aquae
2726 382 2930 437 publicae

1599 440 1850 491 competens
1882 437 2172 480 extruendum
2200 438 2267 481 vel
2308 438 2548 482 curandum
2577 437 2800 492 putaverit
2828 450 2930 480 con-

1595 492 1876 544 vertendum,
1929 492 1982 535 de
2022 492 2116 537 suis
2161 493 2450 537 facultatibus
2495 493 2675 536 eandem
2720 505 2930 535 summam

1599 549 1617 588 1
1680 547 1981 602 aquaeductus
2011 548 2141 593 titulo
2172 562 2409 604 repensare
2435 551 2632 603 cogatur.
2691 547 2930 601 Separatus

1595 614 1696 644 vero
1725 603 1925 647 arcarius
1955 617 2112 648 aurum
2136 605 2437 659 aquaeductus
2465 602 2680 658 suscipiat
2708 602 2930 656 gloriosis·

1594 656 1803 700 simorum
1845 660 2074 702 consulum
2115 661 2382 703 liberalitate
2421 660 2489 701 vel
2530 658 2614 701 ex⁸
2651 657 2749 700 aliis
2794 657 2930 701 titulis

1592 711 1649 754 ad
1678 724 1816 766 aquas
1840 714 2041 768 publicas
2073 715 2397 770 pertinentibus
2428 713 2657 756 colle-ctum
2682 713 2749 754 vel
2778 716 2933 767 postea

1593 766 1900 821 colligendum.

1649 819 1679 868 9
1712 822 1836 866 Idem
1867 825 1916 866 A.
1951 822 1987 866 S
2020 825 2188 867 oracio.
2235 824 2480 880 Diligenter
2502 823 2757 877 investigari
2782 823 2931 866 decer-

1590 877 1748 930 nimus,
1780 879 1854 933 qui
1894 879 1984 933 pub
2003 879 2062 922 ici
2100 879 2156 922 ab
2194 879 2323 922 initio
2362 878 2507 922 fontes
2536 878 2618 929 vel,
2658 891 2757 921 cum
2786 883 2933 922 essent

1591 934 1648 977 ab
1677 932 1802 977 initio
1842 934 2024 990 privati,
2061 937 2296 989 postquam
2332 933 2510 988 publice
2548 947 2679 976 11311111
2716 935 2931 988 praebue-

1592 994 1709 1040 runt,
1740 990 1797 1033 ad
1825 990 2098 1045 privatorum
2127 1003 2255 1033 usum
2287 989 2487 1032 conversi
2515 994 2632 1041 sunt,
2674 989 2765 1032 sive
2796 991 2932 1032 sacris

1593 1045 1793 1101 apicibus
1824 1059 1905 1101 per
1935 1046 2266 1101 subreptionem
2296 1045 2558 1100 impetratis,
2590 1057 2643 1089 ac
2673 1045 2810 1088 multo
2841 1058 2932 1087 am-

1593 1102 1708 1156 plius
1738 1102 1775 1145 si
1805 1102 2071 1146 auctoritate
2098 1102 2254 1145 illicita
2283 1114 2366 1144 nec
2407 1101 2606 1156 appetito
2640 1102 2788 1145 colore
2818 1101 2932 1146 sacri

1594 1158 1763 1202 oraculi
1806 1157 2059 1203 huiusmodi
2098 1157 2263 1214 aliquid
2299 1160 2642 1213 pertemptatum
2691 1157 2829 1200 fuisse
2869 1156 2933 1199 di-

1594 1214 1835 1268 gnoscitur,
1866 1218 1917 1257 ut
1944 1214 2014 1258 ius
2045 1227 2173 1257 suum
2203 1214 2350 1268 regiae
2381 1213 2548 1258 civitati
2585 1213 2845 1256 restituatur
2875 1216 2933 1266 et,

1594 1270 1711 1325 quod
1732 1271 1959 1325 publicum
1985 1271 2118 1314 fuerit
2133 1269 2383 1325 aliquando,
2414 1271 2587 1312 minime
2612 1270 2670 1313 sit
2699 1269 2932 1325 privatum,

1594 1326 1670 1369 sed
1701 1327 1758 1369 ad
1789 1339 2039 1370 communes
2069 1339 2176 1370 usus
2207 1330 2431 1370 recurrat:
2473 1327 2612 1369 sacris
2642 1325 2835 1369 oraculis
2865 1325 2934 1368 vel

1592 1382 1876 1437 pragmaticis
1903 1382 2207 1427 sanctionibus
2237 1381 2449 1426 adversus
2481 1381 2835 1425 commoditatem
2857 1395 2932 1425 ur-

1593 1437 1662 1482 bis
1702 1438 1979 1493 quibusdam·
2002 1439 2239 1494 impertitis
2282 1439 2379 1482 iure
2423 1437 2650 1481 cassandis
2689 1450 2771 1481 nec
2814 1437 2935 1492 longi

1594 1494 1805 1549 temporis
1834 1495 2184 1552 praescriptione
2214 1494 2270 1538 ad
2311 1493 2713 1539 circumscribendo.
2745 1493 2934 1538 civitatis

1595 1551 1692 1593 iura
1721 1550 1968 1606 profutura.

1653 1605 1717 1652 10
1757 1604 1882 1661 Idem
1920 1608 1970 1650 A.
2011 1605 2243 1664 Sponti0⁹.
2316 1606 2631 1657 Decernimus,
2670 1618 2727 1649 ne
2765 1605 2870 1661 quid
2908 1618 2936 1648 a

1594 1674 1871 1716 quacumque
1899 1674 2091 1717 persona
2120 1662 2318 1717 qualibet
2346 1662 2558 1717 dignitate
2597 1661 2798 1717 praedita
2830 1673 2933 1705 con-

1593 1722 1664 1759 tra
1691 1718 2047 1762 munuscularios
2064 1719 2099 1744 ¹⁰
2128 1718 2433 1772 aquaeductus
2459 1719 2527 1762 vel
2555 1718 2700 1761 fontes
2730 1717 2934 1773 publicos

1597 1776 1615 1814 1
1680 1772 1756 1827 qui
1785 1773 1842 1816 ad
1869 1774 2171 1828 aquaeductus
2204 1772 2435 1816 confluunt
2463 1776 2800 1829 pertemptetur.
2847 1773 2935 1816 Sed

1595 1829 1640 1870 et
1677 1828 1716 1871 si
1757 1829 1852 1883 quis
1891 1831 2004 1873 clam
2042 1829 2112 1873 vel
2149 1829 2297 1884 palam
2338 1829 2607 1873 auctoritate
2646 1829 2840 1873 confisus
2881 1830 2935 1872 de

1591 1882 1732 1926 isdem
1761 1886 2061 1940 paragogiis¹¹
2090 1885 2159 1927 vel
2196 1884 2395 1929 fontibus
2435 1897 2595 1940 aquam
2634 1885 2936 1929 transduxerit

1591 1939 1661 1983 vel
1704 1940 1987 1985 clandestinis
2036 1940 2206 1984 insidiis
2255 1940 2371 1984 forte
2410 1941 2702 1996 subripuerit,
2745 1940 2935 1997 publicis

1595 1999 1651 2058 2.
1678 1997 2029 2052 aquaeductibus
2070 2009 2168 2040 eam
2205 1997 2440 2041 restituere
2481 1998 2779 2053 compellatur.
2839 1997 2936 2041 Hoc

1593 2055 1724 2095 etiam
1754 2053 2065 2109 praecipimus,
2108 2066 2164 2096 ne
2192 2053 2238 2096 in
2267 2057 2494 2109 posterum
2524 2067 2549 2096 a
2579 2054 2775 2109 quolibet
2813 2053 2935 2096 iuxta

1591 2108 1771 2152 eosdem
1801 2109 2104 2164 aquaeductus
2143 2109 2339 2165 plantari
2376 2110 2718 2165 qualescumque
2754 2111 2935 2154 arbores

1592 2164 1778 2220 possint,
1809 2178 1863 2210 ne
1883 2178 1937 2209 ex
1959 2165 2168 2221 stirpibus
2198 2165 2525 2209 labefactentur
2548 2167 2744 2221 parietes
2771 2179 2935 2221 aquae-

1593 2220 1818 2274 ductuum,
1850 2221 1967 2276 quod
1996 2221 2186 2277 antiquis
2216 2221 2350 2264 etiam
2381 2221 2770 2266 constitutionibus
2799 2223 2934 2265 inter-

1595 2281 1617 2320 3
1677 2276 1844 2320 dictum
1860 2290 1957 2321 esse
1974 2277 2258 2332 dignoscitur.
2301 2277 2552 2321 Scientibus
2569 2278 2797 2330 universis,
2816 2277 2934 2332 quod

1592 2332 1638 2376 in
1669 2335 1896 2388 posterum
1923 2346 2058 2388 super
2086 2333 2336 2377 huiusmodi
2361 2333 2600 2377 commissis
2631 2334 2934 2378 suburbanum

1593 2388 1660 2432 vel
1688 2389 1918 2445 praedium
1934 2390 2003 2432 vel
2031 2390 2238 2432 balneum
2262 2390 2331 2433 vel
2355 2402 2498 2445 aquae
2521 2391 2637 2433 mola
2667 2390 2734 2433 vel
2763 2390 2933 2444 hortus,

1594 2444 1651 2488 ad
1682 2445 1806 2488 cuius
1845 2458 1973 2488 usum
2014 2458 2130 2499 aqua
2159 2445 2339 2501 publica
2378 2445 2513 2488 fuerit
2549 2446 2768 2499 derivata,
2799 2446 2866 2489 vel
2898 2447 2934 2488 si

1594 2500 1699 2556 quid
1724 2513 1778 2544 ex
1805 2501 1875 2544 his
1898 2500 2023 2544 iuxta
2049 2501 2369 2556 aquaeductum
2397 2501 2591 2558 positum
2621 2502 2678 2545 ad
2706 2515 2805 2545 eum
2834 2515 2933 2556 per-

1593 2558 1718 2609 tInet,
1751 2557 1825 2612 qui
1854 2557 2070 2612 plantavit
2095 2558 2278 2602 arbores
2303 2557 2653 2613 aquaeductibus
2676 2558 2844 2611 noxias,
2878 2558 2934 2600 ad

1594 2625 1910 2668 quemcumque
1926 2614 2144 2668 pertineat
2166 2615 2312 2657 10011111
2328 2615 2396 2657 vel
2418 2614 2636 2657 hominem
2653 2614 2719 2657 vel
2742 2613 2931 2666 domum,

1593 2669 1928 2725 proscriptionis
1958 2670 2088 2713 titulo
2120 2669 2365 2713 subiacebit
2393 2674 2438 2713 et
2475 2669 2573 2713 fisci
2600 2670 2762 2713 viribus
2791 2669 2930 2712 vindi-

1594 2725 1790 2769 cabitur:
1822 2725 1930 2768 nulli
1955 2738 2088 2779 super
2109 2725 2360 2769 huiusmodi
2390 2738 2533 2781 poena
2558 2738 2641 2769 nec
2671 2739 2752 2781 per
2780 2738 2931 2769 sacros

1594 2786 1619 2824 4
1637 2784 1697 2835 (1)
1754 2782 1903 2837 apices
1929 2782 2052 2825 venia
2076 2781 2322 2825 tribuenda.
2353 2782 2592 2826 Universos
2619 2786 2766 2824 autem
2794 2794 2930 2837 aqua-

1592 2837 1684 2881 rios
1712 2838 1780 2881 vel
1818 2850 2029 2892 aquarum
2059 2837 2279 2891 custodes,
2322 2851 2430 2892 quos
2467 2838 2821 2894 hydrophylacas
2851 2851 2930 2882 no-

1594 2894 1774 2947 minant,
1806 2894 1880 2948 qui
1911 2893 2104 2937 omnium
2133 2893 2488 2948 aquaeductuum
2519 2893 2650 2937 huius
2680 2894 2826 2948 regIae
2855 2907 2930 2936 ur-

1592 2949 1662 2992 bis
1692 2950 1920 2994 custodiae
1950 2949 2149 3004 deputati
2179 2954 2304 3002 sunt,
2335 2950 2515 3004 singulis
2545 2950 2749 2992 manibus
2779 2962 2930 2992 eorum

1592 3005 1711 3049 felici
1733 3006 1907 3050 nomine
1934 3007 2114 3048 nostrae
2137 3005 2317 3060 pietatis
2346 3005 2558 3060 impresso
2584 3005 2747 3058 signari
2777 3004 2927 3047 decer-

1592 3061 1751 3114 nimus,
1774 3066 1826 3104 ut
1850 3061 2098 3104 huiusmodi
2123 3061 2408 3104 adnotatione
2434 3060 2653 3103 manifesti
2681 3061 2768 3102 sint
2789 3060 2927 3103 omni-

1591 3117 1676 3163 bus
1706 3130 1788 3161 nec
1818 3130 1845 3160 a
1874 3117 2238 3172 procuratoribus
2269 3117 2495 3160 domorum
2518 3117 2585 3158 vel
2616 3116 2812 3170 quolibet
2840 3115 2927 3158 alio

1592 3173 1649 3216 ad
1677 3186 1786 3217 usus
1811 3173 1919 3216 alios
1946 3173 2193 3216 avellantur
2204 3173 2272 3216 vel
2293 3172 2574 3227 angariarum
2598 3172 2666 3215 vel
2695 3183 2927 3227 operarum

1594 3234 1616 3272 5
1675 3229 1850 3273 nomine
1878 3233 2125 3271 teneantur.
2173 3228 2300 3283 Quod
2326 3229 2363 3271 si
2393 3240 2519 3284 quem
2545 3241 2599 3271 ex
2624 3227 2761 3271 isdem
2790 3240 2926 3282 aqua-

1591 3284 1666 3329 riis
1695 3284 1807 3328 mori
1837 3285 2089 3338 contigerit,
2131 3297 2231 3328 eum
2259 3284 2394 3328 nihilo
2423 3284 2568 3327 minus
2607 3284 2681 3338 qui
2709 3284 2756 3327 in
2783 3284 2927 3327 locum

1591 3340 1789 3384 defuncti
1819 3341 2084 3394 subrogatur
2107 3340 2230 3395 signo
2262 3341 2414 3384 eodem
2444 3341 2588 3384 notari
2618 3340 2925 3395 praecipimus,

1590 3402 1641 3440 ut
1669 3395 1849 3439 militiae
1890 3395 2210 3450 quodammodo
2249 3396 2407 3439 sociati
2444 3395 2639 3439 excubiis
2680 3408 2820 3450 aquae
2851 3408 2925 3438 cu-

1592 3451 1847 3496 stodiendae
1868 3451 2142 3496 incessanter
2165 3452 2427 3496 inhaereant
2451 3465 2532 3496 nec
2557 3452 2812 3495 muneribus
2829 3451 2926 3494 aliis

1592 3511 1878 3562 occupentur.

1649 3562 1707 3609 11
1745 3562 1858 3621 Imp.
1891 3563 2161 3607 Anastasius
2190 3564 2240 3607 Α.
2274 3562 2434 3620 Serqio
2458 3577 2540 3620 pp.
2611 3563 2809 3606 Divinam
2841 3561 2925 3604 dis-

1590 3619 1853 3675 positionem
1893 3619 1948 3662 ab
1987 3619 2166 3663 inclitae
2202 3619 2517 3663 recordationis
2553 3619 2752 3673 principe
2782 3617 2923 3660 Theo-

1591 3674 1714 3719 dosio
1745 3687 1878 3731 super
1907 3674 1989 3726 his,
2032 3675 2104 3729 qui
2133 3688 2291 3730 aquam
2333 3675 2416 3718 sibi
2455 3674 2508 3717 de
2547 3674 2733 3728 publicis
2764 3685 2924 3727 aquae-

1592 3731 1795 3774 ductibus
1826 3743 1904 3774 seu
1934 3730 2131 3773 fontibus
2155 3731 2359 3785 praeberi
2383 3730 2645 3781 desiderant,
2675 3729 2922 3784 promulga-

1590 3791 1682 3829 tam
1697 3786 1732 3812 ¹²
1759 3786 1843 3829 hac
1874 3786 2005 3830 etiam
2034 3786 2128 3840 lege
2157 3789 2203 3829 in
2233 3800 2312 3830 sua
2341 3786 2548 3828 firmitate
2590 3785 2749 3827 durare
2780 3786 2923 3826 sanci-

1590 3855 1700 3894 mus,
1732 3844 1948 3897 quatenus
1979 3854 2105 3884 nemo
2136 3842 2204 3884 vel
2232 3842 2278 3885 in
2308 3843 2391 3884 hac
2423 3841 2719 3883 sacratissima
2750 3839 2923 3882 civitate

1590 3898 1658 3941 vel
1685 3897 1730 3940 in
1759 3897 1997 3952 provinciis
2028 3897 2122 3940 sine
2153 3898 2306 3942 divinis
2338 3897 2537 3951 apicibus
2567 3896 2620 3938 de
2651 3908 2775 3938 sacro
2809 3897 2922 3950 epis-

1589 3955 1782 3996 tularum
1821 3953 1981 3996 scrinio
2019 3965 2140 3996 more
2179 3954 2308 3997 solito
2340 3952 2517 3996 edendis
2547 3955 2592 3994 et
2630 3952 2789 3993 iudicio
2820 3956 2922 3993 tuae

1592 4008 1862 4052 celsitudinis
1902 4009 1969 4051 vel
2011 4008 2109 4050 aliis
2150 4022 2336 4064 quorum
2381 4008 2565 4050 interest
2606 4006 2815 4049 intimatis
2853 4007 2922 4049 vel

1589 4063 1842 4108 intimandis
1882 4076 2041 4117 aquam
2079 4064 2132 4107 de
2171 4065 2346 4119 publico
2386 4063 2663 4118 aquaeductu
2694 4074 2772 4105 seu
2801 4061 2923 4105 fonte

1589 4120 1766 4163 trahere
1794 4120 2091 4174 permittatur:
2123 4121 2206 4172 his,
2237 4120 2495 4175 quicumque
2521 4123 2672 4161 nostra
2695 4117 2814 4160 iussa
2830 4117 2921 4160 vio-

1588 4176 1776 4219 laverint
1814 4187 1893 4218 seu
1921 4175 2075 4219 violari
2109 4175 2429 4226 concesserint,
2462 4175 2671 4217 denarum
2708 4173 2921 4216 librarum

1587 4231 1684 4331 puri
1715 4231 2080 4330 effindemnatione
2119 4231 2292 4287 aliaque
2329 4231 2584 4285 gravissima
2622 4228 2921 4283 indignatione

1608 4299 1727 4331 enen
1775 4299 1809 4330 s.

1587 4427 1708 4467 cullis
1738 4427 1794 4476 K,
1824 4426 1944 4467 scolis
1973 4428 2002 4467 I
2068 4429 2126 4480 (8)
2158 4439 2206 4467 ex
2238 4427 2308 4477 K„
2341 4441 2412 4466 om.
2446 4426 2476 4465 I
2542 4423 2599 4477 (9)
2628 4424 2824 4477 Sporacio
2840 4440 2917 4465 scr.

1587 4483 1662 4533 (10)
1692 4482 2006 4523 minuscularios
2037 4485 2126 4523 dett.
2215 4483 2284 4535 (11)
2315 4483 2373 4522 sic
2401 4481 2597 4530 Alciatus,
2628 4479 2846 4533 parolociis
2860 4480 2918 4531 K,

1588 4537 1791 4636 {attaliffis
1827 4538 1886 4589 1⁰,
1925 4538 2130 4589 parolitiis
2170 4535 2223 4589 10,
2258 4535 2480 4589 paralogiis
2521 4539 2610 4579 dett.
2724 4535 2799 4588 (12)
2828 4551 2861 4576 c.
2891 4538 2916 4578 5
