3094 4732
161 115 163 118 Α
201 84 282 131 D}
309 82 619 123 nummus
659 85 719 125 IN
751 84 924 128 BEBUS

201 228 397 279 imum
426 242 617 299 aequum
638 235 684 277 et
710 231 878 277 iustum
901 231 1075 276 initium
1103 230 1254 278 futuro
1285 237 1541 291 praestent¹

205 291 226 333 1
288 291 532 332 certamim.
603 287 666 332 Et
713 289 920 345 quoniam
961 287 1289 344 probatioribus
1333 291 1541 346 exemplis

202 356 336 402 quam
363 343 598 389 indecorae
629 344 936 389 consuetudini
966 344 1122 388 deceat
1149 345 1390 401 indulgeri,
1423 348 1541 404 quod

197 401 248 446 in
274 400 479 445 universo
510 400 675 445 scrinio
714 400 1093 446 devotissimorum
1131 401 1420 447 libellensium
1451 404 1538 448 evi-

201 457 317 502 cisse
354 459 649 511 monstratur,
687 457 734 501 id
770 457 817 501 in
845 456 1070 501 adiutores
1108 470 1262 503 sacrae
1291 460 1538 514 memoriae,

112 551 121 557 .
198 525 428 559 sacrarum
451 513 584 557 etiam
606 513 893 569 epistularum
914 513 1269 558 transferendum
1296 528 1537 569 censemus,

199 573 264 623 ut,
293 569 368 625 qui
389 569 576 614 liberam
597 569 908 625 proficiscendi
930 569 1153 613 licentiam
1178 571 1538 627 pronuntiatione

201 629 471 670 commeatus
485 625 656 681 indepti
678 624 858 680 fuerint,
890 626 985 669 sine
1001 627 1195 682 qualibet
1219 627 1538 683 stipendiorum

199 686 279 726 aut
307 681 699 726 emolumentorum
728 681 991 726 deductione
1027 696 1211 738 peregre
1242 684 1418 739 degant,
1448 687 1537 728 ete·

200 738 318 782 nim²
345 751 427 794 pro
457 742 654 792 tempore
682 737 786 782 viris
817 738 1070 782 clarissimis
1111 740 1322 795 proximis
1358 744 1404 784 et
1431 739 1537 783 mel-

199 797 243 839 lo
275 793 456 839 roximis
496 796 576 838 ant
619 806 770 837 eorum
808 794 1083 840 adiutoribus
1129 796 1359 840 absentiae
1403 807 1540 839 causa

197 863 250 894 ve
293 849 452 894 offerre
478 849 532 893 de
557 862 638 893 suo
668 851 849 906 proprio
876 856 953 894 aut
978 865 1032 894 ex
1058 852 1245 896 annonis
1269 855 1348 895 aut
1372 851 1536 907 stipen-

200 907 282 952 diis
313 906 547 970 quicquam
575 905 820 962 relinquere
853 908 1048 963 cogendi,
1080 908 1275 963 quamvis
1303 908 1537 952 Ianuarias

197 961 412 1007 kalendas
432 961 650 1005 indultum
677 962 862 1006 excedat
886 964 1076 1019 spatium
1103 970 1147 1007 et
1171 965 1290 1008 intra
1307 976 1354 1008 se
1377 963 1537 1008 festum

199 1023 222 1062 2
281 1018 424 1063 diem³
466 1018 706 1062 contineat.
790 1020 860 1062 Ad
902 1021 1011 1064 haec
1057 1020 1166 1063 illud
1212 1020 1537 1064 observandum

197 1074 442 1127 sancimus,
487 1087 543 1118 ne
586 1074 700 1119 alius
743 1075 921 1120 adiutor
964 1078 1172 1132 propter⁴
1217 1088 1537 1131 quamcumque

196 1129 480 1176 ambitionem
504 1130 587 1184 his,
616 1131 691 1186 qui
713 1131 760 1175 in
782 1133 1007 1187 praesenti
1025 1139 1139 1185 sunt,
1169 1134 1235 1176 vel
1260 1137 1363 1188 post
1385 1145 1537 1176 eorum

195 1186 534 1232 deminutionem
565 1186 767 1240 addatur,
797 1189 901 1232 licet
930 1190 976 1232 in
998 1195 1184 1233 veterem
1215 1202 1443 1233 numerum
1467 1201 1536 1232 re-

200 1242 322 1288 dacti
347 1242 527 1287 fuerint.

253 1297 318 1347 15
360 1297 526 1357 ⁵Impp.
571 1298 772 1344 Iustinus
808 1306 853 1345 et
892 1299 1171 1344 lastinianus
1208 1301 1300 1344 ΑΛ.
1346 1300 1536 1344 Tatiano

193 1355 413 1414 mayistro
440 1355 711 1413 officiorum.
773 1357 929 1400 Certae
956 1357 1131 1412 quidem
1153 1360 1260 1400 sunt
1285 1356 1535 1422 dispositio-

194 1424 274 1456 nes
303 1411 444 1456 nostri
473 1412 679 1463 numinis,
712 1425 821 1468 quas
853 1425 989 1468 super
1017 1412 1294 1456 adiutoribus
1325 1413 1405 1456 viri
1434 1413 1535 1456 illu-

196 1467 300 1512 stris
329 1480 411 1523 pro
441 1469 641 1524 tempore
683 1470 931 1524 quaestoris
962 1469 1101 1511 nostri
1140 1468 1317 1523 palatii,
1350 1481 1537 1524 quorum

198 1528 216 1567 1
264 1523 475 1579 obsequio
499 1537 573 1568 res
595 1524 743 1579 agitur
767 1525 1033 1580 quaestoria,
1065 1525 1260 1568 dedimus
1271 1525 1301 1568 6.
1341 1525 1536 1579 Quarum

192 1580 336 1636 prima
359 1579 536 1636 quidem
552 1579 610 1624 ad
635 1581 1004 1637 supplicationem
1030 1580 1267 1624 eorundem
1284 1581 1535 1624 adiutorum

194 1637 356 1681 emissa
384 1636 600 1680 numero⁷
628 1649 795 1690 eorum,
827 1638 902 1692 qui
932 1642 1059 1680 erant
1090 1637 1164 1680 illo
1193 1639 1417 1691 tempore,
1448 1651 1535 1692 quo

192 1705 349 1749 preces
379 1691 507 1736 nobis
538 1692 808 1745 obtulerunt,
841 1706 983 1748 neque
1013 1693 1204 1747 aliquem
1234 1693 1364 1736 eximi
1394 1706 1535 1748 neque

192 1749 383 1804 aliquem
411 1747 518 1791 addi
576 1749 796 1803 raecepit‚
835 1754 1149 1804 praeterquam
1179 1748 1217 1791 si
1257 1749 1352 1802 quis
1385 1762 1536 1792 eorum

190 1804 260 1848 vel
288 1803 346 1848 ad
373 1803 512 1847 laterc
563 1804 680 1847 ensis
708 1804 895 1859 gradum
918 1805 964 1846 in
995 1803 1157 1847 scrinio
1188 1816 1343 1847 sacrae
1373 1818 1534 1848 memo-

188 1860 282 1904 riae
309 1859 378 1903 vel
405 1858 464 1902 ad
493 1859 736 1902 secundum
760 1861 908 1903 locum
937 1860 983 1903 in
1014 1860 1187 1903 duobus
1217 1859 1316 1902 aliis
1347 1860 1535 1911 scriniis,

187 1916 234 1959 id
265 1919 332 1959 est
359 1927 592 1959 sacrarum
616 1915 908 1972 epistularum
938 1927 1256 1971 sacrorumque
1285 1915 1534 1959 libellorum

189 1975 235 2016 et
264 1971 574 2027 cognitionum,
604 1976 841 2027 provectus
872 1971 1028 2015 fuerit:
1062 1985 1164 2014 nam
1193 1971 1263 2014 his
1294 1971 1428 2015 licere
1459 1972 1533 2015 de-

188 2027 447 2073 sistentibus
488 2027 544 2071 ab
594 2027 810 2071 adiutoris
856 2027 1004 2071 officio
1051 2028 1161 2071 alios
1205 2041 1285 2083 pro
1331 2040 1379 2071 se
1423 2040 1533 2083 quos

188 2083 407 2129 voluerint
435 2083 660 2128 adiutores
699 2084 940 2139 subrogare
980 2085 1182 2127 ultimum
1222 2084 1370 2128 locum
1399 2084 1444 2127 in
1475 2085 1533 2127 is-

189 2141 289 2185 dem
318 2139 598 2184 adiutoribus
629 2139 906 2192 obtenturos,
937 2140 1041 2184 licet
1070 2140 1344 2196 superiorem
1368 2141 1417 2184 in
1445 2154 1534 2184 me-

191 2200 216 2239 2
272 2195 532 2256 morialibus
580 2195 787 2239 habeant.
860 2197 1045 2240 Altera⁸
1087 2210 1191 2241 vero
1236 2209 1318 2252 per
1360 2210 1535 2241 sacram

220 2251 509 2308 ragmaticam
537 2250 661 2295 facta
685 2255 767 2306 est,
797 2265 878 2307 per
902 2265 1034 2307 quam
1065 2253 1268 2296 excelsae
1298 2255 1534 2298 memoriae

225 2308 378 2353 roculo
421 2307 548 2352 viro⁹
592 2311 856 2363 suggerente
887 2308 1197 2365 praecepimus
1249 2309 1350 2352 illos
1404 2310 1534 2353 etiam

188 2365 411 2410 adiutores
440 2376 574 2420 posse
601 2364 648 2408 in
679 2374 808 2408 suum
837 2365 984 2408 locum
997 2365 1032 2391 ¹⁰
1062 2364 1172 2408 alios
1201 2364 1425 2418 inducere,
1458 2367 1534 2422 qui

187 2434 267 2478 per
302 2420 493 2477 aliquem
531 2420 766 2465 fortuitum
810 2434 960 2464 casum
999 2421 1143 2464 minus
1183 2421 1367 2477 implere
1407 2435 1534 2465 suum

188 2476 384 2523 officium
398 2476 592 2529 valeant,
622 2476 759 2521 veluti
789 2477 961 2521 senium
984 2477 1054 2520 vel
1079 2477 1282 2521 morbum
1310 2478 1377 2521 vel
1401 2478 1535 2522 aliam

187 2533 487 2580 necessariam
527 2545 731 2577 causam:
780 2533 898 2589 quod
941 2546 997 2577 ex
1039 2534 1240 2588 ipsorum
1283 2534 1535 2578 adiutorum

185 2590 399 2647 petitione
427 2589 543 2633 idem
571 2589 832 2644 magnificae
857 2589 1092 2633 memoriae
1121 2590 1335 2634 Proculus
1366 2590 1423 2634 ad
1451 2603 1533 2635 nos

187 2651 212 2691 3
270 2645 455 2690 rettulit.
515 2645 602 2690 Sed
629 2645 677 2689 in
705 2646 952 2701 praesenti,
992 2647 1048 2690 ab
1079 2646 1175 2688 aliis
1205 2646 1533 2691 memorialibus

185 2707 278 2747 tam
302 2703 352 2746 in
373 2702 538 2746 scrinio
563 2714 719 2747 sacrae
747 2702 984 2747 memoriae
1014 2715 1145 2759 quam
1165 2702 1212 2745 in
1239 2703 1397 2747 ceteris
1423 2703 1532 2748 duo-

184 2760 271 2804 bus
310 2771 540 2803 sacrarum
585 2757 876 2814 epistularum
919 2771 1236 2814 sacrorumque
1282 2758 1533 2804 libellorum

185 2820 231 2860 et
260 2814 561 2870 cognitionum
597 2815 749 2858 relatis
787 2815 898 2859 aditi
938 2815 1233 2870 comperimus
1268 2814 1531 2860 deminutio·

184 2885 285 2917 nem
314 2871 556 2916 eorundem
594 2871 850 2915 adiutorum
887 2871 1090 2928 impediri
1126 2883 1208 2927 per
1242 2877 1533 2916 memoratam

183 2927 503 3028 gragmaticam
534 2926 810 2971 sanctionem
834 2931 880 2972 et
911 2927 1094 2984 insuper
1125 2926 1387 2972 venditionis
1423 2942 1530 2985 quo-

215 2983 418 3028 ammodo
455 2985 685 3027 memorati
715 2983 850 3027 officii
887 2983 1036 3028 locum
1077 2983 1379 3028 introductum
1419 2998 1529 3029 esse.

184 3044 210 3083 4
227 3043 288 3094 (1)
317 3039 446 3094 Quod
474 3052 530 3083 ne
560 3039 614 3083 de
645 3041 793 3083 cetero
824 3039 916 3095 fiat,
946 3042 1225 3097 praesentem
1255 3041 1531 3085 sanctionem

183 3095 243 3139 ad
271 3099 394 3138 tuam
423 3095 769 3150 magnitudinem
797 3096 1025 3149 mittimus,
1056 3109 1136 3152 per
1166 3108 1297 3151 quam
1325 3096 1529 3140 iubemus

182 3151 271 3197 illis
313 3151 617 3195 tantummodo
663 3151 925 3206 permissum
969 3165 1068 3196 esse
1120 3152 1362 3195 secundum
1404 3153 1529 3208 prius

183 3211 366 3252 nostrae
410 3206 664 3251 serenitatis
702 3208 966 3264 rescriptum
996 3209 1105 3252 alios
1144 3207 1192 3251 in
1222 3221 1350 3251 suum
1379 3208 1529 3252 locum

185 3264 453 3319 subrogare,
493 3262 567 3362 qui
604 3262 672 3307 vel
708 3263 1016 3309 laterculensis
1055 3263 1240 3319 gradum
1278 3263 1322 3307 in
1363 3265 1527 3309 scrinio

183 3320 419 3364 memoriae
446 3331 498 3363 ve
537 3318 780 3363 secundum
797 3319 944 3365 locum
967 3321 1014 3365 in
1040 3320 1138 3364 aliis
1162 3319 1334 3365 duobus
1352 3320 1527 3369 scriniis

183 3376 334 3432 adepti
362 3374 553 3427 fuerint,
593 3375 790 3419 secunda
826 3380 981 3421 nostra
1010 3376 1238 3421 sanctione
1277 3389 1412 3431 super
1441 3376 1527 3421 hoc

183 3432 378 3490 capitulo
410 3431 466 3475 de
495 3436 642 3475 cetero
674 3437 898 3477 cessante:
930 3433 1040 3477 nulli
1071 3433 1216 3477 danda
1243 3432 1422 3476 licentia
1452 3445 1526 3477 eo·

181 3487 369 3533 rundem
406 3487 681 3540 adiutorum,
727 3492 1036 3545 praeterquam
1079 3488 1119 3532 si
1159 3489 1218 3532 ad
1259 3492 1526 3532 memoratos

180 3544 345 3601 gradus
375 3542 681 3597 adscenderit,
717 3543 852 3588 alium
881 3558 962 3602 pro
993 3558 1041 3589 se
1069 3543 1209 3588 isdem
1247 3543 1525 3589 adiutoribus

183 3614 239 3645 ex
280 3611 559 3657 quocumque
601 3599 788 3644 fortuito
832 3613 941 3646 casu
986 3613 1324 3655 connumerare,
1379 3607 1431 3643 ut
1472 3613 1525 3646 eo

182 3656 313 3701 modo
344 3656 400 3700 ad
436 3658 627 3700 veterem
665 3668 895 3700 numerum
930 3657 1047 3701 idem
1086 3657 1311 3702 adiutores
1341 3656 1526 3700 redeant

182 3717 229 3758 et
272 3711 504 3756 duodecim
550 3711 726 3768 quidem
767 3712 815 3756 in
867 3713 1030 3758 scrinio
1076 3725 1231 3757 sacrae
1275 3711 1523 3765 memoriae,

181 3768 355 3825 septeni
391 3781 493 3812 vero
531 3766 579 3812 in
616 3767 715 3812 aliis
754 3767 928 3814 duobus
969 3769 1075 3820 sint,
1114 3769 1161 3813 id
1200 3774 1268 3813 est
1297 3780 1525 3813 sacrarum

182 3825 471 3881 epistularum
499 3835 818 3880 sacrorumque
854 3825 1104 3870 libellorum
1134 3828 1180 3869 et
1207 3825 1522 3881 cognitionum.

182 3886 206 3925 5
223 3884 283 3934 (2)
339 3880 422 3925 Illo
451 3878 655 3924 videlicet
684 3880 972 3935 observando,
1011 3894 1067 3925 ne
1098 3881 1210 3926 alius
1240 3883 1416 3926 adiutor
1444 3892 1526 3936 per

182 3947 502 3994 quamcumque
539 3935 826 3980 ambitionem
863 3936 934 3981 his
971 3937 1048 3992 qui
1086 3936 1132 3980 in
1168 3937 1389 3993 praesenti
1419 3938 1526 3980 sunt

181 3993 247 4038 vel
283 3998 387 4050 post
425 4004 577 4036 eorum
606 3991 967 4047 deminutionem,
1007 3994 1113 4037 licet
1147 3993 1194 4036 in
1222 3998 1412 4038 veterem
1441 4006 1523 4035 nu-

180 4063 349 4094 merum
379 4046 549 4093 redacti
577 4046 757 4099 fuerint,
791 4048 1004 4093 addatur:
1037 4062 1141 4093 nam
1170 4049 1209 4093 si
1236 4048 1522 4105 permutatio·

181 4119 304 4160 nem,
335 4105 440 4150 licet
462 4103 648 4148 fortuito
675 4116 805 4148 casus
831 4103 1090 4159 inciderint,
1121 4105 1349 4160 prohiberi
1376 4105 1523 4159 dispo·

180 4163 374 4215 suimus,
403 4161 542 4204 multo
572 4159 712 4214 magis
741 4159 965 4215 prioribus
995 4161 1276 4205 manentibus
1314 4161 1425 4204 alios
1454 4159 1523 4203 in·

181 4305 232 4355 (1)
259 4306 439 4358 praestet
473 4304 522 4355 Ο,
559 4305 659 4346 ostet
676 4302 756 4354 Ka,
786 4305 848 4343 est
878 4303 919 4343 et
933 4299 998 4343 K·
1055 4302 1111 4353 (2)
1144 4312 1321 4356 expectes
1351 4301 1520 4342 minime

181 4361 237 4411 (3)
269 4369 448 4414 expectes
478 4372 551 4401 nec
581 4359 694 4399 intra
722 4359 872 4400 festum
901 4357 1010 4398 diem
1037 4370 1079 4398 se
1178 4363 1231 4408 (4)
1263 4360 1428 4410 propter
1461 4356 1518 4406 K,

181 4417 345 4468 praeter
379 4417 414 4458 O
527 4418 582 4468 (5)
613 4416 666 4468 cf.
702 4416 736 4465 l,
766 4423 821 4465 31,
851 4425 869 4455 5
983 4415 1040 4463 (6)
1070 4428 1103 4454 c.
1140 4415 1187 4454 13
1212 4429 1277 4466 pr.
1314 4420 1332 4461 §
1374 4417 1384 4453 l
1423 4414 1459 4452 Ῐι.
1492 4421 1516 4454 t.

182 4472 238 4520 (τ)
267 4483 439 4513 numero
469 4473 575 4524 edd„
611 4482 828 4512 numerum
859 4470 925 4520 K,
954 4481 1171 4509 munerum
1207 4469 1242 4510 0
1314 4470 1371 4521 (s)
1402 4484 1432 4507 c.
1468 4469 1518 4510 13

185 4528 249 4575 §2
279 4528 318 4569 11.
336 4535 364 4570 e.
420 4529 477 4580 (9)
506 4527 595 4568 viro
627 4529 732 4575 dcet„
764 4525 887 4566 verbo
909 4526 956 4578 0,
988 4524 1223 4566 verbumK
1276 4526 1352 4575 (10)
1383 4523 1519 4564 locum

1025 4581 1100 4632 (12)
1129 4599 1184 4617 a·
1218 4580 1291 4622 Th.
1322 4584 1360 4631 6,
1392 4589 1448 4629 27,
1480 4588 1520 4622 14

191 4581 238 4633 0,
270 4582 444 4627 offitium
474 4584 518 4626 K
616 4585 688 4636 (11)
718 4583 762 4624 Β
792 4585 839 4634 6,
871 4591 914 4623 29

1510 75 1611 150 451

2632 86 2735 140 XII
2776 88 2852 140 19.
2891 90 2958 141 20

1624 234 1800 280 troduci
1827 237 2047 279 vetamus:
2080 236 2238 291 ceteris
2268 236 2437 282 scilicet
2461 238 2694 284 anterioris
2718 238 2956 286 sanctionis

1627 289 1836 348 capitulis
1864 291 1911 336 in
1939 304 2020 336 suo
2049 292 2209 337 robore
2237 294 2551 349 permansuris.
2772 299 2828 349 [a.
2861 298 2959 350 5271

2218 464 2364 515 XX.¹¹

1916 546 1995 587 DE
2023 546 2345 588 AGENTIBUS
2375 547 2439 587 IN
2467 547 2663 589 REBUS.

1681 625 1704 673 1
1746 626 1961 687 ¹²Imppp.
1979 627 2204 673 Arcadius
2220 628 2456 673 Honorius
2475 635 2519 672 et
2535 627 2810 673 Theodosius
2825 630 2960 676 AAA.

1621 681 1856 727 Anthemio
1896 684 2117 741 maqistro
2156 685 2428 740 officiorum.
2502 683 2664 727 Nullus
2710 684 2761 728 de
2808 686 2961 731 schola

1621 739 1842 793 agentium
1878 738 1922 781 in
1963 739 2094 782 rebus
2135 739 2188 781 de
2228 742 2375 782 cetero
2404 740 2552 782 locum
2586 740 2748 783 mortui
2779 747 2964 786 conetur

1620 793 1846 847 invadere,
1878 794 1956 836 sed
1985 794 2046 845 is,
2079 794 2154 848 qui
2176 794 2326 837 ordine
2348 794 2668 848 stipendiorum
2689 798 2734 839 et
2761 797 2963 841 laborum

1621 848 1778 893 merito
1811 849 1868 892 ad
1905 848 2088 904 gradum
2119 848 2302 892 militiae
2331 852 2613 905 sequebatur,
2653 851 2801 895 statim
2831 855 2964 909 atque

1620 905 1746 949 illum
1783 904 1879 948 fata
1918 904 2212 948 subduxerint
2238 904 2284 947 in
2323 905 2416 949 eius
2453 906 2649 962 praemia
2678 909 2962 964 percipienda

1622 961 1836 1006 succedat
1878 961 1997 1005 omni
2042 960 2299 1016 obreptione
2354 965 2568 1006 cessante.
2652 961 2706 1006 D.
2749 964 2876 1027 prid.
2918 964 2960 1009 k.

1622 1016 1707 1062 Iul.
1743 1015 2134 1074 Constantinopoli
2175 1014 2385 1061 Honorio
2425 1021 2474 1062 Α.
2516 1030 2565 1062 VJ
2601 1024 2645 1063 et
2680 1019 2961 1064 Aristaeneto

1622 1088 1766 1118 conss.
2773 1079 2830 1128 [a.
2862 1080 2959 1128 404]

1678 1128 1710 1176 2
1759 1129 1921 1174 ¹²Idem
1964 1129 2139 1173 AAA.¹⁴
2185 1128 2368 1174 Helioni
2419 1131 2637 1188 maqistro
2684 1131 2959 1189 officiorum.

1622 1187 1743 1230 Nulli
1773 1187 1959 1243 posthac
1985 1186 2078 1229 sine
2103 1189 2283 1229 nostrae
2307 1186 2550 1232 maiestatis
2573 1188 2843 1232 auctoritate
2872 1187 2963 1231 dis-

1622 1243 1822 1298 cingendi
1867 1247 2068 1298 agentem
2110 1242 2156 1284 in
2200 1242 2355 1296 rebus,
2400 1244 2510 1286 nulli
2555 1244 2774 1288 eximendi
2811 1248 2965 1300 pateat

1622 1300 1771 1355 copia:
1809 1312 1912 1342 nam
1950 1297 2143 1354 probata
2173 1298 2328 1342 schola
2356 1303 2400 1341 et
2437 1300 2861 1344 animadversionem
2890 1314 2962 1345 ve-

1620 1356 1710 1400 reri
1737 1355 1896 1399 iudicis
1925 1361 1970 1399 et
1997 1355 2164 1398 nullam
2196 1354 2327 1399 debet
2354 1355 2508 1399 timere
2533 1357 2843 1401 contumeliam
2867 1357 2962 1401 vili-

1621 1412 1740 1456 tatis.
1810 1411 1864 1455 D.
1897 1422 1966 1454 HI
2000 1410 2059 1454 id.
2100 1410 2214 1455 Nov.
2258 1409 2650 1470 Constantinopoli
2690 1412 2898 1457 Honorio
2929 1425 2963 1458 x

1621 1475 1665 1512 et
1695 1467 1945 1512 Theodosio
1987 1478 2038 1510 VI
2061 1467 2154 1510 ΑΑ.
2187 1480 2330 1511 conss.
2772 1473 2828 1522 [a.
2860 1473 2960 1523 415]

1679 1521 1708 1570 3
1734 1523 1848 1582 Imp.
1867 1523 1959 1567 Leo
1976 1524 2027 1567 Α.
2045 1521 2249 1567 Patricio
2266 1524 2484 1581 maqistro
2503 1524 2773 1581 officiorum.
2804 1525 2961 1570 Matri-

1622 1581 1767 1624 culam
1796 1583 2002 1635 agentum
2030 1579 2076 1622 in
2106 1579 2237 1622 rebus
2262 1592 2289 1622 a
2317 1583 2395 1623 tua
2426 1580 2684 1624 celsitudine
2715 1581 2962 1626 confectam

1621 1636 1902 1679 admittentes
1942 1635 2164 1689 iubemus,
2206 1648 2260 1679 ne
2292 1636 2515 1680 ducenarii
2549 1637 2651 1692 plus
2692 1650 2822 1692 quam
2854 1651 2962 1693 qua-

1621 1693 1823 1746 draginta
1855 1698 1953 1735 octo
1983 1692 2028 1734 in
2061 1691 2245 1746 cingulis
2286 1691 2535 1736 habeantur
2562 1692 2610 1736 in
2638 1698 2886 1747 posterum:
2919 1700 2963 1738 et

1620 1761 1851 1791 numerum
1894 1747 2245 1791 centenariorum
2286 1748 2464 1791 ducenti
2493 1748 2596 1801 viri,
2636 1762 2747 1805 quos
2776 1756 2962 1795 vocante

1619 1809 1818 1859 tempore
1840 1803 2004 1858 gradus
2022 1806 2321 1858 competentes
2342 1805 2608 1859 admiserint,
2632 1806 2815 1862 parique
2832 1807 2962 1851 modo

1619 1860 1904 1903 biarchorum
1934 1872 2093 1902 nomen
2124 1860 2411 1914 meritumque
2442 1860 2621 1904 ducenti
2645 1863 2963 1918 quinquaginta

1619 1916 1699 1958 viri
1730 1915 1973 1969 dumtaxat,
2005 1920 2235 1970 praeterea
2266 1916 2519 1959 circitorum
2549 1917 2738 1960 trecenti
2767 1924 2812 1962 et
2841 1920 2961 1975 equi·

1625 1977 1641 2015 1
1703 1974 1797 2015 tum
1827 1971 2135 2027 quadringenti
2165 1973 2482 2028 quinquaginta
2520 1973 2746 2029 impleant.
2807 1974 2875 2019 Sit
2913 1976 2961 2019 in

1618 2030 1847 2072 aeternum
1885 2027 1963 2070 illa
2002 2041 2176 2084 quoque
2213 2028 2303 2071 fixa
2334 2030 2592 2085 stabilisque
2632 2034 2735 2074 tuae
2765 2031 2961 2076 sublimi-

1618 2085 1723 2129 tatIs
1755 2084 1998 2140 dispositio,
2029 2090 2092 2136 ut,
2125 2084 2163 2127 si
2194 2085 2288 2139 quis
2315 2085 2369 2128 de
2393 2099 2576 2130 numero
2608 2086 2960 2143 ducenariorum,

1620 2154 1729 2197 quos
1760 2141 2052 2196 quadraginta
2069 2144 2167 2184 octo
2196 2142 2429 2195 quotannis
2456 2155 2552 2186 esse
2579 2142 2842 2198 censuimus,
2868 2145 2960 2188 for-

1618 2197 1735 2241 sitan
1765 2198 1819 2240 de
1848 2197 1947 2241 luce
1976 2197 2237 2251 migraverit,
2268 2198 2473 2241 laborum
2504 2199 2596 2243 eius
2635 2199 2831 2243 fructum
2860 2214 2959 2244 suc-

1619 2265 1817 2297 cessores
1862 2254 1918 2296 ab
1961 2253 2171 2296 intestato
2216 2254 2285 2297 vel
2330 2267 2384 2297 ex
2427 2257 2693 2299 testamento
2737 2257 2960 2301 venientes

1617 2309 1758 2352 luctui
1773 2310 1808 2337 ¹⁵
1851 2309 2132 2365 dispensent,
2186 2313 2231 2353 et
2276 2310 2339 2353 ita
2382 2311 2585 2354 omnibus
2628 2311 2744 2356 inter
2789 2316 2958 2357 ceteros

1618 2365 1879 2422 superstites
1909 2365 2138 2421 potiantur
2167 2366 2358 2420 solaciis,
2394 2369 2619 2421 tamquam
2649 2367 2686 2412 si
2716 2368 2853 2420 vivus,
2885 2369 2960 2425 qui

1617 2423 1727 2465 haec
1758 2421 1910 2465 eadem
1940 2421 2015 2465 diu
2044 2427 2309 2477 speraverat,
2342 2422 2516 2466 sibimet
2543 2423 2833 2469 vindicasset:
2873 2439 2959 2480 qua

1618 2478 1671 2522 de
1701 2490 1837 2522 causa
1874 2478 2022 2522 locum
2052 2478 2182 2521 etiam
2221 2477 2316 2522 eius
2351 2491 2660 2523 successorum
2688 2480 2852 2524 intuitu
2881 2495 2957 2525 va-

1618 2540 1640 2576 2
1701 2547 1804 2578 care
1834 2534 2076 2579 conveniet.
2145 2534 2284 2579 Nemo
2323 2539 2470 2578 autem
2501 2535 2597 2579 sine
2635 2536 2765 2580 divali
2794 2538 2956 2592 proba-

1617 2590 1746 2642 toria,
1777 2603 1911 2645 quam
1937 2590 2112 2634 codices
2134 2590 2181 2633 in
2204 2604 2332 2635 sacro
2357 2594 2518 2635 nostro·
2534 2592 2697 2636 scrinio
2721 2594 2958 2638 memoriae

1616 2647 1750 2703 positi
1778 2646 1970 2691 debeant
1995 2646 2272 2690 inserendam
2301 2647 2517 2702 accipere,
2548 2648 2809 2692 militaribus
2840 2650 2955 2694 eius-

1616 2703 1712 2747 dem
1756 2702 2064 2748 devotissimae
2107 2703 2287 2746 scholae
2330 2703 2561 2759 stipendiis
2607 2704 2675 2748 vel
2716 2705 2956 2761 privilegiis

1615 2759 1826 2816 potiatur.

1674 2815 1706 2861 4
1736 2815 1862 2860 Idem
1891 2816 1942 2858 A.
1975 2814 2177 2859 Patricio
2208 2815 2427 2872 maqistro
2459 2817 2733 2872 officiorum.
2787 2817 2858 2860 Ex
2890 2831 2955 2872 eo,

1616 2885 1701 2927 quo
1741 2872 1930 2927 primum
1970 2870 2168 2915 ducenae
2200 2871 2268 2914 vel
2306 2872 2659 2916 centenariorum
2697 2874 2879 2927 gradum
2910 2874 2956 2918 in

1615 2929 1768 2972 schola
1797 2931 2002 2981 agentum
2030 2926 2077 2970 in
2105 2927 2237 2971 rebus
2266 2927 2503 2971 militantes
2531 2929 2794 2982 meruerint,
2839 2930 2953 2973 desi-

1615 2989 1724 3028 nant
1751 2983 1798 3028 in
1828 2983 2128 3027 sacratissima
2150 2983 2352 3026 videlicet
2382 2983 2558 3027 civitate
2586 2985 2817 3028 constituti
2839 2986 2950 3029 alte·

1614 3041 1706 3084 rius
1735 3039 1895 3084 iudicis
1925 3038 2163 3083 cuiuslibet
2190 3039 2455 3083 auctoritate
2484 3040 2664 3094 pulsari,
2695 3041 2764 3084 vel
2791 3041 2838 3083 in
2867 3041 2953 3085 alio

1614 3095 1812 3153 quolibet
1840 3095 2041 3139 examine
2068 3100 2378 3150 praeterquam
2399 3095 2480 3139 viri
2508 3095 2729 3150 magnifici
2758 3096 2952 3151 magistri

1614 3152 1863 3196 officiorum
1892 3157 1935 3195 et
1965 3151 2037 3194 cui
2065 3151 2253 3195 forsitan
2277 3152 2372 3206 ipse
2404 3151 2674 3195 concesserit
2701 3152 2951 3197 actionibus

1612 3209 1680 3252 sui
1711 3208 1894 3263 quisque
1920 3207 2159 3251 adversarii
2184 3207 2467 3263 respondere.
2514 3207 2634 3263 quod
2657 3209 2793 3252 multo
2814 3209 2952 3264 magis

1610 3266 1657 3308 in
1687 3263 1985 3307 criminalibus
2017 3263 2163 3307 causis
2194 3262 2419 3307 observari
2459 3262 2755 3307 decernimus:
2793 3264 2951 3308 absur-

1611 3322 1713 3363 dum
1746 3325 1812 3363 est
1842 3319 1968 3373 enim,
1999 3322 2050 3362 ut
2078 3319 2124 3361 in
2154 3319 2247 3362 eius
2271 3319 2459 3362 salutem
2487 3320 2554 3362 vel
2585 3319 2951 3364 existimationem

1610 3377 1752 3420 valeat
1781 3375 2012 3431 quisquam
2039 3375 2240 3431 proferre
2270 3374 2556 3427 sententiam,
2588 3375 2714 3419 cuius
2745 3376 2799 3419 de
2829 3376 2952 3419 nulla

1613 3438 1630 3475 1
1692 3445 1740 3475 re
1768 3432 1910 3486 possit
1938 3430 2194 3487 pecuniaria
2221 3430 2431 3475 iudicare.
2476 3431 2619 3475 Huius
2642 3438 2789 3475 autem
2818 3432 2950 3475 bene-

1609 3487 1699 3532 ficii
1728 3487 2082 3542 praerogativam
2119 3486 2376 3531 subadiuvis
2394 3488 2430 3513 ¹⁶
2470 3487 2622 3540 etiam,
2663 3488 2738 3543 qui
2767 3488 2950 3542 singulis

1610 3544 1893 3588 inveniuntur
1930 3543 2226 3598 temporibus,
2257 3542 2419 3586 deferri
2447 3543 2671 3595 iubemus,
2701 3543 2805 3586 licet
2831 3544 2950 3587 hanc

1610 3600 1657 3643 in
1686 3613 1839 3644 eorum
1866 3612 2060 3655 persona
2081 3611 2203 3642 more
2227 3611 2403 3654 quoque
2419 3602 2565 3642 vetere
2590 3599 2756 3643 servari
2787 3612 2947 3653 cogno-

1611 3655 1823 3700 verimus:
1855 3660 1906 3699 ut
1933 3658 2083 3699 tamen
2104 3657 2208 3711 post
2236 3655 2484 3710 depositum
2509 3654 2704 3698 officium
2734 3667 2947 3698 memora-

1611 3716 1729 3766 tum,
1760 3711 1799 3756 si
1827 3724 1917 3754 non
1946 3711 2061 3754 inter
2091 3711 2368 3754 centenarios
2398 3715 2695 3763 numerentur,
2729 3710 2949 3754 communi

1611 3772 1635 3811 2
1692 3767 1781 3811 iam
1815 3768 1910 3822 lege
1948 3766 2216 3822 respondere
2254 3780 2343 3810 non
2382 3766 2615 3821 ambigant.
2691 3766 2946 3809 Praedictas

1610 3826 1756 3867 autem
1796 3836 1946 3867 omnes
1987 3821 2340 3866 centenariorum
2385 3834 2599 3887 personas
2637 3822 2681 3865 in
2723 3821 2948 3877 provincia

1609 3882 1809 3934 repertas
1858 3890 2072 3923 concessa
2114 3891 2233 3922 nunc
2275 3877 2458 3934 speciali
2499 3877 2584 3921 fori
2627 3878 2946 3932 praerogativa,

1609 3935 1696 3979 nisi
1732 3934 1938 3991 publicae
1977 3933 2271 3978 exsecutionis
2311 3933 2560 3977 sollicitudo
2600 3933 2669 3976 his
2699 3933 2948 3975 iniuncta¹⁷

1609 3992 1692 4044 sit,
1723 3992 1788 4035 uti
1818 3990 2099 4046 prohibemus
2129 4002 2289 4045 eosque
2320 3989 2641 4033 ordinariorum
2672 3988 2802 4031 etiam
2830 3989 2945 4039 iudi·

1610 4060 1708 4091 cum
1736 4060 1818 4103 pro
1849 4050 1995 4090 vetere
2023 4046 2121 4090 iure
2145 4045 2370 4090 sententiis
2396 4044 2604 4088 oboedire
2634 4043 2942 4099 praecipimus.

1665 4101 1695 4148 5
1730 4101 1867 4153 (XXI,
1901 4101 1948 4155 1)
1992 4102 2152 4151 ¹⁸Idem
2182 4103 2234 4146 Α.
2265 4100 2468 4144 Patricio
2509 4101 2725 4156 maqistro
2767 4100 2944 4155 officio-

1611 4172 1723 4202 rum.
1784 4159 1976 4213 Agentes
2014 4158 2061 4202 in
2089 4159 2245 4210 rebus,
2287 4159 2363 4212 qui
2393 4169 2473 4212 per
2510 4156 2704 4199 ordinem
2737 4156 2944 4210 consequi

1603 4301 1679 4353 (13)
1708 4320 1763 4336 ===
1798 4299 1871 4340 Th.
1901 4302 1941 4350 6,
1973 4309 2030 4347 27,
2061 4308 2100 4342 17
2216 4298 2290 4347 (14)
2322 4298 2537 4351 requiritur
2574 4297 2698 4349 impp.
2730 4296 2944 4338 Honorius

1605 4359 1645 4396 et
1675 4355 1928 4396 Theodosius
1958 4358 2043 4396 AA.
2077 4357 2146 4407 (cf.
2178 4355 2271 4403 Th.)
2329 4355 2403 4404 (15)
2433 4352 2565 4393 luctui
2596 4351 2795 4403 Cuiacius,
2825 4352 2943 4395 luctu

1605 4412 1649 4460 I,
1679 4410 1837 4451 luctum
1867 4412 1945 4457 K⁰‚
1989 4411 2150 4452 lucrum
2189 4407 2251 4451 Kb
2337 4410 2412 4459 (16)
2450 4407 2687 4449 subadiuvis
2725 4409 2830 4461 edd„
2866 4409 2942 4450 sub

1603 4467 1696 4507 aliis
1711 4464 1814 4517 KP,
1844 4467 2109 4508 subaunmus
2127 4466 2185 4517 Ia,
2216 4464 2481 4506 subaudimus
2510 4465 2573 4507 vel
2599 4463 2829 4505 subadultis
2849 4467 2942 4514 dett.

1603 4525 1677 4575 (1¹1)
1705 4524 1765 4564 sic
1795 4524 1903 4574 deta,
1933 4524 2074 4564 iuncta
2104 4521 2178 4563 KI
2285 4522 2362 4571 (18)
2394 4522 2594 4563 rubricam
2624 4520 2672 4561 de
2703 4521 2944 4574 praepositis

1605 4577 1816 4631 agentium
1845 4579 1891 4620 in
1921 4579 2042 4621 rebus
2072 4580 2173 4620 male
2203 4580 2381 4621 inserunt
2410 4578 2500 4619 edd.
