3152 4784
224 196 300 248 ΠΙ
333 195 536 245 34--36

222 341 466 398 sumptibus
489 340 580 385 suis
603 350 712 394 opus
728 336 884 380 tollere
903 340 947 380 et
963 336 1177 392 integrum
1197 330 1408 389 parietem
1423 328 1552 372 resti-

220 408 342 442 tuere
359 396 645 451 compellitur.
677 394 730 435 D.
746 391 789 434 lc.
808 390 907 434 Ian.
928 393 1064 435 Sirmi
1078 391 1169 434 AA.
1187 399 1329 450 conss.
1377 388 1433 437 [a.
1449 385 1552 450 293]

275 452 305 500 9
337 450 460 494 Idem
487 450 578 492 AA.
610 452 655 490 et
685 445 762 491 CC.
796 445 986 489 Zosimo.
1056 446 1101 488 Si
1136 444 1182 487 in
1210 441 1392 505 aedlbus
1419 451 1555 482 vicim

220 508 299 552 tibi
327 505 474 549 debita
502 502 710 546 servitute
737 500 951 555 parietem
980 501 1112 543 altius
1142 496 1389 541 aedificavit
1410 494 1552 559 Hera-

220 564 349 614 clius,
399 570 556 603 novum
604 567 714 611 opus
759 555 849 598 suis
894 556 1141 611 sumptibus
1185 564 1265 607 per
1306 548 1554 606 praesulem

218 615 468 675 provinciae
504 612 658 656 tollere
696 610 985 665 compellitur.
1054 609 1130 653 sed
1160 608 1197 650 si
1226 611 1270 650 te
1300 605 1555 650 servitutem

218 673 423 717 habuisse
473 680 561 712 non
613 665 849 721 probetur,
903 665 1085 709 tollendi
1129 662 1261 705 altius
1305 661 1554 706 aedificium

217 728 386 772 vicino¹
422 736 510 768 non
545 726 612 766 est
647 719 941 772 interdictum.
1001 718 1094 762 ΡΡ.
1135 730 1161 760 ν
1193 717 1236 760 lc.
1269 715 1381 761 Iul)
1415 715 1555 761 Sirmi

219 786 307 829 AA.
339 793 478 825 consS.
1066 829 1073 836 ,
1365 777 1422 826 [⁶1·
1454 776 1552 824 293]

276 838 338 885 10
368 835 490 879 Idem
519 833 609 876 AA.
641 835 686 875 et
716 829 792 874 CC.
826 828 1115 894 Nymphidio.
1175 828 1222 873 Si
1256 829 1338 872 tibi
1367 829 1554 873 servitu-

216 898 303 938 tem
331 902 470 946 aquae
499 886 649 931 deberi
676 899 854 942 praeses
885 885 1246 929 animadverterit
1282 897 1366 930 nec
1401 886 1554 929 hacte-

215 962 296 992 nus
319 959 408 990 non
429 947 623 987 utentem
647 943 790 998 spatio
814 942 1025 997 temporis
1046 941 1246 986 amisisse
1263 941 1553 1040 perspexerit,

214 1004 278 1047 uti
314 1005 359 1045 te
394 1001 488 1044 iure
524 999 704 1055 proprio
743 998 1005 1054 providebit.
1064 1010 1167 1040 nam
1197 997 1234 1041 si
1296 1010 1349 1041 oc
1379 997 1555 1040 minime

212 1059 442 1115 probetur,
485 1056 584 1099 loco
628 1055 809 1110 proprio
854 1054 973 1098 facto
1014 1066 1148 1109 opere
1186 1053 1388 1097 dominus
1427 1052 1556 1097 fundi

214 1113 437 1158 continere
487 1123 646 1166 aquam
700 1115 746 1154 et
795 1110 965 1164 facere,
1018 1109 1251 1164 quominus
1303 1121 1408 1164 ager
1451 1114 1555 1152 tuus

211 1169 342 1224 rigari
371 1167 524 1224 possit,
554 1179 644 1210 non
670 1166 944 1222 prohibetur.
1004 1164 1097 1209 ΡΡ.
1117 1177 1173 1209 Χ]
1202 1164 1245 1208 lc.
1270 1165 1399 1209 Febr.
1418 1163 1556 1208 Sirmi

216 1225 291 1269 CC.
324 1236 464 1267 conss.
1364 1225 1420 1273 [a.
1455 1224 1552 1272 294]

269 1279 325 1326 11
363 1277 487 1323 Idem
514 1277 606 1321 ΛΑ.
637 1281 683 1321 et
713 1275 792 1321 CC.
823 1278 1021 1322 Aurelio.
1081 1277 1166 1320 Per
1195 1289 1350 1331 agrum
1380 1275 1555 1332 quidem

211 1338 414 1389 alienum,
444 1332 520 1390 qui
548 1331 803 1377 servitutem
830 1346 922 1377 non
951 1332 1102 1385 debet,
1142 1332 1207 1375 ire
1235 1332 1304 1376 vel
1333 1345 1463 1387 agere
1490 1332 1554 1375 vi-

212 1393 308 1436 cino
337 1391 511 1434 minime
538 1389 662 1433 licet:
693 1387 760 1431 uti
788 1393 938 1432 autem
966 1389 1037 1432 via
1065 1389 1247 1444 publica
1276 1401 1404 1432 nemo
1433 1392 1556 1433 recte

211 1448 483 1504 prohibetur.
538 1444 594 1489 D.
612 1457 672 1488 XI
698 1443 873 1489 lc.1vov.
893 1443 1062 1488 Sirmi³
1081 1444 1159 1488 CC.
1192 1458 1335 1488 conss.
1379 1449 1436 1497 [a.
1456 1448 1554 1496 294]

270 1502 333 1550 12
364 1502 489 1546 Idem
517 1502 610 1545 AA.
641 1505 687 1544 et
717 1499 794 1544 CC.
830 1499 1050 1544 Valeriae.
1109 1500 1212 1545 Non
1240 1500 1396 1544 modus
1457 1513 1554 1544 rae-

211 1561 393 1614 diorum,
424 1558 501 1602 sed
530 1556 717 1601 servitus
748 1568 889 1611 aquae
915 1555 1144 1600 ducendae
1169 1556 1404 1600 terminum
1450 1557 1553 1601 acit.

210 1616 301 1660 PP.
336 1626 403 1658 ΠΙ
427 1614 470 1657 lc.
503 1612 602 1657 Ian.
636 1613 925 1656 Nicomediae
957 1611 1034 1656 CC.
1067 1626 1209 1656 conss.
1365 1617 1422 1665 [a.
1456 1613 1554 1669 294]

267 1670 330 1718 13
361 1669 494 1728 ⁴Imp.
520 1668 805 1713 lastinianus
825 1669 876 1712 A.
909 1667 1108 1712 Iohanni
1126 1683 1210 1727 pp.
1272 1668 1398 1712 Sicut
1426 1682 1556 1713 usum

208 1729 412 1780 fructum,
444 1726 520 1782 qui
549 1738 639 1768 non
669 1724 834 1768 utendo
863 1737 945 1781 per
967 1724 1192 1768 biennium
1221 1725 1267 1768 in
1298 1725 1381 1768 soli
1405 1726 1553 1778 rebus,

209 1797 287 1840 per
325 1782 482 1826 annale
520 1785 668 1825 autem
706 1785 883 1837 tempus
923 1781 970 1824 in
1007 1781 1244 1825 mobilibus
1274 1781 1341 1825 vel
1381 1794 1429 1826 se
1457 1793 1551 1825 mo-

210 1840 411 1884 ventibus
443 1838 802 1891 deminuebatur,
843 1850 933 1881 non
971 1838 1093 1893 passi
1123 1850 1274 1881 sumus
1304 1837 1556 1882 huiusmodi

209 1897 424 1941 sustinere
456 1893 815 1949 compendiosum
844 1893 1082 1945 interitum,
1115 1894 1192 1937 sed
1223 1898 1267 1938 et
1289 1893 1330 1937 ei
1354 1893 1556 1938 decennii

209 1953 276 1996 vel
304 1951 453 2007 viginti
481 1963 698 1994 annorum
727 1949 927 1993 dedimus
959 1950 1150 2006 spatium
1163 1952 1192 2002 ⁵,
1233 1951 1296 1993 ita
1335 1954 1378 1993 et
1406 1950 1453 1993 in
1484 1963 1554 1994 ce-

210 2009 312 2053 teris
356 2006 642 2051 servitutibus
685 2005 974 2050 obtinendum
1025 2018 1124 2050 esse
1177 2006 1451 2060 censuimus,
1506 2011 1557 2049 ut

210 2077 358 2109 omnes
389 2063 620 2107 servitutes
651 2075 741 2105 non
769 2062 935 2106 utendo
959 2063 1222 2106 amittantur
1244 2076 1334 2106 non
1363 2063 1554 2115 biennio,

209 2121 311 2177 quia
348 2118 651 2163 tantummodo
693 2118 776 2162 soli
804 2119 937 2162 rebus
969 2118 1167 2162 adnexae
1197 2122 1321 2171 sunt,
1363 2119 1442 2163 sed
1479 2119 1554 2162 de-

210 2176 361 2221 cennio
401 2179 556 2219 contra
592 2180 849 2230 praesentes
879 2174 946 2218 vel
976 2174 1126 2230 viginti
1162 2187 1378 2219 annorum
1409 2175 1554 2231 spatio

209 2238 362 2277 contra
392 2233 610 2285 absentes,
651 2235 702 2274 ut
741 2230 800 2275 sit
828 2231 874 2274 in
905 2230 1108 2275 omnibus
1138 2231 1393 2275 huiusmodi
1421 2233 1555 2275 rebus

211 2301 343 2332 causa
387 2287 540 2331 similis
585 2286 841 2331 differentiis
886 2287 1093 2342 explosis.
1160 2286 1216 2332 D.
1249 2300 1323 2332 xv
1356 2287 1400 2331 lc.
1439 2288 1554 2333 Νου.

212 2343 600 2401 Constantinopoli
634 2348 745 2400 post
780 2342 1062 2387 consulatum
1092 2342 1335 2402 Lampadii
1372 2348 1418 2388 et
1449 2342 1555 2388 Ore-

209 2406 303 2445 stae
331 2414 394 2446 vv.
427 2413 487 2444 cc.
1363 2403 1420 2453 [a.
1455 2403 1553 2452 531]

266 2455 329 2503 14
360 2455 485 2500 Idem
513 2456 566 2500 A.
599 2454 798 2499 Iohanni
823 2469 907 2514 pp.
978 2455 1087 2499 Cum
1124 2456 1225 2500 talis
1266 2456 1467 2512 quaestio
1508 2456 1555 2499 in

209 2514 331 2557 libris
363 2511 616 2556 Sabinianis
655 2511 931 2555 vertebatur:
973 2511 1151 2567 quidam
1192 2513 1354 2556 etenim
1395 2516 1555 2568 pactus

208 2574 276 2614 est
306 2582 405 2612 cum
435 2581 515 2612 suo
546 2568 714 2621 vicino,
756 2572 806 2611 ut
843 2567 977 2611 liceat
1018 2567 1058 2611 ei
1086 2569 1153 2612 vel
1192 2581 1273 2624 per
1301 2581 1350 2613 se
1378 2569 1446 2614 vel
1475 2581 1557 2624 per

208 2638 311 2669 suos
341 2625 540 2668 homines
569 2637 649 2680 per
678 2636 831 2680 agrum
854 2624 985 2667 vicini
1014 2624 1251 2668 transitum
1277 2624 1426 2669 facere
1448 2625 1553 2668 iter-

209 2694 292 2737 que
331 2681 494 2724 habere
533 2693 622 2724 uno
651 2679 955 2724 tantummodo
986 2693 1066 2735 per
1095 2681 1441 2737 quinquennium
1469 2680 1554 2733 die,

210 2742 426 2793 quatenus
457 2736 497 2780 ei
524 2737 704 2780 licentia
734 2735 793 2779 sit
820 2736 865 2778 in
895 2748 1023 2779 suam
1053 2736 1207 2780 silvam
1236 2736 1338 2781 inde
1363 2736 1556 2781 transire

210 2798 254 2835 et
295 2794 475 2836 arbores
518 2791 724 2835 excidere
766 2791 836 2834 vel
878 2791 1046 2844 facere,
1092 2792 1304 2847 quidquid
1343 2794 1385 2836 ei
1422 2792 1557 2835 fuerit

209 2850 372 2898 visum,
412 2852 456 2889 et
494 2847 810 2900 quaerebatur,
851 2847 1027 2899 quando
1077 2847 1331 2891 huiusmodi
1368 2849 1556 2892 servitus

211 2916 302 2945 non
338 2901 503 2944 utendo
545 2901 782 2950 amittitur,
825 2906 870 2944 et
909 2902 1083 2955 quidam
1113 2907 1401 2958 putaverunt,
1443 2904 1481 2947 si
1510 2904 1556 2945 in

212 2958 352 3022 primo
381 2957 450 2999 vel
488 2955 682 2999 secundo
723 2956 1019 3011 quinquennio
1059 2970 1139 3012 per
1178 2970 1273 3000 eam
1314 2958 1428 3001 viam
1466 2972 1556 3003 non

211 3017 322 3056 itum
351 3016 439 3064 est,
479 3011 661 3055 eandem
701 3012 956 3055 servitutem
984 3013 1160 3068 penitus
1195 3013 1291 3057 tolli
1321 3015 1449 3070 quasi
1477 3028 1557 3079 per

211 3068 433 3112 biennium
462 3080 515 3111 ea
544 3080 632 3111 non
661 3067 828 3112 utendo
859 3067 911 3111 de
946 3068 1098 3121 erdita,
1130 3070 1300 3124 singulo
1331 3070 1400 3114 die
1427 3084 1552 3126 qum-

213 3124 392 3180 quennii
419 3137 501 3180 pro
530 3136 648 3167 anno
677 3136 891 3167 numeran
924 3137 965 3177 o,
1003 3125 1100 3168 aliis
1130 3126 1263 3168 aliam
1292 3126 1557 3170 sententiam

213 3180 491 3234 eligentibus,
534 3179 660 3223 nobis
697 3179 867 3235 placuit
903 3179 966 3222 ita
1007 3193 1185 3224 causam
1223 3181 1448 3235 dirimere,
1493 3187 1555 3236 ut,

213 3237 315 3291 quja
343 3236 430 3278 iam
459 3248 539 3291 per
565 3236 704 3291 legem
733 3235 870 3278 latam
900 3248 928 3278 a
961 3237 1121 3280 nobis⁰
1159 3243 1445 3294 prospectum
1477 3243 1555 3293 est,

213 3305 269 3335 ne
306 3292 536 3335 servitutes
572 3303 653 3346 per
689 3290 911 3335 biennium
950 3305 1039 3336 non
1087 3293 1252 3338 utendo
1304 3294 1555 3350 depereant,

213 3347 290 3391 sed
318 3360 397 3403 per
426 3347 576 3390 decem
604 3347 670 3390 vel
699 3346 852 3401 viginti
889 3360 1106 3392 annorum
1143 3350 1387 3403 curricula,
1431 3355 1475 3395 et
1509 3351 1556 3395 in

212 3404 441 3458 proposita
480 3403 646 3456 specie,
686 3403 725 3446 si
759 3416 838 3458 per
878 3409 1087 3459 quattuor
1126 3406 1428 3462 quinquennia
1472 3420 1555 3451 nec

212 3472 301 3503 uno
342 3459 412 3502 die
442 3459 509 3501 vel
543 3458 639 3513 ipse
676 3459 743 3502 vel
781 3459 978 3502 homines
1017 3461 1111 3504 eius
1150 3462 1304 3506 eadem
1344 3463 1555 3507 servitute

212 3515 282 3559 usi
311 3519 428 3568 sunt,
458 3517 565 3557 tunc
594 3526 690 3558 eam
718 3515 893 3570 penitus
925 3516 1125 3559 amittat⁷
1155 3518 1307 3573 viginti
1336 3531 1554 3564 annorum

214 3571 391 3614 desidia.
463 3571 535 3626 qui
575 3570 690 3613 enim
727 3571 773 3612 in
811 3575 901 3613 tam
939 3572 1068 3626 longo
1107 3575 1367 3631 prolixoque
1407 3575 1552 3631 spatio

213 3640 341 3670 suum
369 3627 437 3670 ius
467 3625 641 3669 minime
681 3631 943 3670 consecutus
959 3631 975 3654 ⁸
1012 3634 1102 3683 est,
1145 3643 1244 3674 sera
1282 3631 1554 3687 paenitentia

216 3688 233 3725 1
296 3682 354 3725 ad
390 3681 621 3738 pristinam
659 3682 914 3726 servitutem
951 3685 1112 3728 reverti
1148 3686 1383 3731 desiderat.
1443 3688 1553 3731 Cum

210 3742 358 3783 autem
387 3737 650 3795 apertissimi
687 3737 794 3781 iuris
835 3742 903 3782 est
935 3738 1108 3784 fructus
1138 3743 1287 3788 aridos
1318 3744 1552 3788 conculca-

212 3796 330 3839 tione
372 3807 486 3850 quae
520 3794 567 3837 in
606 3806 712 3837 area
749 3794 802 3837 fit
839 3807 965 3838 suam
1003 3802 1207 3841 naturam
1243 3802 1290 3843 et
1317 3799 1553 3843 utilitatem

212 3850 464 3904 ostendere,
510 3850 669 3905 aliquis
709 3849 898 3893 vicinum
948 3865 1075 3895 suum
1113 3855 1292 3899 vetabat
1325 3855 1390 3899 ita
1433 3855 1551 3900 aedi-

209 3906 389 3950 ficium⁹
427 3906 637 3949 extollere
674 3906 800 3949 iuxta
839 3919 964 3950 suam
1003 3921 1171 3964 aream,
1213 3915 1264 3954 ut
1291 3914 1448 3955 ventus
1479 3925 1552 3955 ex-

211 3963 462 4006 cluderetur
502 3965 547 4005 et
574 3962 728 4017 paleae
758 3975 813 4005 ex
841 3963 1091 4007 huiusmodi
1120 3967 1350 4011 obstaculo
1381 3968 1553 4012 secerni

211 4032 238 4061 a
267 4018 466 4074 frugibus
495 4031 585 4061 non
614 4023 816 4084 possent,
858 4020 983 4074 quasi
1019 4025 1149 4065 vento
1189 4036 1314 4066 suam
1353 4023 1440 4067 vim
1473 4036 1553 4080 per

211 4087 382 4118 omnem
424 4075 570 4118 locum
612 4073 779 4117 inferre
829 4087 884 4117 ex
938 4075 1190 4120 huiusmodi
1242 4078 1551 4123 aedificatione

209 4130 366 4184 vetito,
413 4143 510 4173 cum
551 4130 794 4173 secundum
837 4130 1028 4196 regionis
1073 4132 1203 4176 situm
1250 4138 1295 4178 et
1338 4135 1552 4179 auxilium

210 4185 329 4228 venti
357 4198 503 4228 aream
534 4186 720 4229 accedit.
781 4198 1005 4230 sancimus
1041 4187 1190 4244 itaque
1225 4190 1390 4234 nemini
1416 4190 1552 4235 licere

211 4241 277 4284 sic
319 4241 556 4285 aedificare
598 4241 668 4285 vel
709 4241 795 4285 alio
838 4241 967 4286 modo
1012 4244 1197 4300 versari,
1252 4251 1302 4289 ut
1344 4246 1550 4291 idoneum

210 4299 385 4340 ventum
425 4301 470 4340 et
509 4296 798 4341 sufficientem
834 4297 890 4340 ad
918 4297 1168 4353 praefatum
1199 4315 1309 4358 opus
1339 4302 1551 4358 infringat

211 4443 260 4490 (¹)
289 4440 417 4480 vicini
447 4441 488 4481 P

212 4495 312 4534 stori
341 4497 440 4537 vidit
468 4495 688 4537 Mommsen

215 4550 270 4598 (6)
302 4566 333 4589 c.
366 4559 401 4591 13
434 4552 470 4591 k.
503 4559 527 4592 t.

217 4603 273 4652 (8)
305 4608 512 4646 exsecutus
540 4607 758 4648 Mommsen

217 4660 292 4707 (ιο)
322 4659 367 4697 D.
388 4673 446 4698 xv
475 4662 513 4700 k.
536 4663 639 4702 Nov.
671 4661 808 4703 Const.
840 4665 932 4714 post
960 4675 1068 4703 cons.
1094 4664 1238 4717 Lamp.
1269 4668 1310 4706 et
1323 4667 1391 4708 Or.
1408 4677 1474 4706 vv.
1491 4678 1548 4706 oc.

603 4441 656 4491 (2)
686 4439 775 4480 Ian.
806 4441 1026 4482 Mommsen
1148 4442 1202 4493 (3)
1235 4444 1387 4497 requiri
1413 4443 1548 4484 Duro-

779 4495 834 4548 (⁴)
865 4498 984 4550 iunqe
1013 4498 1052 4548 7,
1082 4506 1136 4549 31,
1166 4507 1180 4538 1

1550 174 1648 262 142

2416 184 2420 188 ’
2453 187 2530 226 nn
2565 187 2713 228 naen
2747 188 2975 238 Aemus
3027 186 3031 195 ³
3067 163 3069 167 ’

1639 328 1686 369 et
1721 324 1924 369 inutilem
1962 324 2138 373 domino
2176 339 2324 372 aream
2363 327 2424 371 et‘
2440 324 2671 371 fructuum
2698 325 2982 372 inutilitatem

1637 380 1790 424 faciat.
1848 380 1904 425 D.
1935 394 1994 425 xl
2026 382 2070 428 lc.
2102 383 2215 429 Nov.
2251 381 2645 464 Constantinopoli
2675 389 2787 442 post
2821 395 2983 428 consu-
3029 415 3046 418 ι

1639 437 1781 480 latum
1811 435 2049 495 Lampadas
2079 445 2124 484 et
2155 439 2340 485 Orestae
2369 451 2434 483 vv.
2466 450 2528 481 cc.

2053 735 2056 738 Α
2190 664 2422 714 XXXV.¹¹

2044 747 2121 787 DE
2150 748 2304 789 LEGE
2333 744 2583 793 AQUILIA.

1699 824 1722 871 1
1774 824 1889 884 Imp.
1936 827 2198 874 Alexander
2235 832 2287 873 A.
2324 826 2575 887 Glyconidi.

1638 881 1846 948 iniuriam
1890 881 2044 949 datum
2084 883 2281 930 immisso
2317 885 2366 929 in
2402 884 2558 950 silvam
2594 881 2606 893 ⁶

1639 938 1990 1038 2313131331
2057 943 2423 1042 graesae
2453 941 2659 1041 ra...

1697 1047 1728 1095 2
1767 1048 1882 1108 Imp.
1925 1048 2185 1095 Gordianus
2219 1054 2271 1096 A.
2311 1052 2542 1096 Muciano.
2609 1049 2745 1106 Legis
2782 1049 2991 1106 Aquiliae
3098 1082 3099 1085 η

1640 1105 1818 1150 actione
1846 1108 2058 1162 expertus
2087 1107 2298 1152 adversus
2330 1120 2452 1163 eum,
2493 1120 2623 1164 quem
2662 1106 2840 1151 domum
2867 1109 2991 1150 tuam
3058 1118 3062 1138 1
3096 1127 3103 1186 ³.

1641 1162 1696 1261 dg
1728 1160 1900 1228 osuisse
1938 1162 2008 1206 vel
2053 1162 2262 1208 incendio
2310 1176 2615 1209 concremasse
2655 1163 2905 1219 damnoque
2945 1166 2992 1206 te

1640 1231 1668 1262 a

2645 825 2869 870 Damnum

2644 937 2810 994 quiliae
2845 939 2987 983 utere.
3093 946 3096 971 ³

2800 998 2858 1047 [a.
2890 997 2988 1048 222]
3052 1023 3053 1026 ¹
3094 1006 3099 1065 g

1640 1273 1775 1318 tentis
1812 1273 1975 1318 iudlcls
2017 1274 2281 1318 auctoritate
2329 1276 2627 1331 consequeris.
2696 1288 2803 1331 qum
2841 1277 2990 1329 etiam,

1641 1330 1679 1375 si
1718 1342 1835 1386 aqua
1873 1343 1955 1386 per
1991 1329 2201 1374 iniuriam
2231 1330 2317 1374 alio
2349 1331 2549 1375 derivata
2577 1336 2664 1386 est,
2707 1333 2761 1375 ut
2793 1330 2844 1376 in
2870 1330 2990 1388 prio-
3057 1326 3066 1379 J

1639 1400 1732 1431 rem
1762 1388 1929 1430 statum
1957 1386 2224 1430 restituatur
2225 1420 2273 1485 jv
2289 1386 2486 1431 eiusdem
2524 1386 2684 1431 iudicis
2715 1399 2824 1431 cura
2851 1387 2991 1452 impe·

1640 1442 1794 1489 trabis.
1863 1441 1958 1486 ΡΡ.
1998 1454 2094 1486 VIII
2126 1442 2185 1486 id.
2272 1456 2339 1487 ov.
2385 1441 2615 1486 Gordiano
2655 1442 2708 1486 A.
2749 1447 2805 1489 et,
2831 1443 2993 1487 Aviola

1641 1512 1785 1543 Gon-98.

1698 1553 1729 1601 3
1775 1553 1901 1599 Idem
1943 1554 1995 1598 A.
2037 1553 2234 1598 Dolenti.
2304 1553 2376 1597 Ex
2419 1557 2564 1599 morte
2603 1553 2816 1609 ancillae,
2860 1566 2994 1611 quam

1643 1623 1818 1656 caesam
1850 1612 2120 1666 conquestus
2150 1623 2210 1665 es,
2242 1612 2334 1654 tam
2363 1609 2471 1665 legis
2496 1609 2703 1678 Aquiliae
2725 1609 2877 1655 damni
2896 1623 2992 1655 sar-

1643 1668 1785 1711 ciendi
1822 1667 1970 1722 gratia
2008 1666 2230 1710 actionem
2270 1679 2402 1721 quam
2440 1666 2712 1711 crimmalem
2742 1666 2992 1718 accusatio-
3074 1671 3076 1723 j
3115 1682 3118 1726 3

1642 1736 1742 1768 nem
1771 1723 1985 1767 adversus
2016 1723 2256 1768 obnoxium
2286 1727 2538 1779 competere
2569 1735 2704 1780 posse
2732 1735 2824 1768 non
2852 1722 2993 1768 ambi-

1639 1779 1771 1835 gitur.
1831 1778 1926 1823 PP.
1953 1792 1983 1823 V
2006 1778 2049 1823 lc.
2065 1779 2211 1838 April.
2232 1777 2464 1823 Gordiano
2490 1780 2542 1823 A.
2570 1791 2618 1823 ΙΙ
2644 1787 2691 1824 ec
2712 1778 2993 1838 Pompeiano

1641 1849 1784 1880 conss.

1643 1948 1787 1993 Zoilo.
1931 1951 2004 1992 tra
2031 1950 2268 2004 negantem
2298 1960 2354 1992 ex
2382 1948 2478 2004 lege
2494 1947 2688 2004 Aquilia,
2719 1947 2760 1992 si
2787 1947 2995 1992 damnum

1639 2017 1723 2105 {er
1757 2004 1965 2049 iniuriam
2003 2004 2180 2050 dedisse
2218 2006 2458 2062 probetur,
2499 2003 2624 2060 dupli
2655 2003 2860 2060 procedit
2889 2015 2994 2048 con·
3066 2023 3067 2026 ¹
3131 2000 3133 2007 ”

1672 2063 1876 2106 emnatio.
1922 2061 1977 2106 D.
1996 2061 2126 2105 xvlc.
2144 2059 2254 2105 Mai.
2274 2060 2518 2105 Heracliae
2530 2061 2623 2104 AA.
2642 2073 2787 2104 conss.
2820 2064 2878 2113 [a.
2896 2063 2994 2114 293]
3073 2075 3079 2096 ·.

1698 2116 1728 2164 5
1762 2117 1887 2162 Idem
1926 2118 2019 2162 AA.
2063 2123 2106 2162 et
2138 2115 2216 2162 CC.
2250 2115 2453 2161 Claudio.
2513 2116 2582 2160 De
2619 2116 2859 2172 pecoribus
2889 2115 2993 2172 tuis,
3079 2142 3090 2174 4
3127 2130 3136 2178 ,1

1641 2186 1756 2230 quae
1792 2187 1875 2230 per
1909 2173 2117 2218 iniuriam
2155 2173 2330 2217 inclusa
2357 2173 2475 2217 fame
2504 2176 2665 2216 necata
2693 2175 2801 2217 sunt
2827 2173 2897 2216 vel
2924 2172 2994 2216 in-
3070 2183 3081 2217 1
3127 2190 3129 2197 ’

1641 2229 1843 2285 terfecta,
1870 2229 2202 2296 legistquiliae
2225 2229 2400 2274 actione
2425 2230 2473 2272 in
2497 2229 2680 2285 duplum
2703 2241 2833 2284 agere
2847 2231 2993 2284 potes.
3079 2228 3083 2258 f
3130 2236 3131 2245 ²

1641 2286 1696 2331 D.
1730 2287 1845 2330 xv¹³
1873 2286 1916 2330 lc.
1948 2286 2062 2330 IVov.
2094 2287 2187 2330 AA.
2219 2298 2363 2329 conss.
2805 2288 2862 2338 [a.
2894 2288 2993 2338 293]

1701 2339 1732 2389 6
1763 2341 1891 2386 Idem
1919 2342 2013 2387 AA.
2045 2346 2090 2386 et
2120 2340 2198 2386 CC.
2230 2340 2398 2385 Plinio.
2458 2341 2527 2385 De
2555 2339 2648 2407 his²
2679 2352 2794 2398 quae
2821 2353 2900 2397 per
2926 2341 2994 2386 in-
3131 2336 3134 2372 ἓ

1639 2397 1801 2442 iuriam
1841 2398 2028 2454 depasta
2065 2397 2317 2450 contendis,
2359 2409 2414 2440 ex
2454 2398 2676 2441 sententia
2714 2396 2823 2453 legis
2855 2396 2995 2454 Aqui·
3086 2454 3089 2455 ⁷

1641 2454 1730 2499 liae
1766 2466 1898 2511 agere
1935 2453 2113 2498 minime
2143 2453 2395 2510 prohiberis
2467 2451 2562 2497 ΡΡ.
2595 2465 2668 2497 xv
2689 2452 2733 2498 lc.
2765 2453 2881 2499 Nov.
2915 2451 2995 2499 00.

1642 2524 1787 2555 conss.
2802 2512 2867 2562 [a.
2894 2511 2995 2563 294]

2186 2681 2447 2731 XXXV1.¹⁴

1959 2764 2243 2804 FAMILIAE
2275 2763 2686 2805 ERCISOUNDAE.

1702 2845 1725 2892 1
1755 2843 1903 2903 Impp.
1922 2844 2115 2890 Severus
2128 2845 2438 2890 etAntoninus
2447 2847 2540 2889 AA.
2558 2844 2811 2889 Marciano.
2843 2844 2891 2890 Si
2904 2858 2996 2892 non

1643 2913 1816 2945 omnem
1845 2903 2076 2957 paternam
2105 2901 2408 2967 hereditatem·
2427 2914 2481 2945 ex
2513 2913 2733 2945 consensu
2764 2901 2949 2967 divisisti
2962 2905 2998 2937 ¹⁸

1642 2968 1904 3067 ἓὲἓηιῖἓξξ,
1934 2957 2994 3071 3331330ἓξὲξῑῖἔὲὲὶᾶὲξὶῑέἕὲθᾞοῖῑζοὲὲῖ,ἕὲὲέῑ

1642 3067 1736 3112 ΡΡ.
1772 3080 1866 3112 VIII
1892 3068 1935 3112 lc.
1972 3068 2064 3114 Oct.
2097 3069 2328 3114 Laterano
2358 3075 2404 3113 et
2431 3069 2601 3126 Rufino
2632 3083 2775 3114 conss.
2819 3075 2877 3123 [a.
2901 3074 2994 3124 197]

1700 3122 1732 3170 2
1763 3123 1878 3183 Imp.
1898 3125 2156 3169 Antoninus
2182 3126 2235 3169 A.
2265 3125 2490 3170 Avitiano.
2550 3125 2673 3170 Uxor
2699 3128 2780 3170 tua
2809 3125 2850 3170 si
2875 3139 2994 3171 mor-

1641 3185 1719 3224 tuo
1750 3185 1879 3237 patre
1907 3184 1999 3235 tuo,
2033 3181 2106 3225 cui
2135 3181 2283 3225 dotem
2312 3185 2633 3237 numeraverat,
2666 3193 2766 3226 cum
2794 3181 2924 3227 heres
2953 3182 2994 3227 ei

1643 3236 1841 3281 extiteris
1856 3271 1867 3291 ,
1914 3237 2063 3281 adhue
2106 3237 2154 3281 in
2196 3237 2476 3281 matrimonio
2522 3240 2600 3282 tuo
2644 3237 2753 3293 fuit,
2799 3237 2994 3284 familiae

1643 3293 1931 3337 erciscundae
1968 3294 2187 3337 actionem
2216 3293 2274 3337 ad
2304 3305 2407 3337 exse
2438 3293 2628 3337 uendam
2658 3293 2806 3338 dotem
2834 3307 2994 3339 secun-

1642 3348 1746 3392 dum
1784 3349 1892 3393 iuris
1933 3349 2104 3405 pridem
2133 3350 2347 3406 placitum
2377 3362 2403 3393 a
2436 3362 2589 3394 versus
2622 3350 2862 3395 coheredes
2891 3354 2995 3396 tuos

1639 3408 1800 3449 nactus
1832 3417 1879 3449 es
1909 3418 2095 3461 eamque
2124 3405 2303 3460 retines,
2336 3405 2467 3449 etiam
2499 3406 2535 3450 si
2564 3408 2736 3462 postea,
2778 3406 2882 3450 dum
2910 3406 2995 3453 tibi

1639 3475 1699 3505 nu
1733 3464 1780 3505 ta
1810 3466 1891 3515 est,
1924 3461 2130 3506 decessit.
2188 3461 2282 3506 ΡΡ.
2317 3474 2361 3506 11
2387 3462 2447 3506 id.
2479 3461 2607 3506 Febr.

1762 3516 1886 3562 Idem
1915 3523 1966 3562 A.
1998 3517 2142 3575 Rufo.
2210 3518 2433 3562 Adversus
2465 3517 2703 3562 coheredes
2734 3516 2993 3563 dividendae

1638 3573 1898 3618 hereditatis
1937 3573 2101 3618 iudicio
2142 3573 2383 3618 secundum
2419 3574 2528 3617 iuris
2558 3574 2745 3617 formam
2774 3574 2990 3630 experire.

1637 3630 1772 3674 iudex
1803 3629 1949 3684 datus,
1981 3630 2019 3673 si
2049 3630 2155 3684 quid
2184 3642 2211 3672 a
2243 3628 2458 3673 coherede
2488 3628 2620 3672 etiam
2651 3634 2756 3673 tuae
2775 3629 2991 3686 portionis

1637 3698 1694 3730 ex
1722 3684 1967 3730 hereditate
1998 3686 2221 3730 sublatum
2252 3685 2387 3728 suerit
2447 3685 2667 3741 robatum,
2699 3685 2992 3731 adiudicatio-

1638 3743 1770 3786 nibus
1807 3741 1939 3785 factis
1980 3741 2222 3785 secundum
2262 3741 2371 3784 iuris
2428 3753 2596 3785 ormam
2634 3753 2734 3786 eum
2772 3741 2855 3786 tibi
2885 3754 2991 3788 con·

1639 3797 1875 3843 demnabit.
1934 3797 2156 3854 expilatae
2193 3797 2308 3840 enim
2337 3797 2595 3841 hereditatis
2627 3797 2793 3842 crimen
2822 3797 2992 3843 frustra

1639 3853 1849 3899 coheredi
1876 3852 2135 3908 intenditur,
2168 3867 2267 3897 cum
2293 3853 2458 3898 iudicio
2481 3853 2674 3898 familiae
2698 3853 2989 3899 erciscundae

1637 3908 1916 3954 indemnitati
1932 3910 1967 3937 ¹⁸
1995 3922 2099 3966 pros
2133 3909 2309 3953 iciatur.
2367 3908 2461 3953 ΡΡ.
2502 3921 2573 3953 VJ!
2602 3943 2611 3952 .
2644 3943 2653 3953 .
2687 3944 2696 3953 .
2727 3909 2842 3954 Nov.

1693 3965 1725 4012 4
1758 3965 1872 4022 Imp.
1904 3965 2086 4010 Alexan
2120 3979 2169 4009 er
2198 3968 2248 4009 A.
2280 3966 2494 4010 Antonio.
2566 3965 2615 4008 Si
2652 3965 2770 4009 filius
2800 3964 2988 4010 familias

1635 4021 1763 4066 fuisti
1791 4025 1837 4065 et
1863 4033 1936 4064 res
1965 4021 2149 4067 mobiles
2179 4023 2247 4065 vel
2278 4035 2325 4065 se
2354 4023 2602 4074 moventes,
2643 4032 2757 4077 quae
2791 4024 2985 4065 castren-

1636 4077 1697 4122 sis
1727 4076 1892 4132 peculii
1920 4089 2019 4120 esse
2047 4081 2258 4132 possunt,
2301 4077 2492 4121 donatae
2529 4076 2610 4119 tibi
2650 4089 2678 4120 a
2710 4078 2840 4132 patre
2866 4081 2985 4132 sunt,

1636 4145 1715 4232 {322
1749 4132 2392 4233 {iffi‘ssaissibffiefflispiiubffi‘}
2421 4131 2650 4244 ⁰²33&ss
2670 4144 2987 4232 {Zieffmffi'i}

2397 4223 2406 4231 ·
2829 4220 2842 4243 9

1636 4244 1760 4288 eunti
1803 4243 1886 4289 tibi
1926 4244 1974 4288 in
2020 4249 2171 4289 castra
2213 4245 2304 4289 filio
2348 4248 2476 4300 pater
2517 4242 2768 4297 donaverit,
2854 4243 2986 4288 eculii

1637 4300 1877 4345 castrensis
1906 4313 1994 4344 non
2025 4304 2143 4346 sunt.
2191 4301 2365 4346 diverso
2394 4300 2491 4344 iure
2519 4310 2573 4343 ea
2601 4298 2786 4355 praedia
2848 4299 2982 4344 aben-

1910 4394 2082 4398 ——-——-—-⁴›-
2092 4395 2111 4398 ω
2129 4395 2158 4398 Δ.-
2266 4395 2310 4398 <—-‡
2346 4395 2394 4398 ,υ
2409 4395 2450 4398 --
2463 4393 2966 4400 -Ᾰ--ῄ---

1634 4453 1745 4481 anno
1758 4439 1937 4480 secundo
1957 4455 2049 4490 scr„
2081 4441 2134 4495 cs.
2151 4439 2389 4494 Zeitsclarife
2405 4441 2487 4493 fiir
2499 4439 2781 4493 Rechtsqesclz.
2798 4448 2833 4481 ιι
2854 4454 2899 4493 p.
2918 4449 2983 4483 180

1274 4502 1326 4550 (5)
1358 4501 1399 4552 3,
1424 4507 1482 4551 ss,
1508 4507 1547 4541 ιθ
1633 4497 1703 4550 (11)
1735 4496 1913 4546 B60‚³‚
1930 4505 1974 4537 58
2005 4511 2103 4550 seqq
2131 4518 2187 4527 --
2206 4494 2267 4546 Cf.
2286 4496 2384 4550 Diq.
2410 4497 2451 4546 9,
2475 4503 2495 4536 2
2526 4495 2628 4536 Inst.
2654 4497 2693 4545 4,
2719 4504 2740 4537 s
2824 4495 2900 4548 (12)
2918 4507 2982 4536 vn

642 4551 696 4602 (7)
734 4553 794 4593 sic
833 4552 945 4602 edd„
982 4551 1177 4592 amittant
1216 4552 1297 4607 PG,
1336 4555 1473 4596 amitti
1508 4555 1551 4596 R
1634 4552 1751 4601 Hal„
1781 4563 1864 4591 vm
1897 4552 1938 4591 P

884 4608 942 4659 (9)
970 4610 1028 4649 εἰσ
1060 4606 1169 4661 012⁶,
1198 4622 1317 4650 suum
1347 4613 1423 4653 ins.
1454 4606 1551 4654 PR»
1634 4622 1816 4661 seqq.—-
1834 4604 1896 4661 Cf.
1915 4607 2015 4661 Diq.
2050 4610 2113 4659 10,
2131 4615 2152 4649 2
2237 4606 2312 4657 (15)
2343 4605 2540 4646 divisistis
2573 4606 2791 4648 Mommsen
2821 4620 2907 4647 eum
2937 4605 2982 4647 B

2071 4551 2147 4605 (1³)
2176 4563 2239 4593 xv
2269 4552 2316 4603 P,
2346 4563 2375 4590 v
2406 4550 2446 4592 L
2595 4551 2670 4601 (14)
2702 4550 2745 4591 B
2774 4551 2843 4603 42,
2873 4558 2908 4603 a,
2938 4559 2982 4592 57

1634 4665 1712 4715 (16)
1743 4664 1801 4704 sic
1834 4663 1907 4712 ΡΒ,
1940 4663 2027 4702 eius
2057 4665 2128 4704 ins.
2165 4660 2300 4703 1²ch

2790 442 2850 492 [α.
2881 442 2980 492 531]
3042 487 3044 491 ,
3088 511 3089 515 ¹

2669 894 2693 926 e
2729 881 2802 926 vel
2839 893 2990 927 excisa
3050 922 3053 930 ,

1818 1230 1866 1261 se
1894 1218 2122 1284 proponi3‚
2154 1221 2206 1262 ut
2233 1219 2279 1262 id
2308 1220 2515 1264 damnum
2545 1219 2781 1285 sarciatur,
2813 1229 2989 1285 compe·
3058 1228 3069 1234 ·’
3100 1210 3105 1280 -ζ

2801 1502 2860 1552 [a.
2891 1501 2990 1551 239]
3063 1517 3067 1519 >
3109 1508 3113 1527 1

1697 1891 1731 1938 4
1762 1891 1930 1992 1ῃίἄῇ
1942 1891 2256 1936 Di⁰⁶letianus
2294 1897 2338 1935 et
2364 1890 2681 1936 Maximianus
2708 1838 2993 1936 AA.[aet2gg
3119 1866 3121 1894 i
