3138 4732
1380 153 1612 208 XXVIII

265 311 437 358 XXXX
464 311 532 353 De
560 302 890 350 fideiussoribus
920 304 965 345 et
992 300 1322 344 mandatoribus

243 368 434 410 XXXXI
463 366 531 407 De
559 358 865 405 novati0nibus
896 360 940 400 et
968 356 1315 412 delegationibus

222 422 437 466 XXXXII
467 420 533 462 De
563 412 856 460 solutionibus
887 417 933 456 et
961 411 1296 457 liberationibus

202 477 436 521 XXXXIII
464 475 530 516 De
559 467 974 523 acceptilationibus

177 531 436 578 XXXXIIII
466 529 531 570 De
562 523 852 568 evictionibus

228 590 262 630 X
271 585 435 629 XXXV
466 581 734 642 creditorem
765 579 1026 622 evictionem
1056 592 1146 623 non
1175 578 1336 623 debere

201 639 434 685 XXXXVI
463 637 531 680 De
559 637 705 691 patna
734 639 955 690 potestate

182 694 439 739 XXXXVII
468 695 537 735 De
566 690 881 746 adoptionibus

158 750 433 796 XXXXVIII
464 748 532 790 De
561 746 989 801 emancipationibus
1019 746 1282 790 liberorum-

140 806 436 853 XXXXVIIII
463 803 533 846 De
560 802 742 856 ingratis
773 801 923 844 liberis

398 861 435 903 L
467 859 533 901 De
561 857 831 912 postliminio
861 862 907 901 et
936 856 992 900 de
1017 856 1254 912 redemptis
1280 857 1336 900 ab
1367 855 1469 899 hos-

524 915 644 957 tibus

376 972 438 1016 LI
467 970 534 1013 De
563 968 808 1012 infantibus
835 967 1047 1024 expositis
1077 967 1230 1012 liberis
1262 970 1307 1012 et
1335 966 1472 1011 servis

524 1030 568 1068 et
607 1024 661 1067 de
699 1024 769 1067 his
806 1024 881 1079 qui
910 1023 1270 1078 sanguinolentos
1300 1026 1471 1078 emptos

522 1080 590 1123 vel
621 1079 880 1124 nutriendos
912 1085 1186 1135 acceperunt

358 1138 438 1181 LII
469 1136 592 1191 Quae
621 1135 680 1179 sit
708 1136 840 1190 longa
872 1135 1145 1180 consuetudo

340 1194 443 1237 LIII
475 1194 542 1236 De
573 1191 889 1235 donationibus

316 1250 439 1293 LIIII
468 1248 536 1291 De
561 1246 875 1290 donationibus
900 1259 1014 1302 quae
1030 1247 1113 1291 sub
1141 1245 1270 1290 modo
1286 1245 1354 1289 vel
1370 1256 1475 1287 con·

524 1303 694 1346 dicione
726 1302 792 1345 vel
822 1315 876 1346 ex
908 1304 1030 1347 certo
1066 1307 1263 1358 tempore
1294 1299 1473 1344 confici-

521 1363 656 1403 untur

361 1416 433 1458 LV
468 1416 534 1458 De
563 1414 821 1458 revocandis
852 1414 1168 1458 donationibus

340 1472 439 1514 LVI
473 1471 539 1514 De
569 1471 720 1514 mortis
753 1483 890 1514 causa
920 1470 1234 1514 donationibus

316 1528 440 1572 LVII
471 1527 536 1570 De
560 1526 832 1569 infirmandis
856 1526 1010 1581 poenis
1028 1526 1271 1569 caelibatus
1287 1527 1333 1569 et
1358 1522 1474 1568 orbi-

525 1583 632 1626 tatis
665 1585 708 1625 et
737 1581 986 1626 decimariis
1016 1582 1204 1627 sublatis

302 1639 445 1684 LVIII
476 1638 542 1682 De
571 1639 666 1681 iure
695 1638 935 1682 liberorum

611 1808 789 1849 LIBER
817 1807 1003 1848 NONUS

421 1890 441 1933 I
471 1889 555 1945 Qui
585 1902 799 1934 accusare
826 1903 917 1934 non
946 1893 1135 1945 possunt

396 1946 437 1988 II
469 1947 535 1989 De
565 1945 926 1990 accusationibus
959 1951 1002 1988 et
1031 1943 1393 1999 inscriptionibus

374 2003 437 2044 III
470 2002 536 2046 De
567 2002 822 2045 exhibendis
852 2002 919 2045 vel
948 1999 1296 2044 transmittendis
1325 1999 1412 2043 reis

353 2057 437 2100 IIII
477 2058 539 2101 De
570 2058 774 2101 custodia
801 2070 978 2102 reorum
1282 2056 1287 2061 “

405 2115 439 2155 V
473 2114 539 2157 De
569 2113 752 2168 privatis
783 2113 1037 2157 carceribus
1066 2111 1316 2156 inhibendis

383 2170 445 2212 VI
477 2169 524 2212 Si
554 2181 656 2212 reus
686 2170 754 2212 vel
784 2171 1022 2213 accusator
1050 2173 1250 2211 mortuus
1280 2166 1417 2210 fuerit

364 2225 446 2267 VII
477 2225 523 2267 Si
584 2225 652 2268 uis
682 2225 940 2280 imperatori
969 2225 1243 2268 maledixerit

336 2281 442 2325 VIII
471 2281 543 2325 Ad
589 2293 708 2335 egem
736 2281 893 2324 Iuliam
922 2280 1164 2325 maiestatis

320 2337 450 2379 VIIII
481 2336 552 2380 Ad
596 2337 735 2391 Iegem
777 2337 936 2379 Iuliam
978 2336 1032 2380 de
1075 2335 1303 2379 adulteriis
1345 2339 1389 2378 et
1427 2333 1481 2377 de

529 2396 602 2436 stu
637 2406 684 2435 ro

405 2447 447 2490 X
478 2447 525 2491 Si
547 2406 644 2503 quis
662 2460 757 2490 eam
779 2448 906 2491 cuius
932 2450 1053 2491 tutor
1076 2447 1210 2490 fuerit
1235 2444 1482 2501 corruperit

382 2503 447 2547 XI
477 2503 545 2546 De
589 2503 846 2547 mulieribus
893 2503 967 2559 qui
1012 2503 1147 2546 servis
1197 2501 1388 2558 propriis
1435 2513 1482 2544 se

528 2559 769 2602 iunxerunt

361 2614 447 2658 XII
476 2615 547 2658 Ad
577 2616 714 2669 legem
745 2615 902 2657 Iuliam
934 2614 988 2658 de
1010 2613 1053 2658 vi
1081 2613 1263 2670 publica
1283 2626 1361 2657 seu
1391 2612 1482 2668 pri-

532 2678 636 2714 vata

345 2725 454 2767 XIII
485 2726 552 2768 De
589 2729 721 2780 raptu
760 2726 973 2779 virginum
1015 2738 1092 2768 seu
1129 2724 1360 2768 viduarum
1399 2736 1483 2767 nec

535 2793 624 2823 non
655 2780 1052 2823 sanctimonialium

321 2834 450 2877 XIIII
485 2835 548 2878 De
579 2834 881 2878 emendatione
911 2848 1135 2878 servorum

370 2889 452 2931 XV
486 2890 550 2933 De
582 2890 884 2933 emendatione
915 2892 1260 2945 propinquorum

347 2945 452 2988 XVI
484 2945 553 2988 Ad
581 2945 718 3000 legem
751 2945 995 2989 Corneliam
1027 2946 1079 2989 de
1110 2946 1281 2990 sicariis

326 3000 452 3043 XVII
487 3002 551 3044 De
565 3001 633 3044 his
651 3001 725 3056 qui
739 3006 944 3056 parentes
960 3002 1026 3045 vel
1046 3002 1211 3045 liberos
1228 3001 1485 3045 oeciderunt

230 3102 232 3104 ,
304 3055 454 3100 XVIII
483 3056 790 3156 De.m.‘³il.‘k³)fi⁰i⁸
821 3062 865 3100 et
893 3057 1214 3101 mathematicis
1245 3062 1289 3101 et
1327 3057 1483 3101 ceteris

539 3125 637 3155 slmi
654 3127 669 3155 1
706 3125 754 3155 us

277 3165 451 3210 XVIIII
483 3168 547 3211 De
577 3168 811 3222 sepulchro
842 3169 1004 3213 violato

369 3222 454 3264 XX
484 3224 551 3266 Ad
582 3224 721 3278 legem
750 3223 936 3268 Fabiam

344 3278 451 3320 XXI
480 3279 550 3322 Ad
581 3280 717 3333 Iegem
751 3281 974 3323 Viselliam

324 3333 455 3376 XXII
483 3335 555 3378 Ad
584 3335 722 3389 legem
754 3336 1002 3379 Corneliam
1033 3336 1087 3379 de
1115 3336 1241 3380 falsis

302 3389 453 3432 XXIII
482 3390 549 3433 De
571 3390 638 3434 his
666 3392 737 3445 qui
762 3392 846 3435 sibi
870 3392 1130 3436 adscribunt
1151 3393 1194 3435 in
1219 3395 1484 3438 testamento

281 3446 453 3488 XXIIII
486 3446 552 3489 De
580 3446 695 3490 falsa
725 3454 900 3491 moneta

331 3501 456 3543 XXV
485 3500 554 3545 De
583 3503 823 3546 mutatione
852 3504 1037 3546 nominis

308 3555 455 3599 XXVI
485 3557 556 3600 Ad
585 3557 722 3612 legem
751 3559 908 3602 Iuliam
938 3559 990 3602 de
1021 3559 1189 3602 ambitu

285 3611 455 3656 XXVII
484 3612 556 3655 Ad
583 3614 721 3668 legem
750 3614 904 3658 Iuliam
936 3615 1277 3670 repetundarum

263 3667 453 3710 XXVIII
489 3669 555 3711 De
585 3669 765 3713 crimine
795 3670 1026 3726 peculatus

245 3722 460 3767 XXVIIII
490 3724 556 3767 De
587 3724 768 3768 crimine
798 3726 1017 3781 sacrilegii

331 3779 461 3822 XXX
487 3780 555 3823 De
585 3780 799 3825 seditiosis
830 3787 873 3824 et
901 3782 968 3825 his
1010 3782 1085 3837 qui
1122 3783 1292 3837 plebem
1322 3783 1487 3828 audent

543 3841 698 3880 contra
727 3837 948 3892 publicam
979 3839 1169 3891 quietem
1200 3839 1404 3894 colligere

310 3889 461 3932 XXXI
491 3890 675 3946 Quando
709 3893 842 3936 civilis
873 3893 990 3936 actio
1023 3894 1237 3937 criminali
1267 3895 1486 3950 praeiudi-

544 3952 614 3990 cet
643 3952 687 3990 et
714 3961 772 3991 an
805 3951 991 4005 utraque
1021 3949 1078 3992 ab
1109 3949 1261 3993 eodem
1291 3951 1488 3995 exerceri

542 4007 689 4057 potest

288 4055 460 4098 XXXII
490 4057 557 4100 De
588 4059 768 4102 crimine
798 4059 1019 4114 expilatae
1048 4059 1305 4106 hereditatis

265 4110 458 4154 XXXIII
487 4112 543 4155 Vi
572 4114 788 4158 bonorum
818 4118 1046 4170 raptorum

244 4166 462 4209 XXXIIII
490 4167 558 4211 De
589 4169 769 4213 crimine
799 4170 1076 4214 stellionatus

291 4222 461 4266 XXXV
490 4223 558 4266 De
585 4224 756 4269 iniuriis

269 4277 463 4321 XXXVI
492 4278 559 4323 De
588 4280 768 4324 famosis
799 4281 958 4325 libellis

246 4332 460 4375 XXXVII
489 4333 556 4378 De
584 4336 751 4400 abigeis

222 4387 456 4430 XXXVIII
486 4389 553 4433 De
583 4391 673 4434 Nih
701 4393 930 4455 aggeribus
960 4405 1047 4436 non
1078 4394 1333 4448 rumpendis

203 4440 455 4486 XXXVIIII
487 4445 553 4489 De
592 4446 660 4489 his
700 4461 774 4502 qui
812 4447 1006 4491 latrones
1037 4449 1102 4490 vel
1141 4449 1186 4491 ln
1215 4450 1311 4494 alhs
1342 4451 1486 4494 crimi-

544 4501 675 4545 nibus
704 4515 805 4546 reos
836 4503 1155 4547 occultaverim

291 4551 455 4595 XXXX
488 4555 553 4598 De
581 4557 851 4611 requirendis

268 4605 460 4651 XXXXI
491 4609 557 4653 De
585 4613 918 4667 quaestionibus

1646 295 1866 341 XXXXII
1895 294 1964 339 De
1993 295 2304 340 abolitionibus

1621 350 1859 396 XXXXIII
1887 349 1958 394 De
1985 351 2181 405 generali
2209 349 2449 394 abolitione

1598 405 1859 453 XXXXIIII
1889 404 1949 451 Ut
1962 405 2080 451 intra
2105 411 2275 450 certum
2290 411 2463 460 tempus
2481 403 2720 450 criminalis
2737 418 2890 461 quaes·

1941 461 2005 506 tio
2035 461 2294 506 terminetur

1646 516 1860 562 XXXXV
1888 516 1959 560 Ad
1987 522 2167 562 senatus
2200 517 2453 560 consultum
2483 514 2809 570 Turpillianum

1621 572 1860 617 XXXXVI
1888 573 1956 616 De
1987 573 2378 617 calumniatoribus

1603 627 1861 673 XXXXVII
1887 627 1958 671 De
1986 629 2140 684 poenis

1573 683 1857 730 XXXXVIII
1883 683 1953 728 Ne
1981 683 2076 728 sine
2102 684 2230 728 iussu
2267 682 2480 739 principis
2513 681 2647 726 certis
2674 681 2894 729 iudicibus

1942 739 2078 783 liceat
2106 739 2352 783 confiscare

1552 796 1852 844 XXXXVIIII
1888 795 1956 838 De
1978 795 2108 839 bonis
2129 795 2479 851 proscriptorum
2495 807 2575 838 seu
2590 793 2894 838 damnatorum

1819 851 1858 895 L
1888 851 1956 894 De
1984 851 2114 895 bonis
2142 855 2327 895 mortem
2356 850 2443 894 sibi
2474 849 2843 895 consciscentium

1798 907 1860 951 LI
1887 906 1956 950 De
1986 907 2250 951 sententiam
2279 906 2424 961 passis
2454 910 2498 950 et
2526 906 2744 950 restitutis

2003 1075 2178 1116 LIBER
2206 1074 2458 1116 DECIMUS

1844 1158 1867 1202 I
1895 1157 1965 1201 De
1993 1157 2091 1200 iure
2119 1156 2218 1200 fisci

1825 1214 1868 1257 II
1899 1214 1966 1257 De
1997 1212 2308 1256 conveniendis
2339 1213 2437 1257 fisci
2467 1213 2742 1257 debitoribus

1798 1270 1865 1314 III
1894 1270 1964 1313 De
2006 1268 2094 1311 fide
2139 1272 2183 1311 et
2225 1268 2322 1312 iure
2365 1269 2522 1313 hastae
2558 1269 2726 1314 fiscalis
2766 1273 2812 1313 et
2846 1268 2901 1314 de

1952 1323 2275 1369 adiectionibus

1777 1383 1867 1427 IIII
1894 1382 1963 1425 De
1989 1380 2239 1424 venditione
2267 1393 2415 1423 rerum
2444 1380 2660 1424 fiscalium
2682 1394 2782 1425 cum
2810 1380 2903 1436 pri-

1951 1437 2064 1481 vatis
2096 1437 2391 1480 communium

1824 1494 1867 1539 V
1894 1494 1963 1537 Ne
1992 1494 2128 1536 fiscus
2158 1505 2250 1535 rem
2281 1505 2412 1548 quam
2441 1492 2636 1536 vendidit
2665 1491 2840 1536 evincat

1805 1550 1871 1594 Vr
1896 1550 1964 1593 De
1992 1549 2062 1592 his
2099 1548 2174 1604 qui
2205 1561 2259 1591 ex
2296 1549 2488 1603 pubhcis
2527 1548 2777 1593 rationibus
2806 1561 2901 1592 mu·
2928 1586 2930 1589 .

1950 1610 2073 1648 tuam
2137 1604 2339 1648 ecuniam
2369 1609 2639 1660 acceperunt

1785 1662 1869 1707 VH
1897 1660 2058 1705 Poenis
2122 1660 2317 1703 scalibus
2348 1661 2587 1705 credItores
2617 1660 2836 1717 praeferri

1760 1718 1867 1762 VIII
1897 1718 1965 1761 De
1993 1716 2222 1760 fiscalibus
2251 1717 2399 1760 usuris

1743 1774 1870 1818 VIIII
1899 1773 1968 1817 De
1997 1772 2228 1817 sententiis
2267 1771 2480 1818 adversus
2510 1772 2670 1818 fiscum
2699 1773 2804 1818 latis
2833 1785 2902 1818 re-

1951 1828 2198 1872 tractandis

1825 1885 1869 1929 X
1897 1885 1966 1929 De
1980 1884 2109 1928 bonis
2125 1883 2388 1928 vacantibus
2410 1886 2456 1928 et
2476 1884 2531 1928 de
2545 1884 2906 1942 incorporatione
2932 1938 2934 1943 .

1801 1941 1867 1984 XI
1896 1941 1965 1985 De
1994 1940 2267 1984 delatoribus

1778 1997 1866 2041 XII
1895 1997 1965 2040 De
1993 1996 2278 2052 petitionibus
2308 1996 2526 2041 bonorum
2557 1996 2743 2041 sublatis

1761 2054 1871 2097 XIII
1898 2053 1968 2096 De
1996 2052 2065 2095 his
2096 2051 2172 2107 qui
2201 2065 2249 2096 se
2279 2052 2484 2096 deferunt

1738 2109 1868 2153 XIIII
1899 2109 1945 2152 Si
1974 2108 2253 2153 liberalitatis
2283 2108 2523 2164 imperIalis
2547 2110 2694 2153 socius
2710 2107 2807 2152 sine
2827 2106 2905 2153 he-

1955 2164 2059 2207 rede
2090 2163 2301 2208 defecerit

1787 2220 1871 2264 XV
1902 2221 1969 2264 De
1998 2220 2219 2264 thesauris

1770 2278 1875 2321 XVI
1905 2277 1972 2320 De
2001 2289 2178 2319 annona
2208 2279 2251 2318 et
2278 2276 2460 2321 tributis

1747 2333 1875 2377 XVII
1907 2333 1973 2376 De
2001 2331 2320 2376 indictionibus

1725 2389 1877 2432 XVIII
1905 2388 1973 2432 De
2003 2387 2304 2443 superindicto

1706 2444 1877 2490 XVIIII
1906 2444 1975 2487 De
2004 2443 2310 2487 exactionibus
2341 2443 2611 2488 tributorum

1790 2499 1878 2543 XX
1906 2499 1976 2543 De
2005 2499 2449 2554 superexactionibus

1765 2556 1874 2600 XXI
1903 2555 1972 2599 De
2003 2555 2227 2610 capiendis
2259 2559 2303 2599 et
2331 2555 2628 2600 distrahendis
2651 2555 2910 2612 pignoribus

1958 2611 2225 2655 tributorum
2258 2623 2394 2655 causa

1748 2667 1880 2711 XXII
1909 2667 1977 2710 De
2012 2666 2196 2764 apciehis
2233 2667 2424 2722 publicis
2455 2671 2500 2710 et
2539 2667 2910 2724 descriptionibus

1960 2735 2193 2766 cur1a1um

1723 2778 1876 2822 XXIII
1905 2778 1974 2821 De
2006 2789 2173 2821 canone
2201 2777 2544 2831 largitionalium
2573 2778 2805 2823 titulorum

1701 2834 1875 2878 XXIIII
1904 2834 1971 2877 Ne
2002 2845 2163 2889 operae
2191 2845 2218 2876 a
2250 2833 2536 2877 collatoribus
2569 2834 2800 2888 exigantur

1750 2890 1876 2933 XXV
1906 2889 1974 2932 De
2002 2888 2278 2932 immunitate
2307 2889 2472 2934 nemini
2501 2889 2786 2934 concedenda

1728 2945 1878 2989 XXVI
1907 2945 1975 2988 De
2006 2945 2195 2988 conditis
2225 2945 2272 2988 in
2301 2945 2491 3000 publicis
2520 2945 2692 2990 horreis

1706 3001 1879 3046 XXVII
1907 3000 1967 3045 Ut
1996 3000 2160 3044 nemini
2189 3001 2322 3044 liceat
2349 3001 2395 3044 in
2435 3002 2710 3056 coemptione
2741 3001 2908 3058 specle-

1959 3070 2057 3100 rum
2072 3069 2120 3099 se
2144 3069 2360 3100 excusare
2378 3060 2422 3100 et
2439 3058 2493 3100 de
2516 3069 2697 3101 munere
2719 3057 2911 3102 sitoniae

1681 3112 1876 3158 XXVIII
1907 3113 1975 3156 De
1991 3112 2226 3156 collatione
2253 3112 2517 3156 donatorum
2533 3113 2601 3157 vel
2617 3113 2910 3158 relevatorum

1959 3172 2039 3212 aut
2066 3169 2385 3212 translatorum
2414 3181 2493 3213 seu
2523 3169 2834 3214 adaeratorum

1662 3224 1875 3268 XXVIIII
1908 3225 1974 3268 De
2005 3224 2237 3268 collatione
2267 3225 2381 3268 aeris

1747 3279 1875 3323 XXX
1903 3280 1971 3323 De
2000 3279 2326 3324 discussoribus

1723 3336 1876 3378 XXXI
1908 3369 2490 3380 .........

1701 3392 1876 3436 XXXII
1905 3392 1973 3436 De
2012 3391 2324 3436 decurionibus
2355 3396 2400 3436 et
2436 3392 2541 3436 filiis
2571 3405 2724 3437 eorum
2754 3396 2799 3436 et
2836 3393 2911 3450 qui

1961 3447 2219 3492 decuriones
2258 3448 2478 3492 habentur
2518 3448 2675 3503 quibus
2710 3449 2854 3494 modis
2884 3462 2912 3493 a

1959 3503 2141 3547 fortuna
2171 3504 2321 3547 curiae
2351 3504 2594 3547 liberentur

1682 3559 1879 3603 XXXIII
1909 3559 1956 3603 Si
1983 3559 2169 3603 libertus
2200 3562 2280 3603 aut
2307 3572 2461 3604 servus
2491 3559 2548 3603 ad
2579 3559 2910 3604 decurionatum

1962 3615 2254 3670 adspiraverit

1664 3671 1883 3714 XXXIIII
1912 3670 1980 3714 De
1991 3670 2202 3770 llpraedii?
2233 3671 2466 3715 curialium
2491 3670 2585 3715 sine
2614 3670 2792 3716 decreto
2822 3684 2912 3716 non

1963 3739 1990 3770 a
2024 3739 2138 3770 enan
2186 3740 2207 3771 s

1711 3781 1881 3827 XXXV
1911 3781 2097 3837 Quando
2128 3788 2173 3826 et

1964 3850 2019 3881 ex
2048 3838 2175 3882 bonis
2237 3838 2495 3882 ecurionum
2518 3843 2563 3882 et
2593 3838 2647 3881 de
2666 3838 2796 3882 modo
2826 3839 2910 3883 dis-

1964 3894 2218 3938 tributionis
2249 3907 2401 3958 eorum

1684 3949 1877 3993 XXXVI
1906 3949 1973 3993 De
2003 3950 2269 4004 imponenda
2298 3950 2524 3994 lueratIvis
2554 3949 2849 4007 descriptione

1666 4005 1879 4049 XXXVII
1909 4006 1976 4049 De
2004 4005 2260 4061 praebendo
2291 4005 2453 4049 salario

1642 4061 1879 4106 XXXVIII
1910 4061 1956 4104 Si
1986 4061 2164 4159 culrialis
2199 4061 2356 4104 relicta
2386 4061 2562 4105 civitate
2596 4073 2675 4106 rus
2711 4060 2912 4105 habitare

1964 4129 2035 4159 ma
2054 4117 2170 4160 uerit

1623 4171 1882 4215 XXXVIIII
1912 4172 1980 4215 De
2008 4172 2306 4228 municipibus
2336 4174 2381 4215 et
2411 4170 2660 4226 originariis
2923 4224 2925 4226 v

1708 4226 1880 4270 XXXX
1911 4228 1977 4271 De
2008 4228 2163 4272 incolis
2184 4233 2228 4271 et
2247 4226 2323 4270 ubi
2343 4226 2440 4293 guis
2461 4226 2729 4271 domicilium
2747 4225 2911 4270 habere

1965 4283 2139 4326 videtur
2154 4287 2198 4326 et
2227 4282 2281 4326 de
2310 4281 2378 4326 his
2411 4281 2484 4336 qui
2514 4282 2757 4327 studiorum
2775 4293 2912 4326 causa

1964 4338 2011 4382 in
2040 4338 2128 4382 alia
2157 4338 2335 4381 civitate
2363 4336 2525 4391 degunt

1686 4393 1878 4436 XXXXI
1909 4393 1977 4436 De
2007 4393 2251 4437 honoribus
2283 4397 2326 4436 et
2355 4393 2611 4437 muneribus
2641 4404 2731 4435 non
2769 4391 2910 4436 conti·

1966 4449 2154 4491 nuandis
2194 4449 2307 4492 inter
2335 4451 2507 4503 patrem
2537 4451 2583 4492 et
2617 4447 2754 4491 filium
2784 4451 2829 4490 et
2857 4446 2910 4494 do

1965 4503 2207 4547 intervallis

1665 4559 1879 4603 XXXXII
1910 4559 1978 4602 De
2007 4558 2262 4602 muneribus
2292 4558 2658 4613 patrimoniorum

2242 3782 2372 3826 uibus
2386 3795 2388 3797 ·
2403 3782 2590 3826 debetur
2620 3785 2778 3837 quarta
2805 3795 2911 3839 pars

1645 4614 1881 4658 XXXXIII
1911 4613 2283 4668 Quemadmodum
2302 4613 2446 4658 civilia
2460 4625 2644 4658 munera
2659 4612 2912 4658 indicuntur
2990 4615 2993 4618 '
