3138 4776
243 187 336 236 15
1556 158 1624 216 58

1361 241 1503 249 ..—---

243 347 350 382 νων,
426 327 452 395 ᾗ
491 331 666 387 γένοιτο
707 322 756 367 δδ
789 315 1030 385 κατάδηλος
1068 319 1191 378 παρὰ
1228 313 1370 380 πάσης
1405 309 1570 382 τάξεως

243 386 374 428 §masa
417 401 446 426 α
485 400 535 426 τε
578 385 650 424 καὶ
693 376 804 421 κατὰ
847 390 1000 430 χωραν
1044 384 1363 437 στρατιωτρκης
1405 383 1455 411 τε
1497 383 1571 434 και

242 439 486 493 πολιτικῆς,
516 427 545 492 ἦ
573 437 713 480 ταῦτα
742 430 961 493 διηαφέρει,
1001 425 1133 472 αὐτὸς
1158 431 1242 485 μὲν
1270 443 1294 470 o
1323 421 1571 493 πλημμελη-

241 509 330 546 «rac,
375 482 557 538 ἐπειδᾶν
600 487 795 546 φωραθῇ
810 486 843 534 ¹.
887 487 984 525 vate
1021 483 1288 545 ἔμπροσθεν,
1326 495 1432 534 ww
1459 494 1572 537 ⁸09²]-

238 554 392 606 μέναις
418 544 704 591 ὑποπεσεῖται
720 541 914 583 ποιναῖς·
944 537 988 580 οἱ
1003 536 1052 580 δὲ
1073 541 1217 581 ταῦτα
1238 552 1299 592 μη
1313 537 1572 599 προσαγγεί-

241 603 396 647 λαντες
456 602 545 644 εἴτε
583 602 632 640 ἐν
665 595 844 644 τάξεσιν
880 593 970 635 εἶεν
1015 593 1104 636 εἴτε
1133 595 1181 635 ἐν
1209 590 1390 634 ιῖιλλαις2
1417 604 1574 647 υπηρε·

239 662 389 701 τοῖντο
405 636 565 715 άρχαῖς,
596 653 654 693 εἰς
682 647 731 692 ἃς
757 649 901 690 ταῦτα
921 644 1204 707 ἀναφέρεται,
1234 647 1373 690 εἴκοσι
1398 649 1576 703 χρυσίου

241 713 408 770 λιτρῶν
444 703 751 772 καταθῄσουσι
786 701 950 757 ποινὴν
994 705 1050 759 ἐφ
1107 701 1280 756 ἑκάστῳ
1327 698 1576 759 προσώπῳ,

240 772 313 810 καὶ
349 763 468 817 πάση
506 761 556 804 δὲ
592 764 751 815 ομοίως
788 755 898 817 ἀρχῇ
939 759 1241 824 στρατιωτικῇ
1270 772 1320 799 τε
1348 759 1423 799 καὶ
1453 753 1576 800 πολι-

239 824 340 875 τικῆ
370 809 572 862 ἐντάὗθά
599 831 650 857 τε
677 817 751 857 καὶ
766 815 782 840 ³
817 811 931 856 κατὰ
958 810 1114 870 χώραν
1140 827 1384 882 τριακοντα
1411 809 1482 855 λιτ
1513 812 1578 854 ῶν

242 882 286 921 11
314 866 324 880 “
346 877 525 932 χρυσίου
563 870 760 914 ἕπεσθαι
796 866 1060 926 πρόστιμον.
1127 872 1184 911 Ει
1221 865 1270 910 δὲ
1296 870 1370 909 καὶ
1399 828 1577 917 ὑπεξέλ-

237 931 348 973 θοι4
386 931 458 970 καὶ
498 922 746 984 εἰσπράξειε
781 923 865 979 τὴν
902 922 1067 978 ποινὴν
1094 926 1167 966 καὶ
1203 921 1389 974 δείξειεν
1418 921 1579 975 ἑαυτὴν

236 983 313 1027 οὐκ
341 980 590 1037 άμελοῦσαν
617 982 713 1024 τῶν
749 979 1178 1036 νομοθετηθέντων,
1215 981 1371 1032 ποινῆς
1415 976 1465 1020 δὲ
1503 974 1575 1033 ἐφ’

237 1035 497 1092 οἱουδήποτε
526 1034 772 1096 προσώπου
799 1032 828 1090 ἢ
849 1036 1047 1091 θέματος
1074 1030 1386 1094 ἁρμοττούσης,
1416 1034 1578 1077 θεσπί-

238 1098 369 1149 ζομεν
411 1088 580 1147 ταύτην
623 1090 707 1135 τὸν
748 1089 1234 1150 μεγαλοπρεπέστατον
1276 1087 1359 1146 κόμ
1389 1106 1448 1133 τα
1499 1090 1578 1131 τοῦ

238 1145 476 1205 ἱερωτάτου
516 1152 699 1204 ταμείου
739 1144 1027 1206 εἰσπράττειν
1065 1162 1115 1189 τε
1158 1149 1233 1188 καὶ
1274 1106 1579 1199 ὖποέέχεσθαι

234 1209 308 1248 καὶ
346 1207 436 1247 τοῖς
464 1204 608 1246 θείοις
637 1204 902 1258 εἰσκομίζειν
932 1199 1167 1259 πριβάτοις
1192 1198 1477 1260 γινώσκοντα
1507 1196 1579 1251 ῶς,

235 1262 274 1305 εἰ
314 1258 375 1314 μὴ
416 1261 490 1301 καὶ
535 1256 666 1302 αὐτὸς
704 1255 779 1301 διὰ
813 1259 890 1312 τῆς
932 1254 1286 1315 ὑπηρετουμένης
1323 1251 1445 1310 αὐτῷ
1485 1256 1581 1319 τῶν

234 1315 592 1370 καθοσιωμένων
635 1312 904 1358 παλατίνων
955 1312 1108 1366 σχολῆς
1166 1315 1240 1355 καὶ
1294 1308 1407 1365 αὐτὴ
1456 1308 1505 1353 δὲ
1556 1326 1582 1363 η

235 1369 367 1425 σχολὴ
395 1369 510 1412 κατὰ
537 1366 690 1414 πάντα
717 1366 889 1427 τρόπον
910 1367 967 1411 τὰ
995 1369 1182 1412 τοιαῦτα
1210 1364 1478 1420 ἀνιχνεύσειε
1508 1369 1581 1408 καὶ

234 1426 334 1470 τοὺς
361 1421 643 1469 ὑπευθύνους
670 1422 967 1484 εἰσπράξειεν,
1009 1421 1142 1467 αὐτὸς
1179 1425 1264 1479 μὲν
1303 1419 1582 1476 πεντήκοντα

232 1486 410 1539 χρυσίου
447 1479 617 1540 λιτρῶν
657 1479 818 1534 ποινὴν
857 1475 1130 1534 καταθήσει,
1175 1475 1202 1533 ἡ
1245 1476 1295 1521 δὲ
1332 1478 1581 1534 πειθομένη

237 1534 359 1591 αὐτῷ
404 1535 537 1590 σχολὴ
579 1534 632 1580 τὸ
677 1538 1030 1595 ἐπενηνεγμένον
1073 1532 1323 1594 πρόστιμον
1361 1532 1472 1594 πρὸς
1513 1534 1580 1588 τῷ

235 1594 348 1636 κατὰ
376 1594 452 1646 τῆς
481 1590 635 1647 σχολῆς
661 1595 736 1635 καὶ
765 1590 849 1646 τὴν
877 1592 936 1634 εἰς
965 1591 1098 1646 σῶμα
1134 1589 1297 1644 ποινὴν
1331 1585 1581 1649 ἁρμόττειν,

236 1651 275 1691 εἰ
300 1646 362 1705 μὴ
390 1649 488 1691 τῶν
516 1645 628 1706 παρ’
661 1643 791 1703 ἡμῶν
819 1647 1252 1702 νενομοθετημένων
1280 1642 1582 1701 άντιλάβοιτο,

239 1709 288 1749 12
347 1702 458 1763 πρὸς
494 1702 578 1747 τὸν
618 1704 774 1757 ἑαυτῆς
809 1698 1161 1759 ἀποβλέπουσα5
1203 1699 1426 1746 κίνδυνον.
1498 1699 1584 1754 Τὴν

236 1758 285 1803 δὲ
329 1757 468 1814 αὐτὴν
511 1757 767 1814 ἐπιμέλειαν
796 1760 914 1812 ἐχειν
951 1761 1026 1802 καὶ
1063 1756 1164 1801 τοὺς
1202 1754 1384 1812 ἑκάστης
1412 1753 1584 1802 πόλεως

235 1810 610 1872 θεοφιλεστάτους
632 1812 898 1859 ἐπισκόπους
925 1811 1292 1872 διερευνωμένους
1312 1809 1381 1856 ἀεὶ
1395 1812 1453 1856 τὰ
1466 1808 1580 1856 ’καθ’

235 1868 426 1925 ἑκάστην
469 1867 603 1916 πόλιν
645 1866 917 1915 ὑπεναντίον
959 1873 1037 1925 τῆς
1079 1870 1211 1913 θείας
1254 1864 1384 1925 ἡμῶν
1421 1864 1586 1920 ταύτης

234 1927 506 1982 νομοθεσίας
545 1922 660 1986 παρ’
698 1921 959 1969 οὑτινοσοῦν
998 1925 1309 1984 ἕγχειρούμενα
1336 1928 1412 1967 καὶ
1440 1926 1585 1967 ταῦτα

237 1981 408 2041 φανερὰ
445 1983 512 2037 τῷ
553 1980 855 2041 λαμπροτάτῳ
894 1984 971 2037 τῆς
1000 1984 1212 2040 ἐπαρχίας
1239 1978 1422 2040 ἄρχοντι
1451 1980 1583 2022 καθι-

236 2040 370 2090 στᾶν,
419 2034 478 2081 ῶς
518 2035 579 2081 ἂν
617 2040 779 2081 ἐκεῖνος
817 2039 935 2104 ἔργω
974 2036 1196 2097 παραδοίη
1226 2035 1283 2079 τὰ
1312 2032 1424 2106 παρ’
1457 2031 1586 2091 ἡμῶν

235 2091 428 2149 εὐσεβῶς
456 2096 847 2152 προστεταγμένα·
879 2107 939 2136 ως
966 2093 1012 2136 εἴ
1033 2110 1054 2135 ε
1083 2091 1325 2135 θεάσοιντο
1356 2109 1398 2134 οι
1431 2091 1584 2147 θεοφι-

237 2149 443 2192 λέστατοι
482 2152 720 2193 ἐπίσκοποι
754 2147 838 2192 τὸν
872 2151 949 2204 τῆς
988 2110 1199 2208 έζταρχίας
1237 2144 1479 2206 ἡγούμενον
1509 2148 1584 2203 ῥᾳ-

236 2204 395 2261 θύμως
433 2205 499 2260 τῷ
540 2204 771 2263 πράγματι
805 2202 1059 2265 χρώμενον,
1099 2201 1312 2263 προσήκει
1340 2205 1472 2246 τοῦτο
1503 2219 1585 2259 φα-

235 2260 366 2320 νερὸν
386 2256 492 2316 ἡμῖν
521 2257 669 2303 αὐτοῖς
697 2265 856 2314 ποιεῖν,
888 2261 963 2303 ἵνα
991 2259 1093 2304 τούς
1129 2259 1468 2315 (ᾳθυμήσαντας
1496 2262 1587 2301 τοῖς

237 2314 385 2360 αὐτοῖς
426 2319 662 2370 ἐπιτιμίοις
697 2312 1026 2372 ὑποβάλλωμεν
1039 2349 1051 2369 ,
1087 2333 1111 2359 ο
1133 2330 1152 2358 ς
1189 2312 1455 2369 ὑπαχθῆναι
1485 2312 1587 2357 τοὺς

236 2368 572 2432 ἁμαρτάνοντάς
628 2389 673 2416 τι
730 2374 827 2415 τῶν
870 2376 1208 2431 προειρημένων
1261 2370 1584 2426 έθεσπίσαμεν.

240 2433 290 2473 13
363 2425 572 2471 Εἰδότων
614 2432 690 2471 καὶ
733 2429 830 2472 τῶν
870 2427 987 2471 κατὰ
1026 2427 1170 2471 τόπον
1213 2423 1585 2483 θεοφιλεστάτων

238 2482 519 2536 ἐπισκόπων,
562 2480 621 2527 ῶς
658 2484 706 2526 εἴ
737 2498 855 2527 τινος
889 2480 1068 2526 τούτων
1105 2479 1393 2539 ἀμελήσειαν,
1432 2478 1586 2536 ἥξουσι

237 2542 320 2596 μὲν
348 2538 458 2599 πρὸς
486 2538 569 2582 τὸν
608 2536 834 2595 δεσπότην
861 2537 978 2582 θεὸν
1006 2542 1079 2582 καὶ
1117 2537 1203 2593 τὴν
1231 2535 1419 2580 αἰώνιον
1449 2533 1584 2580 αὐτοῦ

238 2600 406 2653 κρίσιν,
461 2593 604 2654 διελεγ
631 2599 788 2651 ομένης
830 2593 880 2638 δὲ
921 2596 999 2649 τῆς
1041 2591 1196 2638 αὐτῶν
1240 2593 1469 2651 ῥᾳθυμίας
1511 2596 1585 2635 καὶ

239 2666 295 2694 πε
326 2654 342 2692 ἰ
371 2647 505 2705 αὐτῆς
532 2612 863 2694 κινέυνεύσουσι
891 2651 968 2705 τῆς
996 2649 1248 2710 ἱερωσύνης.

298 2667 362 2752 ἵ9
394 2705 520 2749 Idem
549 2707 600 2749 Α.
632 2706 922 2750 Demostheni
975 2720 1026 2763 p.
1099 2706 1389 2762 cognovimus
1422 2706 1584 2749 multos

240 2774 337 2804 esse
366 2761 635 2805 orthodoxos
664 2762 841 2813 liberos,
876 2775 951 2816 qui
985 2775 1036 2805 us
1066 2774 1148 2805 nec
1175 2766 1304 2817 pater
1332 2774 1414 2806 nec
1444 2765 1585 2804 mater

244 2816 513 2859 orthodoxae
553 2820 656 2858 sunt
690 2817 925 2871 religionis.
994 2820 1040 2860 et
1075 2817 1174 2860 ideo
1207 2817 1428 2860 sancimus
1443 2850 1454 2870 ,
1494 2830 1583 2860 non

243 2874 415 2913 tantum
451 2871 498 2912 in
538 2883 658 2922 casu,
698 2871 774 2914 ubi
803 2872 917 2914 alter
946 2871 1219 2915 orthodoxae
1248 2872 1470 2928 religionis
1500 2877 1582 2924 est,

245 3010 295 3062 (l)
327 3008 565 3066 φωραθείη
579 3009 743 3051 Nomoc.
832 3010 887 3062 (2)
917 3006 1236 3052 ἄλλοιςΝοηιοε.
1326 3012 1382 3064 (3)
1409 3014 1488 3053 καί
1509 3027 1584 3053 om.

244 3064 406 3106 Nomoc.
481 3067 534 3117 (4)
564 3062 800 3114 ἐπεξέλθοι
827 3081 904 3107 scr.
991 3067 1044 3120 (5)
1061 3062 1406 3120 ἀποβλέπτουσα
1419 3067 1586 3110 Nomoc.

245 3120 302 3173 (6)
318 3140 374 3155 =
388 3120 432 3160 B
451 3122 487 3171 1,
504 3130 534 3171 1,
549 3129 613 3162 33:
647 3126 666 3168 §
687 3129 721 3162 6.
739 3130 758 3162 ’1
776 3129 913 3162 extant
928 3123 1045 3163 etiam
1061 3123 1102 3163 in
1117 3122 1284 3164 Nomoc.
1380 3124 1435 3176 (7)
1454 3125 1511 3164 ad
1523 3139 1585 3165 co-

244 3177 370 3216 mitem
401 3191 528 3217 rerum
551 3177 806 3229 privatarum
836 3177 1029 3219 directam
1060 3192 1144 3219 esse
1168 3179 1481 3220 constitutionem
1514 3195 1585 3233 ap-

2546 171 2622 211 DE
2658 171 2988 212 BAERE'rlcls

1653 310 1730 356 sed
1766 310 1899 354 etiam
1934 310 1982 355 in
2008 310 2077 357 his
2107 313 2303 365 casibus,
2341 313 2388 356 in
2418 310 2577 366 quibus
2605 314 2791 368 uterque
2827 323 2990 367 parens

1654 367 1823 411 alienae
1852 369 2002 429 sectae
2029 367 2108 422 sit,
2147 369 2195 413 id
2231 374 2301 414 est
2328 370 2455 423 pater
2483 370 2529 409 et
2554 370 2708 420 mater,
2737 367 2769 411 ii
2796 369 2989 412 tantum-

1655 421 1783 466 modo
1822 420 1950 464 liberi
1987 422 2043 466 ad
2079 436 2230 468 eorum
2268 422 2594 468 successionem
2631 421 2723 466 sive
2758 434 2814 466 ex
2851 424 2990 466 testa-

1656 483 1801 521 mento
1842 475 1933 519 sive
1967 477 2024 520 ab
2061 477 2271 524 intestato
2301 480 2513 522 vocentur
2550 480 2596 520 et
2625 476 2884 522 donationes
2911 487 2994 520 seu

1657 533 1766 576 alias
1795 530 2080 577 liberalitates
2109 534 2165 579 ab
2194 534 2263 579 his
2292 534 2493 590 accipere
2516 532 2702 587 possint,
2733 531 2812 597 qui
2838 531 2990 577 ortho-

1659 589 1872 632 doxorum
1915 588 2151 633 venerabili
2202 590 2376 634 nomine
2420 592 2524 632 sunt
2567 587 2787 631 decorati:
2835 585 2994 632 ceteris

1657 643 1808 688 liberis
1851 654 2027 696 eorum,
2098 645 2145 688 ui
2186 659 2276 690 non
2319 644 2390 689 dei
2424 642 2736 698 omnipotentis
2785 653 2995 692 amorem,

1660 698 1738 744 sed
1766 700 1996 754 paternam
2021 657 2098 743 ve?
2117 706 2357 744 maternam
2394 700 2573 754 impiam
2605 697 2996 761 adfectionem-se-

1665 761 1680 798 l
1744 753 1836 798 cuti
1873 758 1997 806 sunt,
2038 754 2094 798 ab
2133 757 2250 800 omni
2287 755 2501 800 beneficio
2531 752 2806 809 repellendis.
2862 751 2997 796 Libe-

1660 811 1720 854 ris
1749 814 1898 853 autem
1927 809 2183 855 orthodoxis
2212 825 2300 856 non
2329 810 2618 856 existentibus
2641 808 2699 852 ad
2721 807 3001 864 agnationem

1661 866 1729 910 vel
1767 863 2072 920 cognationem
2108 878 2278 921 eorum,
2318 866 2587 911 orthodoxas
2615 868 2784 917 tamen,
2825 860 3000 907 easdem

1662 927 1685 965 2
1744 933 1815 965 res
1844 921 1913 964 vel
1941 921 2241 966 successiones
2278 922 2517 977 pervenire.
2577 919 2706 975 Quod
2743 919 2781 964 si
2812 930 2895 962 nec
2923 929 3001 972 ag·

1662 978 1781 1021 natio
1826 987 1908 1019 nec
1953 977 2151 1030 cognatio
2188 983 2312 1022 recta
2355 977 2625 1028 inveniatur,
2670 980 2779 1019 tunc
2826 972 3002 1038 easdem

1664 1039 1687 1076 3
1720 1034 1779 1086 (1)
1838 1044 1909 1075 res
1946 1030 2048 1075 fisci
2084 1034 2226 1076 nostri
2259 1032 2426 1077 viribus
2454 1031 2681 1076 vindicari.
2740 1029 2828 1074 Sed
2855 1041 2911 1073 ne
2937 1041 3002 1072 vl-

1664 1089 1846 1132 deamur
1879 1086 2167 1133 morientibus
2205 1088 2379 1144 quidem
2416 1088 2686 1144 genitoribus
2715 1085 2866 1130 liberis
2896 1096 3001 1150 pro·-

1663 1144 1821 1193 videre,
1850 1142 2094 1186 viventibus
2125 1147 2271 1187 autem
2300 1143 2468 1188 nullam
2489 1143 2653 1187 inferre
2670 1141 3002 1199 providentiam,

1664 1199 1783 1255 quod
1825 1198 1958 1243 etiam
2001 1210 2056 1241 ex
2092 1198 2214 1242 facto
2260 1198 2388 1242 nobis
2426 1199 2648 1254 cognitum
2685 1202 2774 1251 est,
2811 1195 3003 1260 necessi-

1663 1261 1799 1299 tatem
1833 1253 2098 1309 imponimus
2135 1254 2300 1298 talibus
2335 1254 2608 1308 genitoribus
2643 1252 2914 1298 orthodoxos
2950 1250 3004 1295 h-

1664 1312 1793 1355 beros
1832 1309 2074 1355 secundum
2113 1309 2182 1353 sui
2210 1309 2460 1365 patrimonii
2496 1310 2786 1365 quantitatem
2814 1307 2933 1352 alere
2962 1310 3008 1350 et

1665 1367 1809 1411 omnia
1839 1367 1901 1410 eis
1930 1371 2174 1422 praestare,
2206 1377 2320 1420 quae
2349 1364 2407 1408 ad
2436 1364 2735 1420 quotidianam
2754 1364 2871 1407 vitae
2899 1375 3006 1407 con·

1667 1422 1960 1467 versationem
1997 1420 2244 1465 sufficiant:
2288 1420 2366 1464 sed
2395 1425 2441 1464 et
2469 1419 2594 1464 dotes
2624 1433 2705 1475 pro
2733 1418 2910 1463 filiabus
2937 1417 3009 1461 vel

1666 1479 1869 1534 neptibus
1909 1477 2015 1521 dare
2054 1480 2098 1520 et
2135 1484 2238 1520 ante
2278 1476 2455 1532 nuptias
2495 1475 2756 1520 donationes
2793 1485 2876 1531 pro
2904 1473 3007 1518 filiis

1665 1536 1732 1578 vel
1774 1534 2008 1590 nepotibus
2046 1532 2343 1588 perscribere,
2389 1532 2434 1574 in
2474 1531 2592 1575 omni
2631 1543 2738 1575 casu
2767 1527 3011 1574 secundum

1666 1591 1779 1635 vires
1815 1589 2070 1646 patrimonii
2106 1587 2358 1632 huiusmodi
2397 1587 2739 1631 liberalitatibus
2773 1584 3009 1630 aestiman-

1667 1646 1748 1699 dis,
1778 1658 1835 1689 ne
1862 1648 2046 1701 propter
2075 1644 2207 1688 divini
2236 1643 2398 1688 amoris
2433 1643 2691 1688 electionem
2726 1646 2916 1707 paterna
2942 1639 3013 1684 vel

1667 1707 1693 1746 4
1748 1707 1949 1746 materna
1977 1700 2142 1744 fuerint
2169 1700 2297 1744 liberi
2324 1699 2576 1754 provisione
2599 1697 2860 1742 defraudati.
2907 1695 3010 1742 Om-

1669 1758 1797 1802 nibus
1826 1757 2052 1809 videlicet,
2093 1768 2207 1812 quae
2245 1761 2425 1799 nostrae
2453 1754 2792 1799 constitutiones
2821 1752 2876 1796 de
2905 1765 3011 1808 poe-

1668 1815 1735 1857 nis
1781 1826 2056 1870 paganorum
2098 1817 2143 1856 et
2185 1811 2547 1855 Manichaeorum
2591 1814 2636 1854 et
2678 1808 3012 1854 Borboritarum

1669 1873 1713 1913 et
1742 1869 2060 1913 Samaritarum
2088 1873 2134 1912 et
2157 1867 2531 1911 Montanistarum
2560 1870 2604 1910 et
2628 1865 3013 1924 Tascodrogorum

1668 1930 1712 1970 et
1727 1925 1991 1981 Ophitarum
2020 1927 2358 1979 ceterorumque
2386 1923 2709 1967 haereticorum
2740 1932 2876 1966 causa
2905 1932 3012 1985 con-

1669 1982 1921 2033 stituerunt,
1963 1993 2019 2025 ex
2059 1981 2144 2023 hac
2187 1982 2341 2024 nostra
2382 1980 2478 2034 lege
2523 1977 2832 2022 confirmandis
2873 1978 2920 2020 et
2962 1988 3011 2025 m

1667 2041 1928 2093 perpetuum
1957 2035 2174 2080 valituris.
2815 2032 2877 2089 [a.
2909 2031 3013 2088 529]

1725 2090 1790 2139 20
1823 2094 1840 2119 ⁶
1872 2088 1916 2135 ‘O
1947 2088 2077 2135 αὐτὸς
2104 2088 2310 2147 βασιλεύς
2339 2121 2561 2133 ......
2591 2087 2750 2158 κόμητι
2788 2089 2885 2131 τῶν
2914 2102 3014 2146 πρι-

1667 2146 1826 2205 βάτων
1835 2150 1865 2190 ⁷.
1953 2147 2185 2206 Ἑγνωμεν
2240 2144 2343 2189 τούς
2393 2141 2594 2189 ἀνοσίους
2645 2142 2887 2204 αιρετικούς
2939 2147 3016 2187 καὶ

1667 2203 1780 2260 μετὰ
1813 2217 1915 2247 τους
1953 2199 2184 2262 ἡμετέρους
2221 2199 2409 2258 νόμους8
2444 2205 2518 2244 καὶ
2553 2199 2636 2255 τὴν
2662 2203 2907 2260 γενομένην
2935 2195 3011 2243 ἐπ’

1670 2258 1817 2303 αὐτοῖς
1844 2264 2022 2314 κίνησιν
2059 2261 2130 2302 ἔτι
2166 2256 2337 2315 τολμᾶν
2364 2261 2439 2300 καὶ
2467 2254 2776 2322 ἀθροίζεσθαι
2803 2260 2879 2300 καὶ
2907 2270 3014 2315 προ·

1668 2313 1924 2371 βάλλεσθαί
1957 2329 2084 2358 τινας
2120 2315 2196 2369 τῆς
2241 2314 2418 2356 ἑαυτῶν
2458 2318 2622 2369 μανίας
2663 2315 2924 2371 ηγουμένους
2965 2327 3016 2354 τε

1669 2370 1851 2414 τούτους
1886 2374 1961 2414 καὶ
1997 2369 2200 2430 ἐξάρχους
2237 2368 2389 2413 καλεῖν
2424 2372 2499 2411 καὶ
2535 2373 2835 2425 βαπτίσματα
2871 2370 3018 2412 ποιεῖν

1669 2430 1744 2469 καὶ
1770 2425 2021 2482 βούλεσθαι
2047 2426 2247 2485 χρῆσθαι
2276 2429 2534 2484 προνομίοις
2561 2429 2697 2475 τισίν,
2732 2419 2892 2478 ἧνίκα9
2917 2423 3018 2466 τῶν

1668 2481 1695 2525 ἁ
1727 2487 1811 2525 ίων
1849 2480 2107 2542 περιβόλων
2147 2481 2428 2533 καθέστηκεν
2457 2477 2611 2523 αὐτῶν
2647 2478 2706 2523 τοὶ
2734 2476 3017 2539 ἐργαστήρια,

1669 2555 1693 2582 o
1713 2553 1731 2581 ς
1767 2535 1928 2594 μόνους
1965 2536 2067 2581 τοὺς
2103 2536 2187 2592 τὴν
2224 2534 2372 2596 ὀρθὴν
2400 2537 2628 2592 τιμῶντας
2663 2540 2821 2580 πίστιν
2856 2533 3017 2593 χρήσα-

1675 2600 1691 2638 1
1753 2595 1870 2637 σθαι
1919 2593 2143 2654 προσήκει.
2215 2591 2302 2635 Διά
2351 2593 2484 2635 τοῦτο
2531 2596 2688 2635 τοίνυν
2734 2590 3019 2646 θεσπίζομεν

1670 2649 1754 2704 τὴν
1791 2648 1873 2704 σὴν
1907 2645 2089 2710 ὑπεροχ’
2165 2652 2238 2691 καὶ
2275 2649 2361 2692 νῦν
2389 2644 2539 2691 αὐτοῖς
2565 2645 2787 2699 ἀπειπεῖν,
2822 2644 3019 2703 μάλιστα

1669 2708 1753 2763 μὲν
1795 2703 1909 2761 μηδὲ
1950 2707 1999 2748 ἐν
2040 2705 2070 2748 ἄ
2099 2703 2162 2759 λῳ
2201 2707 2294 2747 τινὶ
2333 2700 2486 2757 τόπῳ,
2528 2700 2834 2762 διαφερόντως
2865 2699 2916 2744 δὲ
2943 2703 3018 2746 ἐπὶ

1670 2764 1746 2815 τῆς
1787 2759 2048 2817 εὐδαίμονος
2084 2757 2250 2814 ταύτης
2282 2756 2476 2810 πόλεως,
2510 2757 2626 2814 μηδέ
2659 2772 2786 2802 τινας
2823 2755 3021 2809 συνάξεις

1674 2815 1787 2873 μηδὲ
1814 2821 2110 2872 βαπτίσματα
2139 2818 2288 2860 ποιεῖν
2314 2812 2634 2880 μηδὲκτολμᾶν
2662 2815 2742 2857 τοῦ
2770 2814 2846 2879 τῇς
2883 2829 2920 2858 π
2974 2828 3019 2856 σ·

1677 2874 1863 2927 κυνητῆς
1900 2876 2137 2915 κοινωνίας
2172 2868 2391 2928 ὀνόματος
2426 2887 2454 2924 η
2491 2868 2749 2930 πράγματος
2776 2884 2919 2914 απτεσ
2960 2886 3020 2922 αι,

1668 3022 1789 3066 paret
1830 3027 1878 3053 ετ
1920 3018 1939 3060 §
1973 3021 1994 3054 8
2037 3013 2189 3053 collata
2222 3011 2354 3054 Const.
2387 3012 2412 3051 i.
2434 3011 2506 3064 f.:
2534 3012 2719 3064 sortasse
2756 3011 3020 3067 supplendum·

1672 3063 1780 3165 {2³⁶⁶
1811 3070 2019 3166 ιξὲωιῇσῖ,
2049 3076 2107 3120 37,
2138 3077 2159 3110 3
2290 3066 2349 3121 (s)
2379 3082 2413 3108 c.
2443 3075 2496 3108 14.
2527 3076 2567 3109 18
2600 3068 2637 3108 Ιι.
2670 3076 2695 3108 ι.
2827 3068 2885 3122 (9)
2912 3065 3021 3110 εἴσω

241 3338 490 3397 provinciis
520 3343 610 3383 tam
637 3339 824 3384 militari
852 3354 986 3397 quam
1008 3341 1142 3394 civili,
1172 3341 1235 3385 ad
1255 3342 1381 3399 quod
1401 3356 1456 3387 ea
1476 3357 1586 3401 per-

247 3394 399 3446 tinent,
429 3392 715 3438 denuntiatus
725 3395 884 3452 fuerit,
913 3397 1011 3455 ipse
1025 3397 1103 3454 qui
1118 3396 1318 3455 deliquit,
1338 3402 1587 3457 postquam

247 3447 549 3547 deprehensus
588 3454 677 3503 est,
714 3451 880 3508 poenis
921 3465 1064 3509 supra
1091 3452 1136 3507 ja
1174 3451 1305 3498 nobis
1323 3455 1588 3519 propositis

246 3518 299 3548 su
328 3503 501 3557 icietur,
533 3505 612 3562 qui
631 3518 734 3550 vero
759 3519 853 3550 non
873 3506 1260 3563 denuntiaverunt,
1290 3523 1384 3555 sive
1408 3523 1457 3554 in
1480 3510 1588 3568 offi-

248 3559 330 3602 ciis
345 3563 452 3603 sunt
467 3560 559 3605 sive
579 3560 627 3604 in
645 3560 749 3604 aliis
769 3561 1003 3606 ordinibus
1021 3563 1237 3617 militant,
1270 3565 1333 3609 ad
1349 3579 1463 3623 quos
1477 3564 1589 3610 haec

240 3615 494 3673 pertinent,
541 3616 702 3674 viqinti
742 3617 846 3660 auri
888 3617 1106 3662 librarum
1132 3633 1331 3677 poenam
1350 3634 1446 3679 pro
1475 3635 1587 3665 una-

247 3683 425 3727 quaque
496 3684 660 3715 ersona
700 3670 944 3730 deponent,
983 3678 1028 3718 et
1060 3674 1263 3719 similiter
1297 3690 1586 3734 unumquem-

247 3739 334 3782 que
372 3738 426 3769 or
457 3739 573 3770 inem
610 3726 847 3772 militarem
885 3734 931 3773 et
957 3728 1128 3774 civilem
1157 3729 1229 3775 hic
1257 3736 1303 3776 et
1328 3733 1377 3776 in
1395 3733 1587 3791 provin-

250 3785 297 3823 11
358 3780 442 3844 ciis
471 3781 660 3839 triqinta
688 3782 905 3828 librarum
934 3785 1038 3829 auri
1061 3785 1201 3830 multa
1228 3793 1451 3845 sequetur.
1496 3787 1588 3833 Sed

247 3840 293 3880 et
325 3849 363 3879 st
399 3836 615 3881 institerit
639 3851 928 3897 poenamque
961 3842 1167 3898 exeqerit
1197 3856 1331 3900 seque
1359 3843 1485 3889 baud
1511 3858 1586 3888 ne-

246 3890 494 3955 qleqentem
532 3906 687 3936 eorum
726 3908 841 3951 quae
875 3896 1120 3941 constituta
1154 3905 1261 3942 sunt
1284 3899 1586 3957 praestiterit,

249 3952 448 3991 omiserit
471 3953 619 3992 autem
624 3962 838 4007 poenam,
863 3964 981 4008 quae
994 3965 1089 4010 pro
1105 3966 1376 4018 unaquaque
1380 3968 1587 4013 persona

248 4001 317 4065 vei
352 4015 490 4046 causa
519 4005 743 4068 competit,
773 4004 891 4050 banc
917 4006 1117 4051 iubemus
1140 4008 1489 4055 illustrissimum
1511 4024 1585 4056 co-

247 4061 541 4121 mitem-sacri
562 4061 835 4117 patrimonii
862 4062 1047 4120 exiqere
1074 4067 1121 4107 et
1144 4065 1371 4123 suscipere
1385 4071 1431 4111 et
1441 4067 1587 4111 sacris

246 4117 439 4177 privatis
465 4114 639 4171 inferre
665 4115 895 4170 scientem,
925 4118 1013 4162 nisi
1039 4123 1086 4163 et
1111 4119 1129 4161 i
1160 4132 1208 4163 se
1227 4134 1317 4178 per
1343 4119 1586 4166 subiectam

247 4166 329 4211 sibi
358 4174 642 4233 sacratorum
662 4171 976 4268 palatinorum
1002 4171 1111 4218 sclzo
1132 4187 1205 4218 am
1233 4180 1278 4219 et
1298 4176 1456 4222 schola
1483 4178 1586 4236 ipsa

250 4237 368 4287 omni
404 4229 583 4288 ratione
622 4230 638 4269 t
685 4226 732 4270 ia
767 4227 1054 4292 investiqarit
1088 4235 1326 4287 sontesque
1372 4246 1586 4278 convene-

249 4284 323 4331 rit,
340 4292 487 4336 ipsum
501 4279 678 4344 quidem
694 4281 1022 4341 quinquaqinta
1043 4284 1147 4328 auri
1163 4284 1378 4332 librarum
1384 4302 1587 4347 poenam

250 4333 514 4387 soluturum,
524 4334 766 4380 subiectam
781 4343 929 4383 autem
941 4338 1032 4397 ipsi
1045 4339 1258 4393 scholam,
1261 4350 1587 4402 praeterquam

254 4388 382 4452 quod·
410 4390 666 4454 corporalis
693 4405 852 4450 poena
889 4393 937 4438 in
973 4393 1175 4439 scholam
1213 4399 1436 4455 competit,
1475 4398 1587 4444 mul-

257 4448 343 4485 tam
365 4450 621 4509 impositam
645 4447 694 4490 in
712 4460 841 4511 suum
862 4449 1112 4507 periculum
1129 4454 1388 4509 tracturam,
1415 4455 1457 4499 si
1480 4467 1587 4499 con-

258 4499 307 4537 12
362 4504 529 4543 statutis
567 4516 596 4545 a
633 4501 763 4547 nobis
802 4516 827 4546 0
862 4518 984 4548 eram
1021 4518 1113 4549 non
1141 4505 1322 4552 dederit.
1383 4508 1587 4555 Eandem

257 4564 408 4594 curam
448 4554 641 4617 babeant
676 4563 722 4603 et
755 4571 806 4602 re
823 4559 1080 4617 tqiosissimi
1112 4561 1394 4620 sinqularum
1434 4566 1586 4611 civita-

259 4611 347 4649 tum
402 4612 618 4668 episcopi,
675 4614 753 4671 qui
803 4614 850 4658 in
891 4615 1082 4674 sinqulis
1124 4615 1375 4665 civitatibus
1413 4634 1587 4680 semper

1673 3357 1790 3400 quae
1826 3342 2043 3388 adversus
2081 3356 2261 3388 sacram
2290 3343 2410 3389 hanc
2449 3344 2589 3402 leqem
2617 3349 2822 3390 nostram
2850 3359 2880 3390 a
2908 3359 3022 3404 quo·

1673 3412 1860 3456 cumque
1907 3404 2234 3458 attemptantur
2284 3399 2532 3458 inquirant,
2573 3414 2716 3458 eaque
2766 3401 3019 3448 clarissimo

1663 3454 1933 3514 provinciae
1969 3455 2141 3500 rectori
2177 3455 2424 3513 manifesta
2458 3456 2666 3513 faciant,
2706 3460 2760 3500 ut
2795 3456 2874 3502 ille
2901 3470 3019 3515 quae

1672 3525 1701 3555 a
1729 3509 1859 3555 nobis
1879 3510 1960 3569 pie
1986 3511 2111 3555 iussa
2138 3516 2245 3555 sunt
2276 3510 2339 3556 ad
2365 3511 2573 3568 effectum
2599 3511 2855 3570 perducat:
2889 3517 2943 3557 ut
2977 3512 3021 3558 si

1670 3566 1998 3624 reliqiosissimi
2039 3566 2242 3624 episcopi
2288 3566 2471 3611 videant
2501 3567 2771 3624 provinciae
2811 3566 3018 3613 modera-

1673 3627 1813 3667 torem
1830 3635 1925 3666 rem
1942 3621 2192 3679 neqkqere,
2221 3620 2308 3666 Izoc
2327 3621 2457 3666 nobis
2472 3622 2586 3680 ipsis
2602 3621 2764 3681 palam
2786 3621 2892 3680 fieri
2912 3636 3019 3667 con·

1671 3677 1832 3731 veniat,
1862 3681 1915 3721 ut
1939 3676 2225 3734 neqleqentes
2250 3677 2390 3722 isdem
2412 3677 2580 3736 poenis
2602 3677 2888 3732 subiciamus,
2918 3679 3018 3736 qui-

1673 3732 1756 3778 bus
1795 3731 1938 3777 subici
1977 3745 2122 3790 supra
2162 3731 2384 3777 dictorum
2425 3737 2717 3779 temeratores
2763 3733 3014 3780 sanximus.

1676 3792 1725 3832 13
1793 3787 1954 3832 Sciant
1993 3788 2127 3832 etiam
2168 3787 2495 3847 reliqiosissimi
2547 3788 2751 3833 locorum
2799 3789 3016 3848 episcopi,

1669 3844 1710 3888 si
1751 3841 1913 3907 borum
1987 3842 2068 3887 uid
2107 3844 2371 3902 neqieqant,
2421 3858 2471 3889 se
2512 3844 2576 3888 ad
2615 3844 2843 3889 dominum
2884 3844 3016 3890 deum

1670 3899 1852 3956 eiusque
1879 3911 1927 3942 iu
1959 3899 2094 3943 icium
2123 3905 2353 3944 aeternum
2381 3904 2605 3953 venturos,
2636 3899 2839 3944 convicta
2867 3904 3016 3944 autem

1669 3956 1872 4054 ipsorum
1910 3953 2193 4014 neqleqentia
2232 3960 2279 4000 et
2313 3955 2368 4001 de
2404 3955 2507 4015 ipso
2540 3954 2797 4000 sacerdotio
2826 3954 3015 4014 pericli-

1673 4017 1718 4055 ta
1738 4022 1861 4054 uros.

1727 4062 1793 4112 20
1825 4062 1951 4110 Idem
1989 4066 2030 4109 A
2032 4099 2294 4110 .......
2325 4066 2478 4111 comiti
2527 4079 2678 4110 rerum
2708 4065 3010 4124 privatarum.

1673 4120 1975 4179 Comperimus
2030 4121 2194 4179 impios
2249 4120 2501 4167 haereticos
2556 4121 2691 4165 etiam
2735 4125 2850 4179 post
2892 4120 3016 4179 leqes

1669 4181 1852 4221 nostras
1879 4180 1926 4220 et
1951 4182 2155 4222 nostrum
2182 4177 2231 4220 in
2259 4190 2338 4222 eos
2357 4182 2525 4222 motum
2547 4175 2695 4220 adhuc
2714 4175 2883 4221 audere
2906 4189 3012 4220 con-

1669 4231 1820 4278 venire
1867 4236 1913 4277 et
1949 4231 2169 4289 quosdam
2205 4232 2279 4277 sui
2302 4231 2484 4290 furoris
2510 4231 2805 4290 praepositos
2843 4235 2890 4275 et
2929 4245 3012 4276 ex—

1670 4286 1836 4332 archos
1878 4300 2034 4332 creare
2075 4292 2121 4333 et
2161 4287 2433 4347 baptismata
2471 4287 2631 4344 facere
2678 4291 2725 4331 et
2757 4285 3014 4344 privileqiis

1669 4341 1935 4401 quibusdam
1964 4344 2032 4387 uti
2059 4343 2191 4396 velle,
2227 4347 2281 4388 ut
2318 4343 2442 4387 intra
2474 4355 2610 4386 sacra
2636 4355 2715 4386 sae
2751 4347 2796 4386 ta
2826 4340 3013 4386 taberna

1668 4412 1754 4443 sua
1782 4397 1999 4452 habeant,
2038 4398 2200 4456 quibus
2235 4398 2361 4449 solos
2390 4396 2678 4442 orthodoxae
2740 4396 2813 4441 dei
2838 4395 3010 4442 studio·

1675 4458 1693 4497 1
1751 4466 1831 4518 sos
1857 4453 1926 4498 uti
1953 4454 2170 4518 convenit.
2227 4452 2480 4512 Propterea
2507 4453 2649 4511 iqitur
2674 4451 2920 4516 sancimus,
2960 4457 3012 4496 ut

1670 4508 2631 4630 Ξαὲῗιῖῑέῗέἔὲοἳῖῗο,”ἔ’λὲηὲἧέἓῖιῖῖεὲῗξι
2677 4505 3013 4626 §mittut

1671 4618 1980 4667 conventicula
2019 4620 2086 4667 vel
2123 4621 2395 4680 baptismata
2434 4618 2652 4665 celebrent
2687 4631 2794 4666 neve
2828 4629 3007 4665 nomme
