<?xml version="1.0" encoding="UTF-8"?>
<!DOCTYPE html PUBLIC "-//W3C//DTD XHTML 1.0 Transitional//EN"
    "http://www.w3.org/TR/xhtml1/DTD/xhtml1-transitional.dtd">
<html xmlns="http://www.w3.org/1999/xhtml" xml:lang="en" lang="en">
 <head>
  <title>
</title>
<meta http-equiv="Content-Type" content="text/html;charset=utf-8" />
  <meta name='ocr-system' content='tesseract 3.04.00' />
  <meta name='ocr-capabilities' content='ocr_page ocr_carea ocr_par ocr_line ocrx_word'/>
</head>
<body>
  <div class='ocr_page' id='page_1' title='image "./corpusiuriscivil02krueuoft_0234.png"; bbox 0 0 3152 4784; ppageno 0'>
   <div class='ocr_carea' id='block_1_1' title="bbox 183 183 371 234">
    <p class='ocr_par' dir='ltr' id='par_1_1' title="bbox 183 183 371 234">
     <span class='ocr_line' id='line_1_1' title="bbox 183 183 371 234; baseline -0.043 0"><span class='ocrx_word' id='word_1_1' title='bbox 183 183 371 234; x_wconf 81' lang='lat' dir='ltr'>V4.5</span> 
     </span>
    </p>
   </div>
   <div class='ocr_carea' id='block_1_2' title="bbox 163 309 1497 2372">
    <p class='ocr_par' dir='ltr' id='par_1_2' title="bbox 163 309 1495 2372">
     <span class='ocr_line' id='line_1_2' title="bbox 176 309 1490 368; baseline -0.008 -3"><span class='ocrx_word' id='word_1_2' title='bbox 176 321 485 368; x_wconf 78' lang='lat' dir='ltr'><strong>matrimonium</strong></span> <span class='ocrx_word' id='word_1_3' title='bbox 526 333 576 361; x_wconf 88' lang='lat' dir='ltr'>ex</span> <span class='ocrx_word' id='word_1_4' title='bbox 618 317 867 361; x_wconf 83' lang='lat' dir='ltr'>huiusmodi</span> <span class='ocrx_word' id='word_1_5' title='bbox 904 330 955 361; x_wconf 80' lang='lat' dir='ltr'>su</span> <span class='ocrx_word' id='word_1_6' title='bbox 988 318 1167 362; x_wconf 84' lang='lat' dir='ltr'>erventu</span> <span class='ocrx_word' id='word_1_7' title='bbox 1204 312 1381 355; x_wconf 80' lang='lat' dir='ltr'>minime</span> <span class='ocrx_word' id='word_1_8' title='bbox 1416 309 1490 355; x_wconf 83' lang='lat' dir='ltr'>de-</span> 
     </span>
     <span class='ocr_line' id='line_1_3' title="bbox 174 366 1492 428; baseline -0.009 -8"><span class='ocrx_word' id='word_1_9' title='bbox 174 387 196 420; x_wconf 84' lang='grc'>3</span> <span class='ocrx_word' id='word_1_10' title='bbox 252 377 478 419; x_wconf 83' lang='lat' dir='ltr'>minutum.</span> <span class='ocrx_word' id='word_1_11' title='bbox 525 373 659 415; x_wconf 88' lang='lat' dir='ltr'>Simili</span> <span class='ocrx_word' id='word_1_12' title='bbox 688 372 817 415; x_wconf 92' lang='lat' dir='ltr'>modo</span> <span class='ocrx_word' id='word_1_13' title='bbox 848 373 886 416; x_wconf 87' lang='lat' dir='ltr'>si</span> <span class='ocrx_word' id='word_1_14' title='bbox 913 373 1072 428; x_wconf 76' lang='lat' dir='ltr'>prlvati</span> <span class='ocrx_word' id='word_1_15' title='bbox 1099 366 1285 412; x_wconf 87' lang='lat' dir='ltr'>hominis</span> <span class='ocrx_word' id='word_1_16' title='bbox 1313 366 1406 409; x_wconf 87' lang='lat' dir='ltr'>filia</span> <span class='ocrx_word' id='word_1_17' title='bbox 1434 366 1492 409; x_wconf 88' lang='lat' dir='ltr'>ad</span> 
     </span>
     <span class='ocr_line' id='line_1_4' title="bbox 172 420 1491 479; baseline -0.011 -3"><span class='ocrx_word' id='word_1_18' title='bbox 172 431 314 476; x_wconf 88' lang='lat' dir='ltr'>liberti</span> <span class='ocrx_word' id='word_1_19' title='bbox 342 430 483 472; x_wconf 85' lang='lat' dir='ltr'>veniat</span> <span class='ocrx_word' id='word_1_20' title='bbox 513 426 744 470; x_wconf 87' lang='lat' dir='ltr'>conubium</span> <span class='ocrx_word' id='word_1_21' title='bbox 783 431 828 469; x_wconf 81' lang='lat' dir='ltr'>et</span> <span class='ocrx_word' id='word_1_22' title='bbox 897 432 1019 471; x_wconf 81' lang='lat' dir='ltr'>ostea</span> <span class='ocrx_word' id='word_1_23' title='bbox 1057 427 1184 479; x_wconf 86' lang='lat' dir='ltr'>pater</span> <span class='ocrx_word' id='word_1_24' title='bbox 1212 421 1405 464; x_wconf 84' lang='lat' dir='ltr'>mulieris</span> <span class='ocrx_word' id='word_1_25' title='bbox 1435 420 1491 463; x_wconf 89' lang='lat' dir='ltr'>ad</span> 
     </span>
     <span class='ocr_line' id='line_1_5' title="bbox 170 440 1491 546; baseline -0.011 -15"><span class='ocrx_word' id='word_1_26' title='bbox 170 485 380 531; x_wconf 84' lang='lat' dir='ltr'>senatoris</span> <span class='ocrx_word' id='word_1_27' title='bbox 410 482 660 546; x_wconf 88' lang='lat' dir='ltr'>dignitatem</span> <span class='ocrx_word' id='word_1_28' title='bbox 689 481 822 523; x_wconf 80' lang='lat' dir='ltr'>fuerit</span> <span class='ocrx_word' id='word_1_29' title='bbox 853 440 1005 534; x_wconf 44' lang='lat' dir='ltr'>gatus,</span> <span class='ocrx_word' id='word_1_30' title='bbox 1036 482 1181 522; x_wconf 88' lang='lat' dir='ltr'>taceat</span> <span class='ocrx_word' id='word_1_31' title='bbox 1195 475 1361 530; x_wconf 80' lang='lat' dir='ltr'>Papiae</span> <span class='ocrx_word' id='word_1_32' title='bbox 1383 475 1491 530; x_wconf 88' lang='lat' dir='ltr'>legis</span> 
     </span>
     <span class='ocr_line' id='line_1_6' title="bbox 170 530 1490 600; baseline -0.008 -16"><span class='ocrx_word' id='word_1_33' title='bbox 170 538 465 584; x_wconf 88' lang='lat' dir='ltr'>crudelissima</span> <span class='ocrx_word' id='word_1_34' title='bbox 495 536 663 579; x_wconf 86' lang='lat' dir='ltr'>sanctio</span> <span class='ocrx_word' id='word_1_35' title='bbox 695 540 739 578; x_wconf 86' lang='lat' dir='ltr'>et</span> <span class='ocrx_word' id='word_1_36' title='bbox 753 547 910 600; x_wconf 85' lang='lat' dir='ltr'>neque</span> <span class='ocrx_word' id='word_1_37' title='bbox 936 548 1017 590; x_wconf 89' lang='lat' dir='ltr'>per</span> <span class='ocrx_word' id='word_1_38' title='bbox 1051 534 1171 575; x_wconf 89' lang='lat' dir='ltr'>hunc</span> <span class='ocrx_word' id='word_1_39' title='bbox 1197 530 1372 574; x_wconf 91' lang='lat' dir='ltr'>modum</span> <span class='ocrx_word' id='word_1_40' title='bbox 1404 530 1490 574; x_wconf 85' lang='lat' dir='ltr'>dis-</span> 
     </span>
     <span class='ocr_line' id='line_1_7' title="bbox 168 586 1493 640; baseline -0.008 -1"><span class='ocrx_word' id='word_1_41' title='bbox 168 597 359 640; x_wconf 80' lang='lat' dir='ltr'>solvatur</span> <span class='ocrx_word' id='word_1_42' title='bbox 393 591 711 635; x_wconf 82' lang='lat' dir='ltr'>matrimonium</span> <span class='ocrx_word' id='word_1_43' title='bbox 750 590 864 633; x_wconf 86' lang='lat' dir='ltr'>inter</span> <span class='ocrx_word' id='word_1_44' title='bbox 900 591 1009 633; x_wconf 88' lang='lat' dir='ltr'>facti</span> <span class='ocrx_word' id='word_1_45' title='bbox 1039 586 1255 632; x_wconf 85' lang='lat' dir='ltr'>senatoris</span> <span class='ocrx_word' id='word_1_46' title='bbox 1285 586 1419 629; x_wconf 90' lang='lat' dir='ltr'>filiam</span> <span class='ocrx_word' id='word_1_47' title='bbox 1450 590 1493 629; x_wconf 86' lang='lat' dir='ltr'>et</span> 
     </span>
     <span class='ocr_line' id='line_1_8' title="bbox 167 642 1491 707; baseline -0.008 -13"><span class='ocrx_word' id='word_1_48' title='bbox 167 652 388 699; x_wconf 83' lang='lat' dir='ltr'>libertum,</span> <span class='ocrx_word' id='word_1_49' title='bbox 427 659 481 689; x_wconf 91' lang='lat' dir='ltr'>ne</span> <span class='ocrx_word' id='word_1_50' title='bbox 510 645 650 688; x_wconf 81' lang='lat' dir='ltr'>soceri</span> <span class='ocrx_word' id='word_1_51' title='bbox 686 645 959 707; x_wconf 80' lang='lat' dir='ltr'>prosperitas</span> <span class='ocrx_word' id='word_1_52' title='bbox 988 644 1083 687; x_wconf 83' lang='lat' dir='ltr'>sine</span> <span class='ocrx_word' id='word_1_53' title='bbox 1110 654 1271 697; x_wconf 87' lang='lat' dir='ltr'>genero</span> <span class='ocrx_word' id='word_1_54' title='bbox 1299 642 1491 686; x_wconf 87' lang='lat' dir='ltr'>invenia-</span> 
     </span>
     <span class='ocr_line' id='line_1_9' title="bbox 166 698 1492 753; baseline -0.006 -4"><span class='ocrx_word' id='word_1_55' title='bbox 166 711 192 749; x_wconf 85' lang='lat'>4</span> <span class='ocrx_word' id='word_1_56' title='bbox 249 710 332 747; x_wconf 84' lang='lat' dir='ltr'>tur.</span> <span class='ocrx_word' id='word_1_57' title='bbox 399 701 556 744; x_wconf 87' lang='lat' dir='ltr'>Melius</span> <span class='ocrx_word' id='word_1_58' title='bbox 596 704 663 742; x_wconf 86' lang='lat' dir='ltr'>est</span> <span class='ocrx_word' id='word_1_59' title='bbox 701 700 815 742; x_wconf 83' lang='grc'>8111111</span> <span class='ocrx_word' id='word_1_60' title='bbox 861 700 970 753; x_wconf 89' lang='lat' dir='ltr'>legis</span> <span class='ocrx_word' id='word_1_61' title='bbox 1010 698 1174 753; x_wconf 87' lang='lat' dir='ltr'>Papiae</span> <span class='ocrx_word' id='word_1_62' title='bbox 1214 698 1492 742; x_wconf 84' lang='lat' dir='ltr'>severitatem</span> 
     </span>
     <span class='ocr_line' id='line_1_10' title="bbox 165 748 1490 820; baseline -0.005 -17"><span class='ocrx_word' id='word_1_63' title='bbox 165 763 210 803; x_wconf 90' lang='lat' dir='ltr'>in</span> <span class='ocrx_word' id='word_1_64' title='bbox 248 764 429 811; x_wconf 88' lang='lat' dir='ltr'>utroque</span> <span class='ocrx_word' id='word_1_65' title='bbox 470 768 575 798; x_wconf 83' lang='lat' dir='ltr'>casu</span> <span class='ocrx_word' id='word_1_66' title='bbox 615 748 916 820; x_wconf 83' lang='lat' dir='ltr'>compescere,</span> <span class='ocrx_word' id='word_1_67' title='bbox 963 766 1095 809; x_wconf 87' lang='lat' dir='ltr'>quam</span> <span class='ocrx_word' id='word_1_68' title='bbox 1131 766 1228 797; x_wconf 86' lang='lat' dir='ltr'>eam</span> <span class='ocrx_word' id='word_1_69' title='bbox 1269 753 1490 820; x_wconf 85' lang='lat' dir='ltr'>sequendo</span> 
     </span>
     <span class='ocr_line' id='line_1_11' title="bbox 164 809 1491 865; baseline -0.005 -7"><span class='ocrx_word' id='word_1_70' title='bbox 164 815 383 858; x_wconf 91' lang='lat' dir='ltr'>hominum</span> <span class='ocrx_word' id='word_1_71' title='bbox 412 810 689 854; x_wconf 86' lang='lat' dir='ltr'>matrimonia</span> <span class='ocrx_word' id='word_1_72' title='bbox 718 810 968 865; x_wconf 85' lang='lat' dir='ltr'>dispergere</span> <span class='ocrx_word' id='word_1_73' title='bbox 1002 823 1092 853; x_wconf 90' lang='lat' dir='ltr'>non</span> <span class='ocrx_word' id='word_1_74' title='bbox 1120 822 1176 854; x_wconf 88' lang='lat' dir='ltr'>ex</span> <span class='ocrx_word' id='word_1_75' title='bbox 1203 809 1308 854; x_wconf 85' lang='lat' dir='ltr'>vitio</span> <span class='ocrx_word' id='word_1_76' title='bbox 1337 809 1491 854; x_wconf 89' lang='lat' dir='ltr'>mulie-</span> 
     </span>
     <span class='ocr_line' id='line_1_12' title="bbox 164 865 1492 932; baseline -0.003 -19"><span class='ocrx_word' id='word_1_77' title='bbox 164 871 222 913; x_wconf 89' lang='lat' dir='ltr'>ris</span> <span class='ocrx_word' id='word_1_78' title='bbox 253 873 295 910; x_wconf 81' lang='lat' dir='ltr'>et</span> <span class='ocrx_word' id='word_1_79' title='bbox 321 866 480 918; x_wconf 86' lang='lat' dir='ltr'>mariti,</span> <span class='ocrx_word' id='word_1_80' title='bbox 519 865 597 910; x_wconf 89' lang='lat' dir='ltr'>sed</span> <span class='ocrx_word' id='word_1_81' title='bbox 625 879 680 910; x_wconf 86' lang='lat' dir='ltr'>ex</span> <span class='ocrx_word' id='word_1_82' title='bbox 707 878 922 921; x_wconf 83' lang='lat' dir='ltr'>prospera</span> <span class='ocrx_word' id='word_1_83' title='bbox 950 866 1204 909; x_wconf 82' lang='lat' dir='ltr'>alterutrius</span> <span class='ocrx_word' id='word_1_84' title='bbox 1234 867 1372 932; x_wconf 86' lang='lat' dir='ltr'>partis</span> <span class='ocrx_word' id='word_1_85' title='bbox 1400 866 1492 909; x_wconf 85' lang='lat' dir='ltr'>for-</span> 
     </span>
     <span class='ocr_line' id='line_1_13' title="bbox 163 922 1490 973; baseline -0.002 -6"><span class='ocrx_word' id='word_1_86' title='bbox 163 932 290 967; x_wconf 88' lang='lat' dir='ltr'>tuna:</span> <span class='ocrx_word' id='word_1_87' title='bbox 324 935 421 965; x_wconf 91' lang='lat' dir='ltr'>cum</span> <span class='ocrx_word' id='word_1_88' title='bbox 451 922 567 964; x_wconf 88' lang='lat' dir='ltr'>enim</span> <span class='ocrx_word' id='word_1_89' title='bbox 595 935 650 965; x_wconf 84' lang='lat' dir='ltr'>ex</span> <span class='ocrx_word' id='word_1_90' title='bbox 679 935 768 966; x_wconf 81' lang='lat' dir='ltr'>una</span> <span class='ocrx_word' id='word_1_91' title='bbox 795 922 943 965; x_wconf 86' lang='lat' dir='ltr'>radice</span> <span class='ocrx_word' id='word_1_92' title='bbox 967 922 1120 965; x_wconf 77' lang='lat' dir='ltr'>vitium</span> <span class='ocrx_word' id='word_1_93' title='bbox 1145 922 1357 973; x_wconf 83' lang='lat' dir='ltr'>nascitur,</span> <span class='ocrx_word' id='word_1_94' title='bbox 1388 934 1490 965; x_wconf 90' lang='lat' dir='ltr'>con-</span> 
     </span>
     <span class='ocr_line' id='line_1_14' title="bbox 164 977 1490 1044; baseline -0.003 -21"><span class='ocrx_word' id='word_1_95' title='bbox 164 992 208 1023; x_wconf 85' lang='lat' dir='ltr'>se</span> <span class='ocrx_word' id='word_1_96' title='bbox 240 991 345 1021; x_wconf 89' lang='lat' dir='ltr'>uens</span> <span class='ocrx_word' id='word_1_97' title='bbox 376 981 456 1044; x_wconf 73' lang='lat' dir='ltr'>est„</span> <span class='ocrx_word' id='word_1_98' title='bbox 486 980 537 1021; x_wconf 86' lang='lat' dir='ltr'>ut</span> <span class='ocrx_word' id='word_1_99' title='bbox 564 990 655 1021; x_wconf 83' lang='lat' dir='ltr'>una</span> <span class='ocrx_word' id='word_1_100' title='bbox 682 978 777 1032; x_wconf 86' lang='lat' dir='ltr'>lege</span> <span class='ocrx_word' id='word_1_101' title='bbox 804 978 1000 1021; x_wconf 85' lang='lat' dir='ltr'>tollatur.</span> <span class='ocrx_word' id='word_1_102' title='bbox 1099 982 1154 1030; x_wconf 91' lang='lat' dir='ltr'>[a.</span> <span class='ocrx_word' id='word_1_103' title='bbox 1187 982 1263 1020; x_wconf 88' lang='lat'>531</span> <span class='ocrx_word' id='word_1_104' title='bbox 1299 977 1367 1022; x_wconf 87' lang='lat' dir='ltr'>vel</span> <span class='ocrx_word' id='word_1_105' title='bbox 1395 981 1490 1029; x_wconf 78' lang='lat'><strong>532]</strong></span> 
     </span>
     <span class='ocr_line' id='line_1_15' title="bbox 217 1028 1493 1100; baseline 0 -26"><span class='ocrx_word' id='word_1_106' title='bbox 217 1033 279 1080; x_wconf 83' lang='grc'>9</span> <span class='ocrx_word' id='word_1_107' title='bbox 312 1030 369 1088; x_wconf 89' lang='lat'>[0</span> <span class='ocrx_word' id='word_1_108' title='bbox 398 1028 528 1075; x_wconf 76' lang='grc' dir='ltr'><strong><em>αὐτὸς</em></strong></span> <span class='ocrx_word' id='word_1_109' title='bbox 556 1032 791 1100; x_wconf 73' lang='grc' dir='ltr'><strong><em>βασιλευς]</em></strong></span> <span class='ocrx_word' id='word_1_110' title='bbox 822 1064 974 1077; x_wconf 90' lang='grc'><strong>......</strong></span> <span class='ocrx_word' id='word_1_111' title='bbox 982 1035 993 1058; x_wconf 90' lang='lat'><strong>¹</strong></span> <span class='ocrx_word' id='word_1_112' title='bbox 1023 1030 1204 1087; x_wconf 78' lang='grc' dir='ltr'>Ποίσης2</span> <span class='ocrx_word' id='word_1_113' title='bbox 1234 1064 1493 1075; x_wconf 86' lang='grc'><strong>........</strong></span> 
     </span>
     <span class='ocr_line' id='line_1_16' title="bbox 270 1085 1494 1155; baseline -0.002 -24"><span class='ocrx_word' id='word_1_114' title='bbox 270 1085 501 1154; x_wconf 75' lang='grc' dir='ltr'>3[Μ]ηδεὶς</span> <span class='ocrx_word' id='word_1_115' title='bbox 527 1087 611 1143; x_wconf 85' lang='grc' dir='ltr'>τὴν</span> <span class='ocrx_word' id='word_1_116' title='bbox 638 1088 700 1144; x_wconf 81' lang='grc' dir='ltr'><strong><em>μὴ</em></strong></span> <span class='ocrx_word' id='word_1_117' title='bbox 726 1087 1002 1144; x_wconf 76' lang='grc' dir='ltr'><strong><em>βουλομένην</em></strong></span> <span class='ocrx_word' id='word_1_118' title='bbox 1031 1087 1191 1131; x_wconf 83' lang='grc' dir='ltr'><strong><em>ἑλκέτω</em></strong></span> <span class='ocrx_word' id='word_1_119' title='bbox 1229 1089 1289 1131; x_wconf 86' lang='grc' dir='ltr'>εἰς</span> <span class='ocrx_word' id='word_1_120' title='bbox 1328 1103 1494 1155; x_wconf 85' lang='grc' dir='ltr'><strong><em>σκηνην</em></strong></span> 
     </span>
     <span class='ocr_line' id='line_1_17' title="bbox 266 1141 1492 1208; baseline -0.001 -21.998"><span class='ocrx_word' id='word_1_121' title='bbox 266 1141 379 1198; x_wconf 78' lang='grc' dir='ltr'><strong><em>μηδὲ</em></strong></span> <span class='ocrx_word' id='word_1_122' title='bbox 414 1142 497 1197; x_wconf 82' lang='grc' dir='ltr'>τὴν</span> <span class='ocrx_word' id='word_1_123' title='bbox 536 1145 742 1188; x_wconf 85' lang='grc' dir='ltr'><strong><em>εκουσίως</em></strong></span> <span class='ocrx_word' id='word_1_124' title='bbox 779 1143 1093 1188; x_wconf 77' lang='grc' dir='ltr'><strong><em>κατελθοῦσαν</em></strong></span> <span class='ocrx_word' id='word_1_125' title='bbox 1127 1142 1334 1208; x_wconf 78' lang='grc' dir='ltr'><strong><em>κωλυέτω</em></strong></span> <span class='ocrx_word' id='word_1_126' title='bbox 1367 1141 1492 1185; x_wconf 78' lang='grc' dir='ltr'><strong><em>ύστε-</em></strong></span> 
     </span>
     <span class='ocr_line' id='line_1_18' title="bbox 268 1195 1493 1268; baseline 0.001 -27"><span class='ocrx_word' id='word_1_127' title='bbox 268 1216 347 1257; x_wconf 89' lang='grc' dir='ltr'>ρον</span> <span class='ocrx_word' id='word_1_128' title='bbox 374 1198 591 1254; x_wconf 78' lang='grc' dir='ltr'><strong><em>βουλομέν</em></strong></span> <span class='ocrx_word' id='word_1_129' title='bbox 579 1217 648 1253; x_wconf 64' lang='grc' dir='ltr'>ἠν</span> <span class='ocrx_word' id='word_1_130' title='bbox 676 1196 890 1268; x_wconf 79' lang='grc' dir='ltr'><strong><em>ἦσυχάσαι</em></strong></span> <span class='ocrx_word' id='word_1_131' title='bbox 907 1197 1021 1268; x_wconf 76' lang='grc' dir='ltr'><strong><em>μηδὲ</em></strong></span> <span class='ocrx_word' id='word_1_132' title='bbox 1041 1199 1304 1265; x_wconf 78' lang='grc' dir='ltr'><strong><em>προτροπὴν</em></strong></span> <span class='ocrx_word' id='word_1_133' title='bbox 1326 1195 1493 1242; x_wconf 80' lang='grc' dir='ltr'><em>διδότω</em></span> 
     </span>
     <span class='ocr_line' id='line_1_19' title="bbox 267 1253 1494 1323; baseline 0.002 -28"><span class='ocrx_word' id='word_1_134' title='bbox 267 1259 339 1296; x_wconf 79' lang='grc' dir='ltr'>καὶ</span> <span class='ocrx_word' id='word_1_135' title='bbox 384 1253 652 1310; x_wconf 78' lang='grc' dir='ltr'><em>λαμβανέτω</em></span> <span class='ocrx_word' id='word_1_136' title='bbox 697 1253 850 1298; x_wconf 80' lang='grc' dir='ltr'><strong><em>αὐτῶν</em></strong></span> <span class='ocrx_word' id='word_1_137' title='bbox 889 1254 1043 1321; x_wconf 82' lang='grc' dir='ltr'><strong><em>ἐγγύας</em></strong></span> <span class='ocrx_word' id='word_1_138' title='bbox 1075 1260 1183 1322; x_wconf 87' lang='grc' dir='ltr'><strong><em>περὶ</em></strong></span> <span class='ocrx_word' id='word_1_139' title='bbox 1221 1257 1300 1297; x_wconf 81' lang='grc' dir='ltr'>τοῦ</span> <span class='ocrx_word' id='word_1_140' title='bbox 1368 1259 1494 1323; x_wconf 86' lang='grc' dir='ltr'><strong><em>ηκέτι</em></strong></span> 
     </span>
     <span class='ocr_line' id='line_1_20' title="bbox 189 1273 1494 1379; baseline -0.002 -24"><span class='ocrx_word' id='word_1_141' title='bbox 189 1318 204 1355; x_wconf 97' lang='grc'>1</span> <span class='ocrx_word' id='word_1_142' title='bbox 266 1308 552 1379; x_wconf 79' lang='grc' dir='ltr'><strong><em>αφίστασθαι</em></strong></span> <span class='ocrx_word' id='word_1_143' title='bbox 580 1313 656 1364; x_wconf 83' lang='grc' dir='ltr'>τῆς</span> <span class='ocrx_word' id='word_1_144' title='bbox 684 1313 855 1377; x_wconf 80' lang='grc' dir='ltr'><strong><em>σκηνῆς.</em></strong></span> <span class='ocrx_word' id='word_1_145' title='bbox 914 1312 1007 1353; x_wconf 82' lang='grc' dir='ltr'>Πᾶς</span> <span class='ocrx_word' id='word_1_146' title='bbox 1045 1305 1125 1354; x_wconf 78' lang='grc' dir='ltr'>οὗν</span> <span class='ocrx_word' id='word_1_147' title='bbox 1165 1313 1214 1353; x_wconf 83' lang='grc' dir='ltr'>ἐν</span> <span class='ocrx_word' id='word_1_148' title='bbox 1252 1273 1494 1365; x_wconf 56' lang='lat' dir='ltr'>oiadiyrto‘te</span> 
     </span>
     <span class='ocr_line' id='line_1_21' title="bbox 265 1363 1495 1439; baseline 0 -31"><span class='ocrx_word' id='word_1_149' title='bbox 265 1363 390 1416; x_wconf 79' lang='grc' dir='ltr'><strong><em>τάξει</em></strong></span> <span class='ocrx_word' id='word_1_150' title='bbox 443 1364 510 1409; x_wconf 80' lang='grc' dir='ltr'>ῶν</span> <span class='ocrx_word' id='word_1_151' title='bbox 525 1371 656 1434; x_wconf 90' lang='grc' dir='ltr'><strong><em>βίου</em></strong></span> <span class='ocrx_word' id='word_1_152' title='bbox 699 1364 726 1421; x_wconf 83' lang='grc' dir='ltr'><em>ἢ</em></span> <span class='ocrx_word' id='word_1_153' title='bbox 768 1363 1038 1420; x_wconf 76' lang='grc' dir='ltr'>οἱανδήποτε</span> <span class='ocrx_word' id='word_1_154' title='bbox 1079 1363 1219 1425; x_wconf 79' lang='grc' dir='ltr'><strong><em>ἀρχὴν</em></strong></span> <span class='ocrx_word' id='word_1_155' title='bbox 1262 1366 1446 1439; x_wconf 82' lang='grc' dir='ltr'><strong><em>ἄρχων</em></strong></span> <span class='ocrx_word' id='word_1_156' title='bbox 1457 1368 1495 1408; x_wconf 86' lang='grc' dir='ltr'>εἰ</span> 
     </span>
     <span class='ocr_line' id='line_1_22' title="bbox 264 1419 1493 1490; baseline 0 -26"><span class='ocrx_word' id='word_1_157' title='bbox 264 1424 397 1464; x_wconf 84' lang='grc' dir='ltr'><strong><em>τοῦτο</em></strong></span> <span class='ocrx_word' id='word_1_158' title='bbox 432 1419 669 1476; x_wconf 79' lang='grc' dir='ltr'><strong><em>ποιήσειεν,</em></strong></span> <span class='ocrx_word' id='word_1_159' title='bbox 709 1423 875 1473; x_wconf 82' lang='grc' dir='ltr'><strong><em>ἐξέστω</em></strong></span> <span class='ocrx_word' id='word_1_160' title='bbox 913 1424 970 1481; x_wconf 85' lang='grc' dir='ltr'>τῇ</span> <span class='ocrx_word' id='word_1_161' title='bbox 1007 1426 1187 1488; x_wconf 87' lang='grc' dir='ltr'><strong><em>γυναικὶ</em></strong></span> <span class='ocrx_word' id='word_1_162' title='bbox 1219 1426 1292 1464; x_wconf 89' lang='grc' dir='ltr'>καὶ</span> <span class='ocrx_word' id='word_1_163' title='bbox 1321 1439 1388 1490; x_wconf 80' lang='grc' dir='ltr'>τῳ</span> <span class='ocrx_word' id='word_1_164' title='bbox 1418 1420 1493 1479; x_wconf 76' lang='grc' dir='ltr'>ἄρ-</span> 
     </span>
     <span class='ocr_line' id='line_1_23' title="bbox 263 1467 1492 1546; baseline 0 -26"><span class='ocrx_word' id='word_1_165' title='bbox 263 1493 390 1531; x_wconf 84' lang='grc' dir='ltr'><strong><em>χοντι</em></strong></span> <span class='ocrx_word' id='word_1_166' title='bbox 418 1482 664 1546; x_wconf 84' lang='grc' dir='ltr'><strong><em>προσιέναι,</em></strong></span> <span class='ocrx_word' id='word_1_167' title='bbox 695 1479 734 1520; x_wconf 87' lang='grc' dir='ltr'>εἰ</span> <span class='ocrx_word' id='word_1_168' title='bbox 760 1477 822 1534; x_wconf 84' lang='grc' dir='ltr'><strong><em>μὴ</em></strong></span> <span class='ocrx_word' id='word_1_169' title='bbox 852 1467 984 1522; x_wconf 78' lang='grc' dir='ltr'><strong><em>αὐτός</em></strong></span> <span class='ocrx_word' id='word_1_170' title='bbox 1013 1480 1138 1521; x_wconf 84' lang='grc' dir='ltr'><strong><em>ἐστιν</em></strong></span> <span class='ocrx_word' id='word_1_171' title='bbox 1165 1494 1190 1520; x_wconf 92' lang='grc' dir='ltr'><strong><em>ο</em></strong></span> <span class='ocrx_word' id='word_1_172' title='bbox 1215 1475 1492 1545; x_wconf 81' lang='grc' dir='ltr'><strong><em>βιαζόμενος,</em></strong></span> 
     </span>
     <span class='ocr_line' id='line_1_24' title="bbox 264 1531 1495 1602; baseline 0 -27"><span class='ocrx_word' id='word_1_173' title='bbox 264 1537 340 1576; x_wconf 82' lang='grc' dir='ltr'>καὶ</span> <span class='ocrx_word' id='word_1_174' title='bbox 377 1550 445 1588; x_wconf 84' lang='grc' dir='ltr'>τῳ</span> <span class='ocrx_word' id='word_1_175' title='bbox 484 1532 736 1588; x_wconf 84' lang='grc' dir='ltr'><strong><em>ἐπισκόπῳ,</em></strong></span> <span class='ocrx_word' id='word_1_176' title='bbox 777 1535 852 1577; x_wconf 83' lang='grc' dir='ltr'>ἵνα</span> <span class='ocrx_word' id='word_1_177' title='bbox 891 1537 1051 1577; x_wconf 81' lang='grc' dir='ltr'><strong><em>ἐκεῖνοι</em></strong></span> <span class='ocrx_word' id='word_1_178' title='bbox 1086 1531 1398 1602; x_wconf 80' lang='grc' dir='ltr'><strong><em>ἀποστήσωσι</em></strong></span> <span class='ocrx_word' id='word_1_179' title='bbox 1411 1533 1495 1577; x_wconf 84' lang='grc' dir='ltr'>τὸν</span> 
     </span>
     <span class='ocr_line' id='line_1_25' title="bbox 265 1576 1493 1658; baseline -0.001 -26"><span class='ocrx_word' id='word_1_180' title='bbox 265 1588 349 1643; x_wconf 86' lang='grc' dir='ltr'>τὴν</span> <span class='ocrx_word' id='word_1_181' title='bbox 389 1594 578 1658; x_wconf 87' lang='grc' dir='ltr'><strong><em>γυναῖκα</em></strong></span> <span class='ocrx_word' id='word_1_182' title='bbox 614 1576 900 1644; x_wconf 84' lang='grc' dir='ltr'><strong><em>βιαζόμενον,</em></strong></span> <span class='ocrx_word' id='word_1_183' title='bbox 945 1587 1096 1633; x_wconf 82' lang='grc' dir='ltr'><strong><em>εἰδότα</em></strong></span> <span class='ocrx_word' id='word_1_184' title='bbox 1139 1603 1217 1641; x_wconf 89' lang='grc' dir='ltr'>ως,</span> <span class='ocrx_word' id='word_1_185' title='bbox 1257 1589 1336 1632; x_wconf 84' lang='grc' dir='ltr'>ἐὰν</span> <span class='ocrx_word' id='word_1_186' title='bbox 1373 1585 1493 1633; x_wconf 80' lang='grc' dir='ltr'><strong><em>ἀντι-</em></strong></span> 
     </span>
     <span class='ocr_line' id='line_1_26' title="bbox 266 1642 1493 1713; baseline 0.001 -27"><span class='ocrx_word' id='word_1_187' title='bbox 266 1647 363 1703; x_wconf 82' lang='grc' dir='ltr'><strong><em>στῇ,</em></strong></span> <span class='ocrx_word' id='word_1_188' title='bbox 394 1647 467 1700; x_wconf 82' lang='grc' dir='ltr'>τῆς</span> <span class='ocrx_word' id='word_1_189' title='bbox 491 1643 662 1689; x_wconf 90' lang='grc' dir='ltr'><strong><em>πόλεως</em></strong></span> <span class='ocrx_word' id='word_1_190' title='bbox 672 1645 942 1713; x_wconf 77' lang='grc' dir='ltr'><strong><em>ἐκβάλλεται</em></strong></span> <span class='ocrx_word' id='word_1_191' title='bbox 967 1649 1041 1687; x_wconf 82' lang='grc' dir='ltr'>καὶ</span> <span class='ocrx_word' id='word_1_192' title='bbox 1062 1642 1311 1711; x_wconf 78' lang='grc' dir='ltr'><strong><em>δημεύεται.</em></strong></span> <span class='ocrx_word' id='word_1_193' title='bbox 1351 1648 1493 1688; x_wconf 80' lang='grc' dir='ltr'><strong><em>ταῦτα</em></strong></span> 
     </span>
     <span class='ocr_line' id='line_1_27' title="bbox 263 1698 1495 1769; baseline 0.001 -27"><span class='ocrx_word' id='word_1_194' title='bbox 263 1705 367 1755; x_wconf 89' lang='grc' dir='ltr'><strong><em>μέν,</em></strong></span> <span class='ocrx_word' id='word_1_195' title='bbox 407 1701 452 1743; x_wconf 86' lang='grc' dir='ltr'>εί</span> <span class='ocrx_word' id='word_1_196' title='bbox 482 1716 547 1744; x_wconf 89' lang='grc' dir='ltr'>τις</span> <span class='ocrx_word' id='word_1_197' title='bbox 586 1698 781 1744; x_wconf 84' lang='grc' dir='ltr'><strong><em>ἑλκύσειέ</em></strong></span> <span class='ocrx_word' id='word_1_198' title='bbox 814 1719 916 1744; x_wconf 89' lang='grc' dir='ltr'><strong><em>τινα</em></strong></span> <span class='ocrx_word' id='word_1_199' title='bbox 947 1704 1057 1760; x_wconf 85' lang='grc' dir='ltr'><strong><em>πρὸς</em></strong></span> <span class='ocrx_word' id='word_1_200' title='bbox 1087 1700 1171 1755; x_wconf 82' lang='grc' dir='ltr'>τὴν</span> <span class='ocrx_word' id='word_1_201' title='bbox 1201 1700 1380 1769; x_wconf 77' lang='grc' dir='ltr'><strong><em>σκηνήν.</em></strong></span> <span class='ocrx_word' id='word_1_202' title='bbox 1439 1703 1495 1743; x_wconf 86' lang='grc' dir='ltr'>Εἰ</span> 
     </span>
     <span class='ocr_line' id='line_1_28' title="bbox 267 1741 1494 1811; baseline 0.001 -12"><span class='ocrx_word' id='word_1_203' title='bbox 267 1755 316 1799; x_wconf 76' lang='grc' dir='ltr'><strong><em>δὲ</em></strong></span> <span class='ocrx_word' id='word_1_204' title='bbox 371 1756 455 1811; x_wconf 84' lang='grc' dir='ltr'>τὴν</span> <span class='ocrx_word' id='word_1_205' title='bbox 511 1758 718 1800; x_wconf 78' lang='grc' dir='ltr'><strong><em>ἑκουσίως</em></strong></span> <span class='ocrx_word' id='word_1_206' title='bbox 774 1757 905 1800; x_wconf 84' lang='grc' dir='ltr'><strong><em>κατελ</em></strong></span> <span class='ocrx_word' id='word_1_207' title='bbox 912 1741 1086 1800; x_wconf 78' lang='grc' dir='ltr'><strong><em>θοῦσαν</em></strong></span> <span class='ocrx_word' id='word_1_208' title='bbox 1139 1755 1300 1800; x_wconf 79' lang='grc' dir='ltr'><strong><em>κωλύει</em></strong></span> <span class='ocrx_word' id='word_1_209' title='bbox 1357 1754 1494 1801; x_wconf 85' lang='grc' dir='ltr'><strong><em>πάλιν</em></strong></span> 
     </span>
     <span class='ocr_line' id='line_1_29' title="bbox 266 1810 1493 1883; baseline 0.001 -29"><span class='ocrx_word' id='word_1_210' title='bbox 266 1811 528 1881; x_wconf 78' lang='grc' dir='ltr'><strong><em>ἀποστῆναι,</em></strong></span> <span class='ocrx_word' id='word_1_211' title='bbox 558 1817 633 1855; x_wconf 76' lang='grc' dir='ltr'>καὶ</span> <span class='ocrx_word' id='word_1_212' title='bbox 662 1810 689 1867; x_wconf 84' lang='grc' dir='ltr'>ἡ</span> <span class='ocrx_word' id='word_1_213' title='bbox 715 1815 812 1857; x_wconf 91' lang='grc' dir='ltr'>τῶν</span> <span class='ocrx_word' id='word_1_214' title='bbox 839 1815 1031 1883; x_wconf 88' lang='grc' dir='ltr'><strong><em>ἐγγυῶν</em></strong></span> <span class='ocrx_word' id='word_1_215' title='bbox 1041 1810 1161 1856; x_wconf 90' lang='grc' dir='ltr'><strong><em>δόσις</em></strong></span> <span class='ocrx_word' id='word_1_216' title='bbox 1194 1811 1376 1856; x_wconf 85' lang='grc' dir='ltr'><strong><em>λυέσθω</em></strong></span> <span class='ocrx_word' id='word_1_217' title='bbox 1405 1818 1493 1864; x_wconf 83' lang='grc' dir='ltr'><strong><em>καί,</em></strong></span> 
     </span>
     <span class='ocr_line' id='line_1_30' title="bbox 267 1865 1495 1939; baseline 0.002 -29"><span class='ocrx_word' id='word_1_218' title='bbox 267 1869 311 1910; x_wconf 83' lang='grc' dir='ltr'>εἴ</span> <span class='ocrx_word' id='word_1_219' title='bbox 346 1884 392 1911; x_wconf 86' lang='grc' dir='ltr'>τι</span> <span class='ocrx_word' id='word_1_220' title='bbox 435 1865 741 1935; x_wconf 80' lang='grc' dir='ltr'><strong><em>ἀπῃτήθησαν</em></strong></span> <span class='ocrx_word' id='word_1_221' title='bbox 782 1866 939 1912; x_wconf 77' lang='grc' dir='ltr'><strong><em>δοῦναι</em></strong></span> <span class='ocrx_word' id='word_1_222' title='bbox 987 1868 1031 1911; x_wconf 88' lang='grc' dir='ltr'>οἱ</span> <span class='ocrx_word' id='word_1_223' title='bbox 1072 1871 1313 1939; x_wconf 79' lang='grc' dir='ltr'><strong><em>ἐγγυηταί,</em></strong></span> <span class='ocrx_word' id='word_1_224' title='bbox 1357 1866 1495 1913; x_wconf 84' lang='grc' dir='ltr'><strong><em>διπλᾶ</em></strong></span> 
     </span>
     <span class='ocr_line' id='line_1_31' title="bbox 269 1913 1497 1993; baseline 0 -27"><span class='ocrx_word' id='word_1_225' title='bbox 269 1913 639 1992; x_wconf 80' lang='grc' dir='ltr'><strong><em>λαμβανέτωσαν.</em></strong></span> <span class='ocrx_word' id='word_1_226' title='bbox 696 1919 879 1993; x_wconf 86' lang='grc' dir='ltr'><strong><em>Ομοίως</em></strong></span> <span class='ocrx_word' id='word_1_227' title='bbox 922 1923 984 1977; x_wconf 90' lang='grc' dir='ltr'>δέ,</span> <span class='ocrx_word' id='word_1_228' title='bbox 1029 1926 1099 1977; x_wconf 84' lang='grc' dir='ltr'><strong><em>[εἰ]</em></strong></span> <span class='ocrx_word' id='word_1_229' title='bbox 1153 1929 1227 1968; x_wconf 87' lang='grc' dir='ltr'>καὶ</span> <span class='ocrx_word' id='word_1_230' title='bbox 1271 1921 1404 1968; x_wconf 80' lang='grc' dir='ltr'><strong><em>αυταὶ</em></strong></span> <span class='ocrx_word' id='word_1_231' title='bbox 1449 1925 1497 1967; x_wconf 88' lang='grc' dir='ltr'>αἱ</span> 
     </span>
     <span class='ocr_line' id='line_1_32' title="bbox 267 1977 1492 2049; baseline 0.002 -27"><span class='ocrx_word' id='word_1_232' title='bbox 267 1984 466 2049; x_wconf 86' lang='grc' dir='ltr'><strong><em>γυναῖκες</em></strong></span> <span class='ocrx_word' id='word_1_233' title='bbox 503 1977 809 2039; x_wconf 78' lang='grc' dir='ltr'><strong><em>ἀπῃτήθησάν</em></strong></span> <span class='ocrx_word' id='word_1_234' title='bbox 846 1997 891 2024; x_wconf 89' lang='grc' dir='ltr'>τι</span> <span class='ocrx_word' id='word_1_235' title='bbox 930 1986 1197 2048; x_wconf 85' lang='grc' dir='ltr'><strong><em>παρασχεῖν,</em></strong></span> <span class='ocrx_word' id='word_1_236' title='bbox 1241 1982 1301 2024; x_wconf 85' lang='grc' dir='ltr'>εἰς</span> <span class='ocrx_word' id='word_1_237' title='bbox 1339 1977 1492 2024; x_wconf 81' lang='grc' dir='ltr'><strong><em>διπλά-</em></strong></span> 
     </span>
     <span class='ocr_line' id='line_1_33' title="bbox 268 2033 1492 2096; baseline 0.002 -19"><span class='ocrx_word' id='word_1_238' title='bbox 268 2051 367 2078; x_wconf 93' lang='grc' dir='ltr'><strong><em>σιον</em></strong></span> <span class='ocrx_word' id='word_1_239' title='bbox 409 2033 556 2079; x_wconf 83' lang='grc' dir='ltr'><strong><em>ἀπολα</em></strong></span> <span class='ocrx_word' id='word_1_240' title='bbox 556 2041 881 2092; x_wconf 87' lang='grc' dir='ltr'><strong><em>μβανετωσαν,</em></strong></span> <span class='ocrx_word' id='word_1_241' title='bbox 925 2038 1003 2080; x_wconf 76' lang='grc' dir='ltr'>τοῦ</span> <span class='ocrx_word' id='word_1_242' title='bbox 1044 2035 1256 2096; x_wconf 82' lang='grc' dir='ltr'><strong><em>ἄρχοντος</em></strong></span> <span class='ocrx_word' id='word_1_243' title='bbox 1296 2041 1371 2079; x_wconf 87' lang='grc' dir='ltr'>καὶ</span> <span class='ocrx_word' id='word_1_244' title='bbox 1411 2053 1492 2079; x_wconf 91' lang='grc' dir='ltr'>του</span> 
     </span>
     <span class='ocr_line' id='line_1_34' title="bbox 269 2088 1492 2160; baseline 0.002 -27"><span class='ocrx_word' id='word_1_245' title='bbox 269 2088 514 2135; x_wconf 85' lang='grc' dir='ltr'><strong><em>επισκόπου</em></strong></span> <span class='ocrx_word' id='word_1_246' title='bbox 571 2094 713 2134; x_wconf 83' lang='grc' dir='ltr'><strong><em>ταῦτα</em></strong></span> <span class='ocrx_word' id='word_1_247' title='bbox 772 2090 1122 2160; x_wconf 78' lang='grc' dir='ltr'><strong><em>ἐκβιβαζόντων.</em></strong></span> <span class='ocrx_word' id='word_1_248' title='bbox 1206 2096 1298 2135; x_wconf 87' lang='grc' dir='ltr'>Καὶ</span> <span class='ocrx_word' id='word_1_249' title='bbox 1352 2089 1492 2135; x_wconf 68' lang='grc' dir='ltr'>αὐτὸ4</span> 
     </span>
     <span class='ocr_line' id='line_1_35' title="bbox 265 2144 1494 2216; baseline 0 -26"><span class='ocrx_word' id='word_1_250' title='bbox 265 2146 348 2201; x_wconf 79' lang='grc' dir='ltr'>τὴν</span> <span class='ocrx_word' id='word_1_251' title='bbox 385 2144 524 2213; x_wconf 81' lang='grc' dir='ltr'><strong><em>ἀρχὴν</em></strong></span> <span class='ocrx_word' id='word_1_252' title='bbox 549 2146 662 2202; x_wconf 82' lang='grc' dir='ltr'><strong><em>μηδὲ</em></strong></span> <span class='ocrx_word' id='word_1_253' title='bbox 699 2145 854 2216; x_wconf 82' lang='grc' dir='ltr'><strong><em>ἐγγύας</em></strong></span> <span class='ocrx_word' id='word_1_254' title='bbox 890 2149 1054 2198; x_wconf 81' lang='grc' dir='ltr'><strong><em>ἐξέστω</em></strong></span> <span class='ocrx_word' id='word_1_255' title='bbox 1091 2145 1390 2192; x_wconf 67' lang='grc' dir='ltr'><strong><em>ἀπαιτεῖσθαι</em></strong></span> <span class='ocrx_word' id='word_1_256' title='bbox 1417 2147 1494 2190; x_wconf 83' lang='grc' dir='ltr'>τὰς</span> 
     </span>
     <span class='ocr_line' id='line_1_36' title="bbox 266 2201 1491 2272; baseline 0.002 -28"><span class='ocrx_word' id='word_1_257' title='bbox 266 2205 326 2245; x_wconf 85' lang='grc' dir='ltr'>εἰς</span> <span class='ocrx_word' id='word_1_258' title='bbox 354 2202 522 2272; x_wconf 84' lang='grc' dir='ltr'><strong><em>σκηνὴν</em></strong></span> <span class='ocrx_word' id='word_1_259' title='bbox 550 2201 857 2247; x_wconf 78' lang='grc' dir='ltr'><strong><em>κατελθούσας</em></strong></span> <span class='ocrx_word' id='word_1_260' title='bbox 884 2208 1006 2269; x_wconf 86' lang='grc' dir='ltr'><strong><em>περὶ</em></strong></span> <span class='ocrx_word' id='word_1_261' title='bbox 1014 2206 1093 2246; x_wconf 80' lang='grc' dir='ltr'>τοῦ</span> <span class='ocrx_word' id='word_1_262' title='bbox 1121 2208 1277 2272; x_wconf 83' lang='grc' dir='ltr'><strong><em>μηκέτι</em></strong></span> <span class='ocrx_word' id='word_1_263' title='bbox 1303 2201 1491 2271; x_wconf 84' lang='grc' dir='ltr'><strong><em>ἀφίστα-</em></strong></span> 
     </span>
     <span class='ocr_line' id='line_1_37' title="bbox 265 2255 1491 2312; baseline 0.001 -12"><span class='ocrx_word' id='word_1_264' title='bbox 265 2259 393 2301; x_wconf 88' lang='grc' dir='ltr'><strong><em>σθαι.</em></strong></span> <span class='ocrx_word' id='word_1_265' title='bbox 449 2256 679 2309; x_wconf 80' lang='grc' dir='ltr'><strong><em>Ἐξουσίαν</em></strong></span> <span class='ocrx_word' id='word_1_266' title='bbox 716 2261 891 2312; x_wconf 84' lang='grc' dir='ltr'><strong><em>ἑχοντος</em></strong></span> <span class='ocrx_word' id='word_1_267' title='bbox 930 2275 1007 2302; x_wconf 89' lang='grc' dir='ltr'>του</span> <span class='ocrx_word' id='word_1_268' title='bbox 1047 2258 1306 2311; x_wconf 82' lang='grc' dir='ltr'><strong><em>ἐπισκόπου,</em></strong></span> <span class='ocrx_word' id='word_1_269' title='bbox 1346 2258 1425 2301; x_wconf 80' lang='grc' dir='ltr'>ἐὰν</span> <span class='ocrx_word' id='word_1_270' title='bbox 1467 2255 1491 2301; x_wconf 82' lang='grc' dir='ltr'>ὁ</span> 
     </span>
     <span class='ocr_line' id='line_1_38' title="bbox 265 2311 1491 2372; baseline 0.001 -17"><span class='ocrx_word' id='word_1_271' title='bbox 265 2316 340 2366; x_wconf 81' lang='grc' dir='ltr'>τῆς</span> <span class='ocrx_word' id='word_1_272' title='bbox 382 2316 595 2372; x_wconf 77' lang='grc' dir='ltr'><strong><em>ἐπαρχίας</em></strong></span> <span class='ocrx_word' id='word_1_273' title='bbox 637 2313 787 2371; x_wconf 84' lang='grc' dir='ltr'><strong><em>ἅρχων</em></strong></span> <span class='ocrx_word' id='word_1_274' title='bbox 825 2317 950 2357; x_wconf 84' lang='grc' dir='ltr'><strong><em>ἐστὶν</em></strong></span> <span class='ocrx_word' id='word_1_275' title='bbox 984 2311 1008 2356; x_wconf 80' lang='grc' dir='ltr'>ὁ</span> <span class='ocrx_word' id='word_1_276' title='bbox 1048 2312 1332 2370; x_wconf 80' lang='grc' dir='ltr'><strong><em>βιαζόμενος,</em></strong></span> <span class='ocrx_word' id='word_1_277' title='bbox 1364 2317 1491 2357; x_wconf 81' lang='grc' dir='ltr'><strong><em>ἐναν-</em></strong></span> 
     </span>
    </p>
   </div>
   <div class='ocr_carea' id='block_1_3' title="bbox 152 2454 1494 3512">
    <p class='ocr_par' dir='ltr' id='par_1_3' title="bbox 152 2454 1494 3512">
     <span class='ocr_line' id='line_1_39' title="bbox 153 2454 1491 2520; baseline -0.001 -25"><span class='ocrx_word' id='word_1_278' title='bbox 153 2457 202 2506; x_wconf 90' lang='grc'>(1)</span> <span class='ocrx_word' id='word_1_279' title='bbox 234 2454 291 2495; x_wconf 89' lang='lat' dir='ltr'>ad</span> <span class='ocrx_word' id='word_1_280' title='bbox 320 2455 455 2495; x_wconf 87' lang='lat' dir='ltr'>civiles</span> <span class='ocrx_word' id='word_1_281' title='bbox 484 2455 743 2520; x_wconf 79' lang='lat' dir='ltr'>mayistratus</span> <span class='ocrx_word' id='word_1_282' title='bbox 768 2455 1078 2495; x_wconf 84' lang='lat' dir='ltr'>constitutionem</span> <span class='ocrx_word' id='word_1_283' title='bbox 1102 2455 1239 2495; x_wconf 85' lang='lat' dir='ltr'>datam</span> <span class='ocrx_word' id='word_1_284' title='bbox 1265 2469 1348 2495; x_wconf 82' lang='lat' dir='ltr'>esse</span> <span class='ocrx_word' id='word_1_285' title='bbox 1370 2462 1491 2494; x_wconf 85' lang='lat' dir='ltr'>testa-</span> 
     </span>
     <span class='ocr_line' id='line_1_40' title="bbox 155 2507 1489 2561; baseline 0 -10"><span class='ocrx_word' id='word_1_286' title='bbox 155 2521 218 2551; x_wconf 83' lang='lat' dir='ltr'>tur</span> <span class='ocrx_word' id='word_1_287' title='bbox 250 2513 286 2561; x_wconf 87' lang='lat'>1,</span> <span class='ocrx_word' id='word_1_288' title='bbox 310 2518 343 2560; x_wconf 98' lang='lat'>4,</span> <span class='ocrx_word' id='word_1_289' title='bbox 367 2518 424 2558; x_wconf 89' lang='lat'><strong>33,</strong></span> <span class='ocrx_word' id='word_1_290' title='bbox 447 2517 468 2551; x_wconf 97' lang='lat'><strong>3</strong></span> <span class='ocrx_word' id='word_1_291' title='bbox 542 2511 597 2561; x_wconf 81' lang='lat'>(2)</span> <span class='ocrx_word' id='word_1_292' title='bbox 627 2507 770 2560; x_wconf 85' lang='grc' dir='ltr'><strong><em>πάσης</em></strong></span> <span class='ocrx_word' id='word_1_293' title='bbox 801 2511 964 2550; x_wconf 87' lang='lat' dir='ltr'>tradunt</span> <span class='ocrx_word' id='word_1_294' title='bbox 990 2509 1198 2551; x_wconf 89' lang='lat' dir='ltr'>Paratitla</span> <span class='ocrx_word' id='word_1_295' title='bbox 1228 2510 1286 2550; x_wconf 86' lang='lat' dir='ltr'>ad</span> <span class='ocrx_word' id='word_1_296' title='bbox 1311 2507 1443 2550; x_wconf 86' lang='lat' dir='ltr'>Const.</span> <span class='ocrx_word' id='word_1_297' title='bbox 1469 2518 1489 2551; x_wconf 84' lang='lat'><strong>3</strong></span> 
     </span>
     <span class='ocr_line' id='line_1_41' title="bbox 152 2566 1491 2632; baseline -0.001 -24"><span class='ocrx_word' id='word_1_298' title='bbox 152 2569 206 2619; x_wconf 83' lang='lat'>(3)</span> <span class='ocrx_word' id='word_1_299' title='bbox 235 2587 290 2602; x_wconf 90' lang='lat'><strong>=</strong></span> <span class='ocrx_word' id='word_1_300' title='bbox 319 2566 482 2608; x_wconf 85' lang='lat' dir='ltr'>Nomoc.</span> <span class='ocrx_word' id='word_1_301' title='bbox 517 2568 582 2616; x_wconf 88' lang='lat'>13,</span> <span class='ocrx_word' id='word_1_302' title='bbox 614 2575 675 2607; x_wconf 86' lang='lat'>21:</span> <span class='ocrx_word' id='word_1_303' title='bbox 707 2574 923 2619; x_wconf 88' lang='lat' dir='ltr'>praeterea</span> <span class='ocrx_word' id='word_1_304' title='bbox 952 2574 1223 2632; x_wconf 78' lang='lat' dir='ltr'>arqumentum</span> <span class='ocrx_word' id='word_1_305' title='bbox 1254 2566 1370 2606; x_wconf 86' lang='lat' dir='ltr'>huius</span> <span class='ocrx_word' id='word_1_306' title='bbox 1401 2580 1491 2607; x_wconf 85' lang='lat' dir='ltr'>con·</span> 
     </span>
     <span class='ocr_line' id='line_1_42' title="bbox 153 2615 1491 2687; baseline 0 -24"><span class='ocrx_word' id='word_1_307' title='bbox 153 2623 367 2664; x_wconf 84' lang='lat' dir='ltr'>stitutionis</span> <span class='ocrx_word' id='word_1_308' title='bbox 406 2631 621 2663; x_wconf 83' lang='lat' dir='ltr'>enarratur</span> <span class='ocrx_word' id='word_1_309' title='bbox 657 2623 698 2662; x_wconf 87' lang='lat' dir='ltr'>in</span> <span class='ocrx_word' id='word_1_310' title='bbox 732 2624 767 2672; x_wconf 86' lang='lat'>1,</span> <span class='ocrx_word' id='word_1_311' title='bbox 778 2630 846 2687; x_wconf 89' lang='lat'>4,</span> <span class='ocrx_word' id='word_1_312' title='bbox 863 2630 906 2663; x_wconf 84' lang='lat'>33</span> <span class='ocrx_word' id='word_1_313' title='bbox 1050 2621 1106 2674; x_wconf 88' lang='lat'>(4)</span> <span class='ocrx_word' id='word_1_314' title='bbox 1147 2615 1256 2662; x_wconf 82' lang='grc' dir='ltr'><strong><em>αὗτό</em></strong></span> <span class='ocrx_word' id='word_1_315' title='bbox 1297 2623 1491 2673; x_wconf 83' lang='lat' dir='ltr'>abundat,</span> 
     </span>
     <span class='ocr_line' id='line_1_43' title="bbox 155 2671 1491 2744; baseline -0.001 -25"><span class='ocrx_word' id='word_1_316' title='bbox 155 2681 235 2720; x_wconf 83' lang='lat' dir='ltr'>nisi</span> <span class='ocrx_word' id='word_1_317' title='bbox 250 2681 365 2732; x_wconf 78' lang='lat' dir='ltr'>sorte</span> <span class='ocrx_word' id='word_1_318' title='bbox 394 2693 471 2718; x_wconf 83' lang='lat' dir='ltr'>scr.</span> <span class='ocrx_word' id='word_1_319' title='bbox 503 2679 575 2716; x_wconf 83' lang='grc' dir='ltr'>καὶ</span> <span class='ocrx_word' id='word_1_320' title='bbox 605 2674 656 2717; x_wconf 85' lang='grc' dir='ltr'>τὸ</span> <span class='ocrx_word' id='word_1_321' title='bbox 686 2672 789 2717; x_wconf 74' lang='grc' dir='ltr'><strong><em>κατ’</em></strong></span> <span class='ocrx_word' id='word_1_322' title='bbox 824 2671 961 2731; x_wconf 77' lang='grc' dir='ltr'><strong><em>ἀρχὴν</em></strong></span> <span class='ocrx_word' id='word_1_323' title='bbox 1052 2679 1132 2744; x_wconf 88' lang='lat'>(5)</span> <span class='ocrx_word' id='word_1_324' title='bbox 1139 2680 1180 2719; x_wconf 84' lang='lat' dir='ltr'>in</span> <span class='ocrx_word' id='word_1_325' title='bbox 1214 2680 1250 2728; x_wconf 90' lang='lat'>1,</span> <span class='ocrx_word' id='word_1_326' title='bbox 1279 2686 1315 2743; x_wconf 88' lang='lat'>4,</span> <span class='ocrx_word' id='word_1_327' title='bbox 1345 2686 1388 2719; x_wconf 87' lang='lat'>33</span> <span class='ocrx_word' id='word_1_328' title='bbox 1418 2678 1491 2718; x_wconf 86' lang='lat' dir='ltr'>ad-</span> 
     </span>
     <span class='ocr_line' id='line_1_44' title="bbox 156 2727 1494 2788; baseline -0.001 -14"><span class='ocrx_word' id='word_1_329' title='bbox 156 2737 263 2775; x_wconf 86' lang='lat' dir='ltr'>ditur</span> <span class='ocrx_word' id='word_1_330' title='bbox 308 2735 382 2773; x_wconf 82' lang='grc' dir='ltr'>καὶ</span> <span class='ocrx_word' id='word_1_331' title='bbox 425 2732 464 2773; x_wconf 82' lang='grc' dir='ltr'>εἰ</span> <span class='ocrx_word' id='word_1_332' title='bbox 507 2729 765 2788; x_wconf 85' lang='grc' dir='ltr'><strong><em>τυγχάνοιεν</em></strong></span> <span class='ocrx_word' id='word_1_333' title='bbox 807 2735 903 2773; x_wconf 88' lang='grc' dir='ltr'><strong><em>ταῖς</em></strong></span> <span class='ocrx_word' id='word_1_334' title='bbox 942 2730 1233 2787; x_wconf 83' lang='grc' dir='ltr'><strong><em>σεμνοτάταις</em></strong></span> <span class='ocrx_word' id='word_1_335' title='bbox 1270 2727 1413 2781; x_wconf 75' lang='grc' dir='ltr'><strong><em>ἀξίαις</em></strong></span> <span class='ocrx_word' id='word_1_336' title='bbox 1450 2730 1494 2773; x_wconf 85' lang='grc' dir='ltr'>οἱ</span> 
     </span>
     <span class='ocr_line' id='line_1_45' title="bbox 155 2785 1492 2842; baseline -0.001 -12"><span class='ocrx_word' id='word_1_337' title='bbox 155 2787 318 2830; x_wconf 83' lang='grc' dir='ltr'><strong><em>ταύτας</em></strong></span> <span class='ocrx_word' id='word_1_338' title='bbox 354 2785 659 2841; x_wconf 85' lang='grc' dir='ltr'><strong><em>λαμβάνοντες</em></strong></span> <span class='ocrx_word' id='word_1_339' title='bbox 696 2790 1013 2842; x_wconf 85' lang='grc' dir='ltr'><strong><em>κεκοσμημένοι</em></strong></span> <span class='ocrx_word' id='word_1_340' title='bbox 1125 2790 1181 2840; x_wconf 94' lang='grc'>(6)</span> <span class='ocrx_word' id='word_1_341' title='bbox 1212 2790 1492 2829; x_wconf 81' lang='lat' dir='ltr'>desiderantur</span> 
     </span>
     <span class='ocr_line' id='line_1_46' title="bbox 157 2843 1489 2912; baseline -0.002 -26"><span class='ocrx_word' id='word_1_342' title='bbox 157 2861 258 2897; x_wconf 80' lang='lat' dir='ltr'>quae</span> <span class='ocrx_word' id='word_1_343' title='bbox 297 2847 422 2898; x_wconf 82' lang='lat' dir='ltr'>refert</span> <span class='ocrx_word' id='word_1_344' title='bbox 453 2848 487 2895; x_wconf 86' lang='lat'>1,</span> <span class='ocrx_word' id='word_1_345' title='bbox 520 2853 553 2894; x_wconf 89' lang='lat'>4,</span> <span class='ocrx_word' id='word_1_346' title='bbox 583 2852 627 2885; x_wconf 90' lang='lat'>33</span> <span class='ocrx_word' id='word_1_347' title='bbox 668 2846 728 2884; x_wconf 81' lang='lat' dir='ltr'>his</span> <span class='ocrx_word' id='word_1_348' title='bbox 757 2846 911 2884; x_wconf 82' lang='lat' dir='ltr'>verbis:</span> <span class='ocrx_word' id='word_1_349' title='bbox 950 2843 1169 2912; x_wconf 78' lang='grc' dir='ltr'><strong><em>γαμικῶν</em></strong></span> <span class='ocrx_word' id='word_1_350' title='bbox 1193 2846 1347 2897; x_wconf 90' lang='grc' dir='ltr'><strong><em>μέντοι</em></strong></span> <span class='ocrx_word' id='word_1_351' title='bbox 1385 2855 1489 2888; x_wconf 81' lang='grc' dir='ltr'><strong><em>συιι-</em></strong></span> 
     </span>
     <span class='ocr_line' id='line_1_47' title="bbox 155 2895 1489 2966; baseline -0.002 -25"><span class='ocrx_word' id='word_1_352' title='bbox 155 2897 353 2966; x_wconf 83' lang='grc' dir='ltr'><strong><em>βολαίων</em></strong></span> <span class='ocrx_word' id='word_1_353' title='bbox 381 2900 428 2940; x_wconf 86' lang='grc' dir='ltr'><strong><em>ἐκ</em></strong></span> <span class='ocrx_word' id='word_1_354' title='bbox 457 2896 626 2955; x_wconf 87' lang='grc' dir='ltr'><strong><em>τρόπου</em></strong></span> <span class='ocrx_word' id='word_1_355' title='bbox 655 2897 824 2940; x_wconf 86' lang='grc' dir='ltr'><strong><em>παντὸς</em></strong></span> <span class='ocrx_word' id='word_1_356' title='bbox 851 2897 1017 2952; x_wconf 72' lang='grc' dir='ltr'><strong><em>μεταξὺ</em></strong></span> <span class='ocrx_word' id='word_1_357' title='bbox 1045 2895 1197 2940; x_wconf 77' lang='grc' dir='ltr'><strong><em>αὐτῶν</em></strong></span> <span class='ocrx_word' id='word_1_358' title='bbox 1220 2899 1489 2963; x_wconf 71' lang='grc' dir='ltr'><strong><em>γινομένων·</em></strong></span> 
     </span>
     <span class='ocr_line' id='line_1_48' title="bbox 156 2950 1489 3012; baseline -0.001 -16"><span class='ocrx_word' id='word_1_359' title='bbox 156 2954 210 2997; x_wconf 78' lang='grc' dir='ltr'>τὰ</span> <span class='ocrx_word' id='word_1_360' title='bbox 240 2950 353 2996; x_wconf 81' lang='grc' dir='ltr'><strong><em>αὗτα</em></strong></span> <span class='ocrx_word' id='word_1_361' title='bbox 381 2957 455 2996; x_wconf 85' lang='grc' dir='ltr'>καὶ</span> <span class='ocrx_word' id='word_1_362' title='bbox 484 2957 587 3012; x_wconf 87' lang='grc' dir='ltr'><strong><em>περὶ</em></strong></span> <span class='ocrx_word' id='word_1_363' title='bbox 617 2955 712 2995; x_wconf 92' lang='grc' dir='ltr'>τῶν</span> <span class='ocrx_word' id='word_1_364' title='bbox 736 2953 799 2995; x_wconf 85' lang='grc' dir='ltr'>θυ</span> <span class='ocrx_word' id='word_1_365' title='bbox 831 2957 1005 3012; x_wconf 89' lang='grc' dir='ltr'><strong><em>ατέρων</em></strong></span> <span class='ocrx_word' id='word_1_366' title='bbox 1024 2955 1122 2997; x_wconf 90' lang='grc' dir='ltr'>τῶν</span> <span class='ocrx_word' id='word_1_367' title='bbox 1146 2955 1373 3005; x_wconf 86' lang='grc' dir='ltr'><strong><em>σκηνικῶν</em></strong></span> <span class='ocrx_word' id='word_1_368' title='bbox 1397 2951 1489 2995; x_wconf 91' lang='grc' dir='ltr'><strong><em>δια-</em></strong></span> 
     </span>
     <span class='ocr_line' id='line_1_49' title="bbox 155 2970 1492 3078; baseline -0.001 -26"><span class='ocrx_word' id='word_1_369' title='bbox 155 3008 426 3078; x_wconf 79' lang='grc' dir='ltr'><strong><em>ταξάμενοι</em></strong></span> <span class='ocrx_word' id='word_1_370' title='bbox 436 3020 472 3052; x_wconf 85' lang='lat' dir='ltr'>et</span> <span class='ocrx_word' id='word_1_371' title='bbox 514 3014 554 3052; x_wconf 87' lang='lat' dir='ltr'>in</span> <span class='ocrx_word' id='word_1_372' title='bbox 599 3013 728 3052; x_wconf 85' lang='lat' dir='ltr'>indice</span> <span class='ocrx_word' id='word_1_373' title='bbox 775 2970 901 3052; x_wconf 47' lang='lat' dir='ltr'>lytic.</span> <span class='ocrx_word' id='word_1_374' title='bbox 941 3021 1046 3053; x_wconf 85' lang='lat'>1981:</span> <span class='ocrx_word' id='word_1_375' title='bbox 1100 3009 1150 3053; x_wconf 87' lang='grc' dir='ltr'>αἱ</span> <span class='ocrx_word' id='word_1_376' title='bbox 1197 3006 1247 3052; x_wconf 78' lang='grc' dir='ltr'><strong><em>δὲ</em></strong></span> <span class='ocrx_word' id='word_1_377' title='bbox 1287 3011 1492 3051; x_wconf 85' lang='grc' dir='ltr'><strong><em>τοιαῦται</em></strong></span> 
     </span>
     <span class='ocr_line' id='line_1_50' title="bbox 155 3061 1489 3137; baseline -0.002 -29"><span class='ocrx_word' id='word_1_378' title='bbox 155 3070 357 3137; x_wconf 87' lang='grc' dir='ltr'><strong><em>γυναῖκες</em></strong></span> <span class='ocrx_word' id='word_1_379' title='bbox 381 3061 567 3123; x_wconf 79' lang='grc' dir='ltr'><strong><em>εὐγενεῖς</em></strong></span> <span class='ocrx_word' id='word_1_380' title='bbox 596 3067 725 3107; x_wconf 80' lang='grc' dir='ltr'><strong><em>οὖσαι</em></strong></span> <span class='ocrx_word' id='word_1_381' title='bbox 754 3069 861 3121; x_wconf 89' lang='grc' dir='ltr'><strong><em>νομί</em></strong></span> <span class='ocrx_word' id='word_1_382' title='bbox 893 3079 952 3108; x_wconf 88' lang='grc' dir='ltr'>ως</span> <span class='ocrx_word' id='word_1_383' title='bbox 972 3066 1223 3132; x_wconf 80' lang='grc' dir='ltr'><strong><em>γαμοῦνται</em></strong></span> <span class='ocrx_word' id='word_1_384' title='bbox 1250 3061 1489 3132; x_wconf 81' lang='grc' dir='ltr'><strong><em>ἀξιωματι-</em></strong></span> 
     </span>
     <span class='ocr_line' id='line_1_51' title="bbox 156 3119 1492 3189; baseline -0.001 -25"><span class='ocrx_word' id='word_1_385' title='bbox 156 3126 244 3164; x_wconf 83' lang='grc' dir='ltr'><strong><em>κοῖς</em></strong></span> <span class='ocrx_word' id='word_1_386' title='bbox 285 3124 358 3164; x_wconf 80' lang='grc' dir='ltr'>καὶ</span> <span class='ocrx_word' id='word_1_387' title='bbox 399 3124 537 3189; x_wconf 85' lang='grc' dir='ltr'><strong><em>χωρὶς</em></strong></span> <span class='ocrx_word' id='word_1_388' title='bbox 574 3119 803 3187; x_wconf 83' lang='grc' dir='ltr'><strong><em>βασιλικῆς</em></strong></span> <span class='ocrx_word' id='word_1_389' title='bbox 843 3122 1133 3181; x_wconf 80' lang='grc' dir='ltr'><strong><em>αντιγραφῆς,</em></strong></span> <span class='ocrx_word' id='word_1_390' title='bbox 1184 3119 1312 3188; x_wconf 83' lang='grc' dir='ltr'><strong><em>μετὰ</em></strong></span> <span class='ocrx_word' id='word_1_391' title='bbox 1336 3124 1492 3176; x_wconf 88' lang='grc' dir='ltr'><strong><em>μέντοι</em></strong></span> 
     </span>
     <span class='ocr_line' id='line_1_52' title="bbox 158 3173 1493 3243; baseline -0.001 -23"><span class='ocrx_word' id='word_1_392' title='bbox 158 3179 374 3235; x_wconf 61' lang='grc' dir='ltr'><strong><em>προικῶν</em></strong></span> <span class='ocrx_word' id='word_1_393' title='bbox 404 3175 461 3219; x_wconf 85' lang='grc' dir='ltr'>τὰ</span> <span class='ocrx_word' id='word_1_394' title='bbox 485 3173 598 3219; x_wconf 82' lang='grc' dir='ltr'><strong><em>αὐτοὶ</em></strong></span> <span class='ocrx_word' id='word_1_395' title='bbox 620 3180 693 3218; x_wconf 89' lang='grc' dir='ltr'>καὶ</span> <span class='ocrx_word' id='word_1_396' title='bbox 712 3180 815 3234; x_wconf 84' lang='grc' dir='ltr'><strong><em>περὶ</em></strong></span> <span class='ocrx_word' id='word_1_397' title='bbox 830 3177 1099 3243; x_wconf 80' lang='grc' dir='ltr'><strong><em>θυγατέρων</em></strong></span> <span class='ocrx_word' id='word_1_398' title='bbox 1114 3177 1342 3230; x_wconf 88' lang='grc' dir='ltr'><strong><em>σκηνικῶν</em></strong></span> <span class='ocrx_word' id='word_1_399' title='bbox 1358 3178 1422 3230; x_wconf 87' lang='lat' dir='ltr'>(id</span> <span class='ocrx_word' id='word_1_400' title='bbox 1435 3186 1493 3219; x_wconf 85' lang='lat' dir='ltr'>est</span> 
     </span>
     <span class='ocr_line' id='line_1_53' title="bbox 158 3233 1491 3286; baseline -0.001 -12"><span class='ocrx_word' id='word_1_401' title='bbox 158 3234 355 3275; x_wconf 85' lang='lat' dir='ltr'>eiusmodi</span> <span class='ocrx_word' id='word_1_402' title='bbox 391 3234 583 3274; x_wconf 86' lang='lat' dir='ltr'>mulieres</span> <span class='ocrx_word' id='word_1_403' title='bbox 618 3235 823 3286; x_wconf 84' lang='lat' dir='ltr'>ingenuae</span> <span class='ocrx_word' id='word_1_404' title='bbox 858 3234 951 3276; x_wconf 87' lang='lat' dir='ltr'>iure</span> <span class='ocrx_word' id='word_1_405' title='bbox 985 3235 1200 3275; x_wconf 86' lang='lat' dir='ltr'>honoratis</span> <span class='ocrx_word' id='word_1_406' title='bbox 1235 3233 1359 3275; x_wconf 85' lang='lat' dir='ltr'>etiam</span> <span class='ocrx_word' id='word_1_407' title='bbox 1402 3234 1491 3274; x_wconf 82' lang='lat' dir='ltr'>sine</span> 
     </span>
     <span class='ocr_line' id='line_1_54' title="bbox 158 3289 1490 3342; baseline 0 -13"><span class='ocrx_word' id='word_1_408' title='bbox 158 3289 361 3342; x_wconf 86' lang='lat' dir='ltr'>imperiali</span> <span class='ocrx_word' id='word_1_409' title='bbox 399 3290 595 3341; x_wconf 84' lang='lat' dir='ltr'>rescripto</span> <span class='ocrx_word' id='word_1_410' title='bbox 633 3289 820 3341; x_wconf 90' lang='lat' dir='ltr'>nubunt,</span> <span class='ocrx_word' id='word_1_411' title='bbox 860 3303 952 3330; x_wconf 89' lang='lat' dir='ltr'>cum</span> <span class='ocrx_word' id='word_1_412' title='bbox 991 3291 1155 3331; x_wconf 85' lang='lat' dir='ltr'>dotibus</span> <span class='ocrx_word' id='word_1_413' title='bbox 1183 3293 1341 3330; x_wconf 85' lang='lat' dir='ltr'>tamen:</span> <span class='ocrx_word' id='word_1_414' title='bbox 1381 3289 1490 3330; x_wconf 86' lang='lat' dir='ltr'>idem</span> 
     </span>
     <span class='ocr_line' id='line_1_55' title="bbox 159 3346 1494 3398; baseline 0.001 -13"><span class='ocrx_word' id='word_1_415' title='bbox 159 3346 282 3386; x_wconf 85' lang='lat' dir='ltr'>etiam</span> <span class='ocrx_word' id='word_1_416' title='bbox 301 3346 350 3386; x_wconf 88' lang='lat' dir='ltr'>de</span> <span class='ocrx_word' id='word_1_417' title='bbox 373 3346 471 3386; x_wconf 83' lang='lat' dir='ltr'>filiis</span> <span class='ocrx_word' id='word_1_418' title='bbox 493 3347 786 3396; x_wconf 87' lang='lat' dir='ltr'>scaenicarum)</span> <span class='ocrx_word' id='word_1_419' title='bbox 859 3348 913 3398; x_wconf 80' lang='grc'>(7)</span> <span class='ocrx_word' id='word_1_420' title='bbox 945 3361 977 3388; x_wconf 85' lang='lat' dir='ltr'>c.</span> <span class='ocrx_word' id='word_1_421' title='bbox 996 3355 1038 3388; x_wconf 85' lang='lat'><strong>23</strong></span> <span class='ocrx_word' id='word_1_422' title='bbox 1057 3347 1094 3388; x_wconf 90' lang='lat' dir='ltr'>h.</span> <span class='ocrx_word' id='word_1_423' title='bbox 1115 3355 1139 3388; x_wconf 95' lang='lat' dir='ltr'>t.</span> <span class='ocrx_word' id='word_1_424' title='bbox 1211 3347 1265 3397; x_wconf 82' lang='lat'>(7</span> <span class='ocrx_word' id='word_1_425' title='bbox 1266 3350 1282 3398; x_wconf 89' lang='lat'><strong>)</strong></span> <span class='ocrx_word' id='word_1_426' title='bbox 1313 3347 1413 3387; x_wconf 84' lang='lat' dir='ltr'>data</span> <span class='ocrx_word' id='word_1_427' title='bbox 1435 3354 1494 3387; x_wconf 80' lang='lat' dir='ltr'>est</span> 
     </span>
     <span class='ocr_line' id='line_1_56' title="bbox 161 3402 1493 3455; baseline 0.002 -14"><span class='ocrx_word' id='word_1_428' title='bbox 161 3412 231 3443; x_wconf 82' lang='lat' dir='ltr'>aut</span> <span class='ocrx_word' id='word_1_429' title='bbox 257 3404 386 3442; x_wconf 85' lang='lat' dir='ltr'>eodem</span> <span class='ocrx_word' id='word_1_430' title='bbox 419 3404 483 3443; x_wconf 84' lang='lat' dir='ltr'>die</span> <span class='ocrx_word' id='word_1_431' title='bbox 514 3418 588 3455; x_wconf 87' lang='lat' dir='ltr'>quo</span> <span class='ocrx_word' id='word_1_432' title='bbox 615 3404 650 3454; x_wconf 93' lang='lat'>1,</span> <span class='ocrx_word' id='word_1_433' title='bbox 668 3412 701 3453; x_wconf 88' lang='lat'>4,</span> <span class='ocrx_word' id='word_1_434' title='bbox 719 3411 774 3453; x_wconf 87' lang='lat'>33,</span> <span class='ocrx_word' id='word_1_435' title='bbox 807 3412 875 3444; x_wconf 88' lang='lat' dir='ltr'>aut</span> <span class='ocrx_word' id='word_1_436' title='bbox 898 3404 1026 3455; x_wconf 87' lang='lat' dir='ltr'>paulo</span> <span class='ocrx_word' id='word_1_437' title='bbox 1057 3411 1175 3444; x_wconf 87' lang='lat' dir='ltr'>antea</span> <span class='ocrx_word' id='word_1_438' title='bbox 1275 3402 1332 3454; x_wconf 87' lang='lat'>(8)</span> <span class='ocrx_word' id='word_1_439' title='bbox 1362 3402 1407 3443; x_wconf 91' lang='lat' dir='ltr'><em>B</em></span> <span class='ocrx_word' id='word_1_440' title='bbox 1425 3402 1493 3453; x_wconf 83' lang='lat'>28,</span> 
     </span>
     <span class='ocr_line' id='line_1_57' title="bbox 161 3459 1493 3512; baseline 0.002 -15"><span class='ocrx_word' id='word_1_441' title='bbox 161 3467 196 3507; x_wconf 85' lang='lat'>5,</span> <span class='ocrx_word' id='word_1_442' title='bbox 226 3466 269 3498; x_wconf 86' lang='lat'>35</span> <span class='ocrx_word' id='word_1_443' title='bbox 295 3473 402 3510; x_wconf 83' lang='lat' dir='ltr'>seqq.</span> <span class='ocrx_word' id='word_1_444' title='bbox 438 3480 495 3487; x_wconf 96' lang='lat'><strong>—</strong></span> <span class='ocrx_word' id='word_1_445' title='bbox 538 3460 628 3498; x_wconf 84' lang='lat' dir='ltr'>huic</span> <span class='ocrx_word' id='word_1_446' title='bbox 657 3459 768 3499; x_wconf 85' lang='lat' dir='ltr'>titulo</span> <span class='ocrx_word' id='word_1_447' title='bbox 799 3459 981 3499; x_wconf 80' lang='lat' dir='ltr'>nonnulli</span> <span class='ocrx_word' id='word_1_448' title='bbox 1010 3460 1106 3501; x_wconf 83' lang='lat' dir='ltr'>libri</span> <span class='ocrx_word' id='word_1_449' title='bbox 1132 3460 1253 3512; x_wconf 83' lang='lat' dir='ltr'>quasi</span> <span class='ocrx_word' id='word_1_450' title='bbox 1278 3459 1493 3500; x_wconf 85' lang='lat' dir='ltr'>secundam</span> 
     </span>
    </p>
   </div>
   <div class='ocr_carea' id='block_1_4' title="bbox 1494 156 1589 215">
    <p class='ocr_par' dir='ltr' id='par_1_4' title="bbox 1494 156 1589 215">
     <span class='ocr_line' id='line_1_58' title="bbox 1494 156 1589 215; baseline 0 -1"><span class='ocrx_word' id='word_1_451' title='bbox 1494 156 1589 215; x_wconf 78' lang='lat'>198</span> 
     </span>
    </p>
   </div>
   <div class='ocr_carea' id='block_1_5' title="bbox 161 3513 1528 3568">
    <p class='ocr_par' dir='ltr' id='par_1_5' title="bbox 161 3513 1528 3568">
     <span class='ocr_line' id='line_1_59' title="bbox 161 3513 1528 3568; baseline 0.001 -15"><span class='ocrx_word' id='word_1_452' title='bbox 161 3513 225 3553; x_wconf 87' lang='lat' dir='ltr'>vel</span> <span class='ocrx_word' id='word_1_453' title='bbox 252 3516 405 3554; x_wconf 78' lang='lat' dir='ltr'>tertiam</span> <span class='ocrx_word' id='word_1_454' title='bbox 437 3515 746 3555; x_wconf 84' lang='lat' dir='ltr'>constitutionem</span> <span class='ocrx_word' id='word_1_455' title='bbox 777 3516 1009 3556; x_wconf 88' lang='lat' dir='ltr'>adscribunt</span> <span class='ocrx_word' id='word_1_456' title='bbox 1046 3516 1256 3568; x_wconf 86' lang='lat' dir='ltr'>epistulam</span> <span class='ocrx_word' id='word_1_457' title='bbox 1290 3514 1497 3557; x_wconf 80' lang='lat' dir='ltr'>Gordiani</span> <span class='ocrx_word' id='word_1_458' title='bbox 1524 3544 1528 3555; x_wconf 73' lang='lat'>.</span> 
     </span>
    </p>
   </div>
   <div class='ocr_carea' id='block_1_6' title="bbox 186 3608 316 3614">
    <p class='ocr_par' dir='ltr' id='par_1_6' title="bbox 186 3608 316 3614">
     <span class='ocr_line' id='line_1_60' title="bbox 186 3608 316 3614; baseline 0 0"><span class='ocrx_word' id='word_1_459' title='bbox 186 3608 316 3614; x_wconf 95' lang='lat' dir='ltr'> </span> 
     </span>
    </p>
   </div>
   <div class='ocr_carea' id='block_1_7' title="bbox 160 3670 1496 4571">
    <p class='ocr_par' dir='ltr' id='par_1_7' title="bbox 160 3670 1496 4567">
     <span class='ocr_line' id='line_1_61' title="bbox 218 3670 1494 3730; baseline 0.002 -11"><span class='ocrx_word' id='word_1_460' title='bbox 218 3670 282 3719; x_wconf 86' lang='lat'>29</span> <span class='ocrx_word' id='word_1_461' title='bbox 322 3672 461 3716; x_wconf 89' lang='lat' dir='ltr'>Nemo</span> <span class='ocrx_word' id='word_1_462' title='bbox 501 3673 683 3717; x_wconf 86' lang='lat' dir='ltr'>invitam</span> <span class='ocrx_word' id='word_1_463' title='bbox 722 3674 783 3717; x_wconf 90' lang='lat' dir='ltr'>ad</span> <span class='ocrx_word' id='word_1_464' title='bbox 818 3688 1026 3719; x_wconf 80' lang='lat' dir='ltr'>scaenam</span> <span class='ocrx_word' id='word_1_465' title='bbox 1063 3676 1215 3722; x_wconf 86' lang='lat' dir='ltr'>trahat</span> <span class='ocrx_word' id='word_1_466' title='bbox 1243 3691 1352 3722; x_wconf 87' lang='lat' dir='ltr'>neve</span> <span class='ocrx_word' id='word_1_467' title='bbox 1380 3691 1494 3730; x_wconf 89' lang='lat' dir='ltr'>eam,</span> 
     </span>
     <span class='ocr_line' id='line_1_62' title="bbox 160 3730 1493 3797; baseline 0.005 -26"><span class='ocrx_word' id='word_1_468' title='bbox 160 3742 275 3792; x_wconf 79' lang='lat' dir='ltr'>quae</span> <span class='ocrx_word' id='word_1_469' title='bbox 302 3733 463 3786; x_wconf 89' lang='lat' dir='ltr'>sponte</span> <span class='ocrx_word' id='word_1_470' title='bbox 491 3730 672 3782; x_wconf 85' lang='lat' dir='ltr'>venerit,</span> <span class='ocrx_word' id='word_1_471' title='bbox 694 3735 861 3787; x_wconf 90' lang='lat' dir='ltr'>postea</span> <span class='ocrx_word' id='word_1_472' title='bbox 884 3736 1032 3775; x_wconf 87' lang='lat' dir='ltr'>autem</span> <span class='ocrx_word' id='word_1_473' title='bbox 1055 3732 1263 3777; x_wconf 82' lang='lat' dir='ltr'>recedere</span> <span class='ocrx_word' id='word_1_474' title='bbox 1287 3732 1493 3797; x_wconf 77' lang='lat' dir='ltr'>voluerit,</span> 
     </span>
     <span class='ocr_line' id='line_1_63' title="bbox 161 3783 1494 3851; baseline 0.006 -26"><span class='ocrx_word' id='word_1_475' title='bbox 161 3784 352 3828; x_wconf 70' lang='lat' dir='ltr'>retineat</span> <span class='ocrx_word' id='word_1_476' title='bbox 385 3797 491 3828; x_wconf 89' lang='lat' dir='ltr'>neve</span> <span class='ocrx_word' id='word_1_477' title='bbox 534 3783 800 3828; x_wconf 79' lang='lat' dir='ltr'>adhortetur</span> <span class='ocrx_word' id='word_1_478' title='bbox 835 3791 879 3829; x_wconf 90' lang='lat' dir='ltr'>et</span> <span class='ocrx_word' id='word_1_479' title='bbox 910 3786 1224 3851; x_wconf 80' lang='lat' dir='ltr'>fideiussiones</span> <span class='ocrx_word' id='word_1_480' title='bbox 1261 3788 1317 3832; x_wconf 89' lang='lat' dir='ltr'>ab</span> <span class='ocrx_word' id='word_1_481' title='bbox 1345 3789 1411 3833; x_wconf 88' lang='lat' dir='ltr'>eis</span> <span class='ocrx_word' id='word_1_482' title='bbox 1439 3789 1494 3833; x_wconf 90' lang='lat' dir='ltr'>de</span> 
     </span>
     <span class='ocr_line' id='line_1_64' title="bbox 167 3838 1494 3909; baseline 0.004 -27"><span class='ocrx_word' id='word_1_483' title='bbox 167 3846 180 3882; x_wconf 86' lang='grc'>1</span> <span class='ocrx_word' id='word_1_484' title='bbox 243 3853 335 3884; x_wconf 89' lang='lat' dir='ltr'>non</span> <span class='ocrx_word' id='word_1_485' title='bbox 375 3838 619 3883; x_wconf 87' lang='lat' dir='ltr'>deserenda</span> <span class='ocrx_word' id='word_1_486' title='bbox 655 3854 819 3884; x_wconf 82' lang='lat' dir='ltr'>scaena</span> <span class='ocrx_word' id='word_1_487' title='bbox 849 3842 1053 3900; x_wconf 86' lang='lat' dir='ltr'>accipiat.</span> <span class='ocrx_word' id='word_1_488' title='bbox 1108 3843 1323 3902; x_wconf 79' lang='lat' dir='ltr'>Quisquis</span> <span class='ocrx_word' id='word_1_489' title='bbox 1351 3845 1494 3909; x_wconf 79' lang='lat' dir='ltr'>iqitur</span> 
     </span>
     <span class='ocr_line' id='line_1_65' title="bbox 163 3895 1493 3965; baseline 0.005 -28"><span class='ocrx_word' id='word_1_490' title='bbox 163 3895 393 3939; x_wconf 84' lang='lat' dir='ltr'>cuiuslibet</span> <span class='ocrx_word' id='word_1_491' title='bbox 417 3895 590 3939; x_wconf 80' lang='lat' dir='ltr'>ordinis</span> <span class='ocrx_word' id='word_1_492' title='bbox 613 3896 681 3940; x_wconf 87' lang='lat' dir='ltr'>vel</span> <span class='ocrx_word' id='word_1_493' title='bbox 704 3896 903 3960; x_wconf 85' lang='lat' dir='ltr'>qualibet</span> <span class='ocrx_word' id='word_1_494' title='bbox 920 3903 1149 3961; x_wconf 83' lang='lat' dir='ltr'>potestate</span> <span class='ocrx_word' id='word_1_495' title='bbox 1167 3899 1416 3965; x_wconf 79' lang='lat' dir='ltr'>praeditus</span> <span class='ocrx_word' id='word_1_496' title='bbox 1442 3900 1493 3943; x_wconf 88' lang='lat' dir='ltr'>id</span> 
     </span>
     <span class='ocr_line' id='line_1_66' title="bbox 161 3950 1493 4021; baseline 0.005 -28"><span class='ocrx_word' id='word_1_497' title='bbox 161 3951 342 4014; x_wconf 78' lang='lat' dir='ltr'>fecerit,</span> <span class='ocrx_word' id='word_1_498' title='bbox 385 3950 519 4015; x_wconf 79' lang='lat' dir='ltr'>liceat</span> <span class='ocrx_word' id='word_1_499' title='bbox 545 3951 718 3995; x_wconf 81' lang='lat' dir='ltr'>mulieri</span> <span class='ocrx_word' id='word_1_500' title='bbox 749 3957 794 3996; x_wconf 90' lang='lat' dir='ltr'>et</span> <span class='ocrx_word' id='word_1_501' title='bbox 812 3954 1068 4016; x_wconf 81' lang='lat' dir='ltr'>praesidem</span> <span class='ocrx_word' id='word_1_502' title='bbox 1098 3955 1248 4009; x_wconf 77' lang='lat' dir='ltr'>adire,</span> <span class='ocrx_word' id='word_1_503' title='bbox 1278 3969 1364 3999; x_wconf 75' lang='lat' dir='ltr'>nisi</span> <span class='ocrx_word' id='word_1_504' title='bbox 1395 3970 1493 4021; x_wconf 75' lang='lat' dir='ltr'>ipse</span> 
     </span>
     <span class='ocr_line' id='line_1_67' title="bbox 162 4006 1493 4069; baseline 0.005 -21"><span class='ocrx_word' id='word_1_505' title='bbox 162 4007 220 4049; x_wconf 85' lang='lat' dir='ltr'>sit</span> <span class='ocrx_word' id='word_1_506' title='bbox 257 4007 297 4049; x_wconf 91' lang='lat' dir='ltr'>is</span> <span class='ocrx_word' id='word_1_507' title='bbox 335 4006 412 4069; x_wconf 79' lang='lat' dir='ltr'>qui</span> <span class='ocrx_word' id='word_1_508' title='bbox 441 4007 526 4050; x_wconf 87' lang='lat' dir='ltr'>vim</span> <span class='ocrx_word' id='word_1_509' title='bbox 551 4007 685 4063; x_wconf 84' lang='lat' dir='ltr'>facit,</span> <span class='ocrx_word' id='word_1_510' title='bbox 719 4013 765 4052; x_wconf 89' lang='lat' dir='ltr'>et</span> <span class='ocrx_word' id='word_1_511' title='bbox 791 4008 1070 4066; x_wconf 88' lang='lat' dir='ltr'>episcopum,</span> <span class='ocrx_word' id='word_1_512' title='bbox 1110 4017 1162 4056; x_wconf 91' lang='lat' dir='ltr'>ut</span> <span class='ocrx_word' id='word_1_513' title='bbox 1187 4011 1257 4055; x_wconf 85' lang='lat' dir='ltr'>illi</span> <span class='ocrx_word' id='word_1_514' title='bbox 1285 4025 1384 4056; x_wconf 88' lang='lat' dir='ltr'>eum</span> <span class='ocrx_word' id='word_1_515' title='bbox 1413 4013 1493 4069; x_wconf 86' lang='lat' dir='ltr'>qui</span> 
     </span>
     <span class='ocr_line' id='line_1_68' title="bbox 163 4061 1491 4132; baseline 0.006 -29"><span class='ocrx_word' id='word_1_516' title='bbox 163 4061 337 4105; x_wconf 86' lang='lat' dir='ltr'>mulieri</span> <span class='ocrx_word' id='word_1_517' title='bbox 366 4062 452 4106; x_wconf 82' lang='lat' dir='ltr'>vim</span> <span class='ocrx_word' id='word_1_518' title='bbox 478 4063 599 4118; x_wconf 85' lang='lat' dir='ltr'>facit</span> <span class='ocrx_word' id='word_1_519' title='bbox 626 4063 680 4106; x_wconf 90' lang='lat' dir='ltr'>ab</span> <span class='ocrx_word' id='word_1_520' title='bbox 711 4064 888 4127; x_wconf 83' lang='lat' dir='ltr'>incepto</span> <span class='ocrx_word' id='word_1_521' title='bbox 920 4071 1126 4110; x_wconf 85' lang='lat' dir='ltr'>avertant</span> <span class='ocrx_word' id='word_1_522' title='bbox 1151 4081 1244 4111; x_wconf 89' lang='lat' dir='ltr'>non</span> <span class='ocrx_word' id='word_1_523' title='bbox 1266 4067 1491 4132; x_wconf 81' lang='lat' dir='ltr'>iqnarum,</span> 
     </span>
     <span class='ocr_line' id='line_1_69' title="bbox 162 4117 1495 4177; baseline 0.006 -18"><span class='ocrx_word' id='word_1_524' title='bbox 162 4117 202 4159; x_wconf 90' lang='lat' dir='ltr'>si</span> <span class='ocrx_word' id='word_1_525' title='bbox 239 4117 473 4169; x_wconf 85' lang='lat' dir='ltr'>restiterit,</span> <span class='ocrx_word' id='word_1_526' title='bbox 511 4117 621 4162; x_wconf 90' lang='lat' dir='ltr'>urbe</span> <span class='ocrx_word' id='word_1_527' title='bbox 657 4132 705 4163; x_wconf 89' lang='lat' dir='ltr'>se</span> <span class='ocrx_word' id='word_1_528' title='bbox 743 4133 824 4162; x_wconf 77' lang='lat' dir='ltr'>eici</span> <span class='ocrx_word' id='word_1_529' title='bbox 864 4124 909 4163; x_wconf 88' lang='lat' dir='ltr'>et</span> <span class='ocrx_word' id='word_1_530' title='bbox 933 4122 1214 4177; x_wconf 87' lang='lat' dir='ltr'>patrimonio</span> <span class='ocrx_word' id='word_1_531' title='bbox 1260 4123 1383 4168; x_wconf 79' lang='lat' dir='ltr'>eoeui.</span> <span class='ocrx_word' id='word_1_532' title='bbox 1449 4129 1495 4167; x_wconf 89' lang='lat' dir='ltr'>et</span> 
     </span>
     <span class='ocr_line' id='line_1_70' title="bbox 163 4171 1490 4232; baseline 0.008 -18"><span class='ocrx_word' id='word_1_533' title='bbox 163 4172 273 4216; x_wconf 87' lang='lat' dir='ltr'>haec</span> <span class='ocrx_word' id='word_1_534' title='bbox 301 4171 492 4229; x_wconf 88' lang='lat' dir='ltr'>quidem,</span> <span class='ocrx_word' id='word_1_535' title='bbox 531 4174 572 4216; x_wconf 88' lang='lat' dir='ltr'>si</span> <span class='ocrx_word' id='word_1_536' title='bbox 611 4174 711 4231; x_wconf 89' lang='lat' dir='ltr'>quis</span> <span class='ocrx_word' id='word_1_537' title='bbox 740 4174 940 4232; x_wconf 83' lang='lat' dir='ltr'>aliquam</span> <span class='ocrx_word' id='word_1_538' title='bbox 979 4176 1040 4218; x_wconf 90' lang='lat' dir='ltr'>ad</span> <span class='ocrx_word' id='word_1_539' title='bbox 1085 4191 1295 4222; x_wconf 88' lang='lat' dir='ltr'>scaenam</span> <span class='ocrx_word' id='word_1_540' title='bbox 1338 4178 1490 4223; x_wconf 83' lang='lat' dir='ltr'>trahit.</span> 
     </span>
     <span class='ocr_line' id='line_1_71' title="bbox 165 4226 1494 4299; baseline 0.007 -30"><span class='ocrx_word' id='word_1_541' title='bbox 165 4231 189 4270; x_wconf 83' lang='lat'><strong>2</strong></span> <span class='ocrx_word' id='word_1_542' title='bbox 247 4226 330 4270; x_wconf 89' lang='lat' dir='ltr'>Sin</span> <span class='ocrx_word' id='word_1_543' title='bbox 369 4232 516 4271; x_wconf 88' lang='lat' dir='ltr'>autem</span> <span class='ocrx_word' id='word_1_544' title='bbox 558 4243 654 4272; x_wconf 89' lang='lat' dir='ltr'>eam</span> <span class='ocrx_word' id='word_1_545' title='bbox 690 4244 807 4294; x_wconf 80' lang='lat' dir='ltr'>quae</span> <span class='ocrx_word' id='word_1_546' title='bbox 840 4235 1002 4288; x_wconf 86' lang='lat' dir='ltr'>sponte</span> <span class='ocrx_word' id='word_1_547' title='bbox 1030 4234 1211 4286; x_wconf 85' lang='lat' dir='ltr'>venerit,</span> <span class='ocrx_word' id='word_1_548' title='bbox 1255 4235 1494 4299; x_wconf 82' lang='lat' dir='ltr'>quominus</span> 
     </span>
     <span class='ocr_line' id='line_1_72' title="bbox 164 4268 1493 4355; baseline 0.008 -31"><span class='ocrx_word' id='word_1_549' title='bbox 164 4296 322 4326; x_wconf 89' lang='lat' dir='ltr'>rursus</span> <span class='ocrx_word' id='word_1_550' title='bbox 350 4282 571 4347; x_wconf 78' lang='lat' dir='ltr'>abscedat,</span> <span class='ocrx_word' id='word_1_551' title='bbox 600 4285 832 4350; x_wconf 88' lang='lat' dir='ltr'>impediat,</span> <span class='ocrx_word' id='word_1_552' title='bbox 863 4291 907 4329; x_wconf 88' lang='lat' dir='ltr'>et</span> <span class='ocrx_word' id='word_1_553' title='bbox 929 4268 1240 4350; x_wconf 84' lang='lat' dir='ltr'>fideiussiones</span> <span class='ocrx_word' id='word_1_554' title='bbox 1266 4290 1493 4355; x_wconf 79' lang='lat' dir='ltr'>infirmen-</span> 
     </span>
     <span class='ocr_line' id='line_1_73' title="bbox 169 4339 1493 4402; baseline 0.008 -23"><span class='ocrx_word' id='word_1_555' title='bbox 169 4344 239 4380; x_wconf 85' lang='lat' dir='ltr'>tur</span> <span class='ocrx_word' id='word_1_556' title='bbox 281 4343 346 4390; x_wconf 91' lang='lat' dir='ltr'>et,</span> <span class='ocrx_word' id='word_1_557' title='bbox 395 4339 435 4380; x_wconf 92' lang='lat' dir='ltr'>si</span> <span class='ocrx_word' id='word_1_558' title='bbox 486 4339 597 4402; x_wconf 77' lang='lat' dir='ltr'>quid</span> <span class='ocrx_word' id='word_1_559' title='bbox 633 4355 661 4383; x_wconf 92' lang='lat' dir='ltr'>a</span> <span class='ocrx_word' id='word_1_560' title='bbox 703 4340 1042 4396; x_wconf 84' lang='lat' dir='ltr'>fideiussoribus</span> <span class='ocrx_word' id='word_1_561' title='bbox 1083 4350 1294 4389; x_wconf 85' lang='lat' dir='ltr'>exactum</span> <span class='ocrx_word' id='word_1_562' title='bbox 1361 4346 1493 4398; x_wconf 80' lang='lat' dir='ltr'>uerit,</span> 
     </span>
     <span class='ocr_line' id='line_1_74' title="bbox 169 4392 1496 4466; baseline 0.008 -31"><span class='ocrx_word' id='word_1_563' title='bbox 169 4397 192 4435; x_wconf 88' lang='lat'><strong>3</strong></span> <span class='ocrx_word' id='word_1_564' title='bbox 249 4392 432 4456; x_wconf 81' lang='lat' dir='ltr'>duplum</span> <span class='ocrx_word' id='word_1_565' title='bbox 473 4395 704 4459; x_wconf 78' lang='lat' dir='ltr'>recipiant.</span> <span class='ocrx_word' id='word_1_566' title='bbox 787 4394 1003 4440; x_wconf 83' lang='lat' dir='ltr'>Similiter</span> <span class='ocrx_word' id='word_1_567' title='bbox 1040 4398 1172 4442; x_wconf 90' lang='lat' dir='ltr'>etiam</span> <span class='ocrx_word' id='word_1_568' title='bbox 1211 4401 1251 4443; x_wconf 87' lang='lat' dir='ltr'>si</span> <span class='ocrx_word' id='word_1_569' title='bbox 1382 4402 1496 4466; x_wconf 85' lang='lat' dir='ltr'>ipsis</span> 
     </span>
     <span class='ocr_line' id='line_1_75' title="bbox 169 4448 1494 4520; baseline 0.008 -32"><span class='ocrx_word' id='word_1_570' title='bbox 169 4448 422 4491; x_wconf 84' lang='lat' dir='ltr'>mulieribus</span> <span class='ocrx_word' id='word_1_571' title='bbox 464 4449 636 4505; x_wconf 84' lang='lat' dir='ltr'>aliquid</span> <span class='ocrx_word' id='word_1_572' title='bbox 677 4456 887 4515; x_wconf 79' lang='lat' dir='ltr'>exactum</span> <span class='ocrx_word' id='word_1_573' title='bbox 927 4452 1095 4507; x_wconf 82' lang='lat' dir='ltr'>fuerit,</span> <span class='ocrx_word' id='word_1_574' title='bbox 1149 4454 1337 4520; x_wconf 84' lang='lat' dir='ltr'>duplum</span> <span class='ocrx_word' id='word_1_575' title='bbox 1381 4457 1494 4501; x_wconf 90' lang='lat' dir='ltr'>reci-</span> 
     </span>
     <span class='ocr_line' id='line_1_76' title="bbox 172 4503 1495 4571; baseline 0.012 -30"><span class='ocrx_word' id='word_1_576' title='bbox 172 4505 195 4541; x_wconf 93' lang='lat'>4</span> <span class='ocrx_word' id='word_1_577' title='bbox 246 4503 404 4566; x_wconf 79' lang='lat' dir='ltr'>piant:</span> <span class='ocrx_word' id='word_1_578' title='bbox 428 4506 645 4568; x_wconf 72' lang='lat' dir='ltr'>praeside</span> <span class='ocrx_word' id='word_1_579' title='bbox 683 4514 727 4550; x_wconf 88' lang='lat' dir='ltr'>et</span> <span class='ocrx_word' id='word_1_580' title='bbox 758 4507 970 4571; x_wconf 83' lang='lat' dir='ltr'>episcopo</span> <span class='ocrx_word' id='word_1_581' title='bbox 999 4520 1054 4550; x_wconf 88' lang='lat' dir='ltr'>ea</span> <span class='ocrx_word' id='word_1_582' title='bbox 1082 4512 1370 4555; x_wconf 79' lang='lat' dir='ltr'>exsecuturis.</span> <span class='ocrx_word' id='word_1_583' title='bbox 1428 4513 1495 4556; x_wconf 86' lang='lat' dir='ltr'>Ac</span> 
     </span>
    </p>
   </div>
   <div class='ocr_carea' id='block_1_8' title="bbox 173 4556 1495 4655">
    <p class='ocr_par' dir='ltr' id='par_1_8' title="bbox 173 4556 1495 4655">
     <span class='ocr_line' id='line_1_77' title="bbox 173 4556 1495 4630; baseline 0.012 -35"><span class='ocrx_word' id='word_1_584' title='bbox 173 4568 226 4596; x_wconf 89' lang='lat' dir='ltr'>ne</span> <span class='ocrx_word' id='word_1_585' title='bbox 255 4556 307 4598; x_wconf 89' lang='lat' dir='ltr'>ab</span> <span class='ocrx_word' id='word_1_586' title='bbox 337 4558 463 4601; x_wconf 72' lang='lat' dir='ltr'>initio</span> <span class='ocrx_word' id='word_1_587' title='bbox 525 4559 669 4604; x_wconf 85' lang='lat' dir='ltr'>uidem</span> <span class='ocrx_word' id='word_1_588' title='bbox 694 4562 1005 4617; x_wconf 77' lang='lat' dir='ltr'>fideiussiones</span> <span class='ocrx_word' id='word_1_589' title='bbox 1038 4576 1068 4605; x_wconf 88' lang='lat' dir='ltr'>a</span> <span class='ocrx_word' id='word_1_590' title='bbox 1095 4565 1350 4609; x_wconf 84' lang='lat' dir='ltr'>mulieribus</span> <span class='ocrx_word' id='word_1_591' title='bbox 1379 4580 1495 4630; x_wconf 87' lang='lat' dir='ltr'>quae</span> 
     </span>
     <span class='ocr_line' id='line_1_78' title="bbox 176 4622 448 4655; baseline 0.026 -7.131"><span class='ocrx_word' id='word_1_592' title='bbox 176 4622 360 4653; x_wconf 70' lang='lat' dir='ltr'><em>SCaCnae</em></span> <span class='ocrx_word' id='word_1_593' title='bbox 402 4626 448 4655; x_wconf 83' lang='lat' dir='ltr'>Se</span> 
     </span>
    </p>
   </div>
   <div class='ocr_carea' id='block_1_9' title="bbox 1534 4456 1540 4613">
    <p class='ocr_par' dir='ltr' id='par_1_9' title="bbox 1534 4456 1540 4613">
     <span class='ocr_line' id='line_1_79' title="bbox 1534 4456 1540 4613; baseline 0 171"><span class='ocrx_word' id='word_1_594' title='bbox 1534 4456 1540 4613; x_wconf 95' lang='lat' dir='ltr'> </span> 
     </span>
    </p>
   </div>
   <div class='ocr_carea' id='block_1_10' title="bbox 2577 179 2906 220">
    <p class='ocr_par' dir='ltr' id='par_1_10' title="bbox 2577 179 2906 220">
     <span class='ocr_line' id='line_1_80' title="bbox 2577 179 2906 220; baseline -0.003 -1"><span class='ocrx_word' id='word_1_595' title='bbox 2577 179 2655 219; x_wconf 75' lang='lat' dir='ltr'>DE</span> <span class='ocrx_word' id='word_1_596' title='bbox 2689 179 2906 220; x_wconf 74' lang='lat' dir='ltr'>NUPTIIS</span> 
     </span>
    </p>
   </div>
   <div class='ocr_carea' id='block_1_11' title="bbox 1685 305 2920 1318">
    <p class='ocr_par' dir='ltr' id='par_1_11' title="bbox 1685 305 2920 1318">
     <span class='ocr_line' id='line_1_81' title="bbox 1685 305 2911 381; baseline 0.008 -31"><span class='ocrx_word' id='word_1_597' title='bbox 1685 308 1904 351; x_wconf 82' lang='grc' dir='ltr'><strong><em>τιοῦσθαι</em></strong></span> <span class='ocrx_word' id='word_1_598' title='bbox 1956 305 2079 381; x_wconf 79' lang='grc' dir='ltr'>αὗτῷ</span> <span class='ocrx_word' id='word_1_599' title='bbox 2133 316 2207 357; x_wconf 83' lang='grc' dir='ltr'>καὶ</span> <span class='ocrx_word' id='word_1_600' title='bbox 2259 329 2287 354; x_wconf 92' lang='grc' dir='ltr'>α</span> <span class='ocrx_word' id='word_1_601' title='bbox 2342 315 2465 367; x_wconf 87' lang='grc' dir='ltr'><strong><em>μίους</em></strong></span> <span class='ocrx_word' id='word_1_602' title='bbox 2522 310 2758 369; x_wconf 73' lang='grc' dir='ltr'><strong><em>φυλάττειν</em></strong></span> <span class='ocrx_word' id='word_1_603' title='bbox 2809 313 2911 360; x_wconf 78' lang='grc' dir='ltr'><strong><em>τοὺς</em></strong></span> 
     </span>
     <span class='ocr_line' id='line_1_82' title="bbox 1686 308 2910 441; baseline 0.008 -37"><span class='ocrx_word' id='word_1_604' title='bbox 1686 358 1914 430; x_wconf 73' lang='grc' dir='ltr'><strong><em>ἐγγυητάς·</em></strong></span> <span class='ocrx_word' id='word_1_605' title='bbox 1952 367 1991 410; x_wconf 80' lang='grc' dir='ltr'>εἰ</span> <span class='ocrx_word' id='word_1_606' title='bbox 2027 366 2078 411; x_wconf 68' lang='grc' dir='ltr'>δι’</span> <span class='ocrx_word' id='word_1_607' title='bbox 2112 367 2177 437; x_wconf 85' lang='grc' dir='ltr'><strong><em>μὴ</em></strong></span> <span class='ocrx_word' id='word_1_608' title='bbox 2214 308 2502 433; x_wconf 62' lang='grc' dir='ltr'><strong><em>ἐνδίέωσιν</em></strong></span> <span class='ocrx_word' id='word_1_609' title='bbox 2481 363 2506 410; x_wconf 84' lang='grc' dir='ltr'>ὁ</span> <span class='ocrx_word' id='word_1_610' title='bbox 2550 366 2569 380; x_wconf 75' lang='grc'>“’</span> <span class='ocrx_word' id='word_1_611' title='bbox 2623 386 2703 426; x_wconf 85' lang='grc' dir='ltr'>ων,</span> <span class='ocrx_word' id='word_1_612' title='bbox 2743 371 2910 441; x_wconf 73' lang='grc' dir='ltr'><strong><em>ἐξέστω</em></strong></span> 
     </span>
     <span class='ocr_line' id='line_1_83' title="bbox 1686 417 2910 488; baseline 0.007 -27"><span class='ocrx_word' id='word_1_613' title='bbox 1686 434 1771 484; x_wconf 62' lang='lat' dir='ltr'>‘thm</span> <span class='ocrx_word' id='word_1_614' title='bbox 1792 417 2024 488; x_wconf 75' lang='grc' dir='ltr'><strong><em>ἐπισκόπφ</em></strong></span> <span class='ocrx_word' id='word_1_615' title='bbox 2061 420 2262 480; x_wconf 79' lang='grc' dir='ltr'><strong><em>μηνύειν,</em></strong></span> <span class='ocrx_word' id='word_1_616' title='bbox 2302 418 2419 467; x_wconf 80' lang='grc' dir='ltr'><strong><em>ὥστε</em></strong></span> <span class='ocrx_word' id='word_1_617' title='bbox 2455 420 2540 467; x_wconf 83' lang='grc' dir='ltr'>τὸν</span> <span class='ocrx_word' id='word_1_618' title='bbox 2568 441 2765 483; x_wconf 80' lang='grc' dir='ltr'><strong><em>αρχοντα</em></strong></span> <span class='ocrx_word' id='word_1_619' title='bbox 2801 424 2910 472; x_wconf 81' lang='grc' dir='ltr'><strong><em>ἀπο-</em></strong></span> 
     </span>
     <span class='ocr_line' id='line_1_84' title="bbox 1688 475 2911 552; baseline 0.01 -37"><span class='ocrx_word' id='word_1_620' title='bbox 1688 475 1848 528; x_wconf 82' lang='grc' dir='ltr'><strong><em>στῆναι</em></strong></span> <span class='ocrx_word' id='word_1_621' title='bbox 1883 477 1960 532; x_wconf 81' lang='grc' dir='ltr'>τῆς</span> <span class='ocrx_word' id='word_1_622' title='bbox 1994 479 2126 550; x_wconf 80' lang='grc' dir='ltr'><strong><em>ἀρχῆς</em></strong></span> <span class='ocrx_word' id='word_1_623' title='bbox 2160 497 2235 522; x_wconf 84' lang='grc' dir='ltr'>και</span> <span class='ocrx_word' id='word_1_624' title='bbox 2274 476 2553 544; x_wconf 72' lang='grc' dir='ltr'><strong><em>δημευθῆναι</em></strong></span> <span class='ocrx_word' id='word_1_625' title='bbox 2589 483 2665 522; x_wconf 79' lang='grc' dir='ltr'>καὶ</span> <span class='ocrx_word' id='word_1_626' title='bbox 2700 479 2911 552; x_wconf 80' lang='grc' dir='ltr'><strong><em>διηνεκῶς</em></strong></span> 
     </span>
     <span class='ocr_line' id='line_1_85' title="bbox 1688 528 2911 601; baseline 0.011 -32"><span class='ocrx_word' id='word_1_627' title='bbox 1688 528 1990 588; x_wconf 78' lang='grc' dir='ltr'><strong><em>ἐξορισθῆναι.</em></strong></span> <span class='ocrx_word' id='word_1_628' title='bbox 2072 533 2296 587; x_wconf 79' lang='grc' dir='ltr'><strong><em>Ἐξουσίας</em></strong></span> <span class='ocrx_word' id='word_1_629' title='bbox 2351 531 2482 601; x_wconf 76' lang='grc' dir='ltr'><strong><em>οὔσης</em></strong></span> <span class='ocrx_word' id='word_1_630' title='bbox 2534 538 2631 578; x_wconf 85' lang='grc' dir='ltr'><strong><em>ταῖς</em></strong></span> <span class='ocrx_word' id='word_1_631' title='bbox 2685 536 2911 582; x_wconf 82' lang='grc' dir='ltr'><strong><em>τοιαύταις</em></strong></span> 
     </span>
     <span class='ocr_line' id='line_1_86' title="bbox 1687 569 2912 661; baseline 0.008 -35"><span class='ocrx_word' id='word_1_632' title='bbox 1687 569 1864 653; x_wconf 77' lang='grc' dir='ltr'><strong><em>γυναιξὶ</em></strong></span> <span class='ocrx_word' id='word_1_633' title='bbox 1901 591 1977 631; x_wconf 80' lang='grc' dir='ltr'>καὶ</span> <span class='ocrx_word' id='word_1_634' title='bbox 2015 589 2320 661; x_wconf 63' lang='grc' dir='ltr'><strong><em>προσομιλεῖν</em></strong></span> <span class='ocrx_word' id='word_1_635' title='bbox 2339 586 2492 656; x_wconf 82' lang='grc' dir='ltr'><strong><em>γάμοις</em></strong></span> <span class='ocrx_word' id='word_1_636' title='bbox 2530 593 2604 631; x_wconf 81' lang='grc' dir='ltr'>καὶ</span> <span class='ocrx_word' id='word_1_637' title='bbox 2641 587 2746 635; x_wconf 76' lang='grc' dir='ltr'><strong><em>ἄνευ</em></strong></span> <span class='ocrx_word' id='word_1_638' title='bbox 2783 593 2912 638; x_wconf 77' lang='grc' dir='ltr'><strong><em>θείας</em></strong></span> 
     </span>
     <span class='ocr_line' id='line_1_87' title="bbox 1689 637 2910 711; baseline 0.007 -28"><span class='ocrx_word' id='word_1_639' title='bbox 1689 637 1999 708; x_wconf 63' lang='grc' dir='ltr'><strong><em>ἀντιγραφῆςῦ.</em></strong></span> <span class='ocrx_word' id='word_1_640' title='bbox 2052 644 2185 690; x_wconf 83' lang='grc' dir='ltr'><strong><em>,Αλλὰ</em></strong></span> <span class='ocrx_word' id='word_1_641' title='bbox 2220 644 2408 700; x_wconf 83' lang='grc' dir='ltr'><strong><em>τ[αύτην</em></strong></span> <span class='ocrx_word' id='word_1_642' title='bbox 2435 643 2533 698; x_wconf 86' lang='grc' dir='ltr'><strong><em>τὴν]</em></strong></span> <span class='ocrx_word' id='word_1_643' title='bbox 2574 642 2780 699; x_wconf 79' lang='grc' dir='ltr'><strong><em>διάταξιν</em></strong></span> <span class='ocrx_word' id='word_1_644' title='bbox 2810 665 2910 711; x_wconf 81' lang='grc' dir='ltr'><strong><em>κρα·</em></strong></span> 
     </span>
     <span class='ocr_line' id='line_1_88' title="bbox 1687 697 2912 799; baseline 0.008 -61"><span class='ocrx_word' id='word_1_645' title='bbox 1687 699 1782 739; x_wconf 85' lang='grc' dir='ltr'><strong><em>τεῒν</em></strong></span> <span class='ocrx_word' id='word_1_646' title='bbox 1826 702 1916 742; x_wconf 84' lang='grc' dir='ltr'><strong><em>τοῖς</em></strong></span> <span class='ocrx_word' id='word_1_647' title='bbox 1953 697 2080 744; x_wconf 79' lang='grc' dir='ltr'><strong><em>ἰδίοις</em></strong></span> <span class='ocrx_word' id='word_1_648' title='bbox 2115 699 2308 760; x_wconf 85' lang='grc' dir='ltr'><strong><em>χρόνοις,</em></strong></span> <span class='ocrx_word' id='word_1_649' title='bbox 2354 717 2419 743; x_wconf 88' lang='grc' dir='ltr'>κω</span> <span class='ocrx_word' id='word_1_650' title='bbox 2424 699 2690 799; x_wconf 84' lang='grc' dir='ltr'><strong><em>λ[υομένων]</em></strong></span> <span class='ocrx_word' id='word_1_651' title='bbox 2723 701 2912 748; x_wconf 83' lang='grc' dir='ltr'><strong><em>πάντων</em></strong></span> 
     </span>
     <span class='ocr_line' id='line_1_89' title="bbox 1688 749 2913 814; baseline 0.008 -21"><span class='ocrx_word' id='word_1_652' title='bbox 1688 753 1784 794; x_wconf 88' lang='grc' dir='ltr'>τῶν</span> <span class='ocrx_word' id='word_1_653' title='bbox 1814 749 1914 803; x_wconf 79' lang='grc' dir='ltr'>ἐξ’</span> <span class='ocrx_word' id='word_1_654' title='bbox 1887 757 2018 813; x_wconf 80' lang='grc' dir='ltr'><strong><em>αρχῆς</em></strong></span> <span class='ocrx_word' id='word_1_655' title='bbox 2046 756 2341 814; x_wconf 82' lang='grc' dir='ltr'><strong><em>κωλυομένων</em></strong></span> <span class='ocrx_word' id='word_1_656' title='bbox 2369 754 2576 814; x_wconf 87' lang='grc' dir='ltr'><strong><em>γάμ[ων],</em></strong></span> <span class='ocrx_word' id='word_1_657' title='bbox 2607 755 2725 811; x_wconf 84' lang='grc' dir='ltr'><strong><em>πλὴν</em></strong></span> <span class='ocrx_word' id='word_1_658' title='bbox 2752 756 2913 802; x_wconf 77' lang='grc' dir='ltr'><strong><em>τούτου</em></strong></span> 
     </span>
     <span class='ocr_line' id='line_1_90' title="bbox 1687 809 2914 883; baseline 0.006 -33"><span class='ocrx_word' id='word_1_659' title='bbox 1687 809 1766 850; x_wconf 81' lang='grc' dir='ltr'>τοῦ</span> <span class='ocrx_word' id='word_1_660' title='bbox 1808 810 1892 852; x_wconf 80' lang='grc' dir='ltr'>νῦν</span> <span class='ocrx_word' id='word_1_661' title='bbox 1932 813 2255 866; x_wconf 76' lang='grc' dir='ltr'><strong><em>ἐπινοηθέντος</em></strong></span> <span class='ocrx_word' id='word_1_662' title='bbox 2295 815 2375 855; x_wconf 81' lang='grc' dir='ltr'>τοῦ</span> <span class='ocrx_word' id='word_1_663' title='bbox 2422 828 2532 855; x_wconf 88' lang='grc' dir='ltr'><strong><em>ποτε</em></strong></span> <span class='ocrx_word' id='word_1_664' title='bbox 2574 815 2658 868; x_wconf 75' lang='grc' dir='ltr'>μὲν</span> <span class='ocrx_word' id='word_1_665' title='bbox 2706 810 2914 883; x_wconf 81' lang='grc' dir='ltr'><strong><em>δεομένου</em></strong></span> 
     </span>
     <span class='ocr_line' id='line_1_91' title="bbox 1689 860 2915 935; baseline 0.007 -31"><span class='ocrx_word' id='word_1_666' title='bbox 1689 864 1816 906; x_wconf 86' lang='grc' dir='ltr'><strong><em>θείας</em></strong></span> <span class='ocrx_word' id='word_1_667' title='bbox 1843 860 2127 935; x_wconf 78' lang='grc' dir='ltr'><strong><em>ἀντιγραφης,</em></strong></span> <span class='ocrx_word' id='word_1_668' title='bbox 2157 870 2242 911; x_wconf 79' lang='grc' dir='ltr'>νῦν</span> <span class='ocrx_word' id='word_1_669' title='bbox 2270 866 2320 911; x_wconf 79' lang='grc' dir='ltr'><strong><em>δὲ</em></strong></span> <span class='ocrx_word' id='word_1_670' title='bbox 2348 865 2536 911; x_wconf 60' lang='grc' dir='ltr'><strong><em>οὖκέτιὸ.</em></strong></span> <span class='ocrx_word' id='word_1_671' title='bbox 2587 869 2735 911; x_wconf 79' lang='grc' dir='ltr'><strong><em>Ταῦτα</em></strong></span> <span class='ocrx_word' id='word_1_672' title='bbox 2763 867 2915 912; x_wconf 82' lang='grc' dir='ltr'><strong><em>πάντα</em></strong></span> 
     </span>
     <span class='ocr_line' id='line_1_92' title="bbox 1688 919 2914 993; baseline 0.006 -32"><span class='ocrx_word' id='word_1_673' title='bbox 1688 919 2036 984; x_wconf 80' lang='grc' dir='ltr'><strong><em>νομοθετήσασα</em></strong></span> <span class='ocrx_word' id='word_1_674' title='bbox 2063 941 2092 977; x_wconf 88' lang='grc' dir='ltr'><strong><em>η</em></strong></span> <span class='ocrx_word' id='word_1_675' title='bbox 2119 920 2316 975; x_wconf 79' lang='grc' dir='ltr'><strong><em>διάταξις</em></strong></span> <span class='ocrx_word' id='word_1_676' title='bbox 2325 926 2545 993; x_wconf 80' lang='grc' dir='ltr'><strong><em>ἐπιφερει</em></strong></span> <span class='ocrx_word' id='word_1_677' title='bbox 2579 920 2684 967; x_wconf 84' lang='grc' dir='ltr'><strong><em>τότε</em></strong></span> <span class='ocrx_word' id='word_1_678' title='bbox 2722 927 2914 992; x_wconf 78' lang='grc' dir='ltr'><strong><em>κρατεῖν,</em></strong></span> 
     </span>
     <span class='ocr_line' id='line_1_93' title="bbox 1689 971 2914 1075; baseline 0.006 -59"><span class='ocrx_word' id='word_1_679' title='bbox 1689 971 1819 1028; x_wconf 81' lang='grc' dir='ltr'><strong><em>ἡνίκα</em></strong></span> <span class='ocrx_word' id='word_1_680' title='bbox 1869 981 2066 1075; x_wconf 55' lang='grc' dir='ltr'><strong><em>μείνωσ.</em></strong></span> <span class='ocrx_word' id='word_1_681' title='bbox 2108 981 2444 1046; x_wconf 64' lang='grc' dir='ltr'><strong><em>σωφρονοῦσαν</em></strong></span> <span class='ocrx_word' id='word_1_682' title='bbox 2499 981 2538 1022; x_wconf 86' lang='grc' dir='ltr'>εἰ</span> <span class='ocrx_word' id='word_1_683' title='bbox 2579 978 2663 1038; x_wconf 82' lang='grc' dir='ltr'>γὰρ</span> <span class='ocrx_word' id='word_1_684' title='bbox 2705 978 2820 1036; x_wconf 74' lang='grc' dir='ltr'><strong><em>μετὰ</em></strong></span> <span class='ocrx_word' id='word_1_685' title='bbox 2859 995 2914 1023; x_wconf 80' lang='grc' dir='ltr'>το</span> 
     </span>
     <span class='ocr_line' id='line_1_94' title="bbox 1687 1028 2914 1103; baseline 0.005 -31"><span class='ocrx_word' id='word_1_686' title='bbox 1687 1032 1824 1098; x_wconf 60' lang='grc' dir='ltr'><strong><em>γῆμαι</em></strong></span> <span class='ocrx_word' id='word_1_687' title='bbox 1862 1028 1999 1076; x_wconf 83' lang='grc' dir='ltr'><strong><em>πάλιν</em></strong></span> <span class='ocrx_word' id='word_1_688' title='bbox 2011 1033 2300 1103; x_wconf 74' lang='grc' dir='ltr'><strong><em>βουληθῶσι</em></strong></span> <span class='ocrx_word' id='word_1_689' title='bbox 2332 1035 2552 1093; x_wconf 86' lang='grc' dir='ltr'><strong><em>γενέσθαι</em></strong></span> <span class='ocrx_word' id='word_1_690' title='bbox 2595 1039 2820 1088; x_wconf 85' lang='grc' dir='ltr'><strong><em>σκηνικαί,</em></strong></span> <span class='ocrx_word' id='word_1_691' title='bbox 2863 1033 2914 1078; x_wconf 78' lang='grc' dir='ltr'>οὗ</span> 
     </span>
     <span class='ocr_line' id='line_1_95' title="bbox 1687 1086 2914 1208; baseline 0.004 -24"><span class='ocrx_word' id='word_1_692' title='bbox 1687 1086 2784 1214; x_wconf 50' lang='grc' dir='ltr'><strong><em>ἴὲἔῖνμῖῗέἶοὶἶζῖνῗῖἓ.ηῗαςεῖᾗῖζέἶὲζὲπῖἓῖῗὲζι</em></strong></span> <span class='ocrx_word' id='word_1_693' title='bbox 2809 1087 2914 1190; x_wconf 60' lang='lat'>{23³</span> 
     </span>
     <span class='ocr_line' id='line_1_96' title="bbox 1687 1164 2916 1271; baseline 0.003 -31"><span class='ocrx_word' id='word_1_694' title='bbox 1687 1213 1765 1252; x_wconf 89' lang='grc' dir='ltr'>της</span> <span class='ocrx_word' id='word_1_695' title='bbox 1798 1197 1902 1241; x_wconf 79' lang='grc' dir='ltr'><strong><em>οὔτε</em></strong></span> <span class='ocrx_word' id='word_1_696' title='bbox 1938 1203 1986 1241; x_wconf 84' lang='grc' dir='ltr'><strong><em>ἐκ</em></strong></span> <span class='ocrx_word' id='word_1_697' title='bbox 2014 1202 2090 1254; x_wconf 82' lang='grc' dir='ltr'>τῆς</span> <span class='ocrx_word' id='word_1_698' title='bbox 2114 1164 2353 1245; x_wconf 51' lang='grc' dir='ltr'><strong><em>Ἰουσςίνου</em></strong></span> <span class='ocrx_word' id='word_1_699' title='bbox 2382 1203 2459 1245; x_wconf 78' lang='grc' dir='ltr'>τοῦ</span> <span class='ocrx_word' id='word_1_700' title='bbox 2483 1204 2566 1271; x_wconf 87' lang='grc' dir='ltr'>τῆς</span> <span class='ocrx_word' id='word_1_701' title='bbox 2594 1203 2725 1246; x_wconf 78' lang='grc' dir='ltr'><strong><em>θείας</em></strong></span> <span class='ocrx_word' id='word_1_702' title='bbox 2746 1200 2916 1270; x_wconf 76' lang='grc' dir='ltr'><strong><em>λήξεως</em></strong></span> 
     </span>
     <span class='ocr_line' id='line_1_97' title="bbox 1693 1255 2920 1318; baseline 0 -16"><span class='ocrx_word' id='word_1_703' title='bbox 1693 1257 1937 1310; x_wconf 79' lang='grc' dir='ltr'><strong><em>διατάξεως</em></strong></span> <span class='ocrx_word' id='word_1_704' title='bbox 1948 1260 1985 1286; x_wconf 92' lang='lat'>⁷·</span> <span class='ocrx_word' id='word_1_705' title='bbox 2009 1256 2272 1304; x_wconf 75' lang='grc' dir='ltr'><strong><em>ὑπόκεινται</em></strong></span> <span class='ocrx_word' id='word_1_706' title='bbox 2291 1258 2374 1318; x_wconf 78' lang='grc' dir='ltr'>γὰρ</span> <span class='ocrx_word' id='word_1_707' title='bbox 2391 1256 2614 1318; x_wconf 80' lang='grc' dir='ltr'><strong><em>στούπρου</em></strong></span> <span class='ocrx_word' id='word_1_708' title='bbox 2630 1255 2920 1318; x_wconf 56' lang='grc' dir='ltr'><strong><em>ἐγκλήματιέ·</em></strong></span> 
     </span>
    </p>
   </div>
   <div class='ocr_carea' id='block_1_12' title="bbox 1703 1426 2795 1550">
    <p class='ocr_par' dir='ltr' id='par_1_12' title="bbox 1703 1426 2782 1550">
     <span class='ocr_line' id='line_1_98' title="bbox 2205 1426 2282 1474; baseline 0.013 -1"><span class='ocrx_word' id='word_1_709' title='bbox 2205 1426 2282 1474; x_wconf 84' lang='lat' dir='ltr'>V.⁸</span> 
     </span>
     <span class='ocr_line' id='line_1_99' title="bbox 1703 1507 2795 1550; baseline 0.003 -3"><span class='ocrx_word' id='word_1_710' title='bbox 1703 1509 1779 1548; x_wconf 87' lang='lat' dir='ltr'>DE</span> <span class='ocrx_word' id='word_1_711' title='bbox 1810 1507 2066 1548; x_wconf 84' lang='lat' dir='ltr'>INCESTIS</span> <span class='ocrx_word' id='word_1_712' title='bbox 2096 1508 2170 1548; x_wconf 88' lang='lat' dir='ltr'>ET</span> <span class='ocrx_word' id='word_1_713' title='bbox 2200 1508 2526 1550; x_wconf 84' lang='lat' dir='ltr'>INUTILIBUS</span> <span class='ocrx_word' id='word_1_714' title='bbox 2555 1508 2795 1550; x_wconf 82' lang='lat' dir='ltr'>NUPTIIS.</span> 
     </span>
    </p>
   </div>
   <div class='ocr_carea' id='block_1_13' title="bbox 1577 1583 2920 2371">
    <p class='ocr_par' dir='ltr' id='par_1_13' title="bbox 1579 1583 2918 1748">
     <span class='ocr_line' id='line_1_100' title="bbox 1637 1583 2916 1656; baseline 0.001 -21"><span class='ocrx_word' id='word_1_715' title='bbox 1637 1583 1660 1635; x_wconf 88' lang='lat'>1</span> <span class='ocrx_word' id='word_1_716' title='bbox 1698 1588 1812 1647; x_wconf 86' lang='lat' dir='ltr'>Imp.</span> <span class='ocrx_word' id='word_1_717' title='bbox 1837 1589 2100 1634; x_wconf 80' lang='lat' dir='ltr'>Alexander</span> <span class='ocrx_word' id='word_1_718' title='bbox 2126 1590 2179 1636; x_wconf 85' lang='lat' dir='ltr'>A.</span> <span class='ocrx_word' id='word_1_719' title='bbox 2206 1592 2289 1634; x_wconf 87' lang='lat' dir='ltr'>Am</span> <span class='ocrx_word' id='word_1_720' title='bbox 2282 1589 2487 1656; x_wconf 83' lang='lat' dir='ltr'>phiqeni.</span> <span class='ocrx_word' id='word_1_721' title='bbox 2531 1590 2716 1635; x_wconf 84' lang='lat' dir='ltr'>Liberta</span> <span class='ocrx_word' id='word_1_722' title='bbox 2743 1590 2916 1636; x_wconf 81' lang='lat' dir='ltr'>eadem-</span> 
     </span>
     <span class='ocr_line' id='line_1_101' title="bbox 1579 1605 2918 1701; baseline 0.003 -13"><span class='ocrx_word' id='word_1_723' title='bbox 1579 1659 1664 1701; x_wconf 90' lang='lat' dir='ltr'>que</span> <span class='ocrx_word' id='word_1_724' title='bbox 1692 1659 1806 1690; x_wconf 86' lang='lat' dir='ltr'>uxor</span> <span class='ocrx_word' id='word_1_725' title='bbox 1834 1650 1925 1699; x_wconf 85' lang='lat' dir='ltr'>tua,</span> <span class='ocrx_word' id='word_1_726' title='bbox 1956 1646 1993 1690; x_wconf 86' lang='lat' dir='ltr'>si</span> <span class='ocrx_word' id='word_1_727' title='bbox 2022 1659 2050 1689; x_wconf 89' lang='lat' dir='ltr'>a</span> <span class='ocrx_word' id='word_1_728' title='bbox 2077 1651 2123 1691; x_wconf 82' lang='lat' dir='ltr'>te</span> <span class='ocrx_word' id='word_1_729' title='bbox 2143 1646 2281 1691; x_wconf 88' lang='lat' dir='ltr'>invito</span> <span class='ocrx_word' id='word_1_730' title='bbox 2282 1605 2524 1700; x_wconf 68' lang='lat' dir='ltr'>pdiscessit,</span> <span class='ocrx_word' id='word_1_731' title='bbox 2552 1646 2791 1692; x_wconf 87' lang='lat' dir='ltr'>conubium</span> <span class='ocrx_word' id='word_1_732' title='bbox 2814 1659 2918 1692; x_wconf 82' lang='lat' dir='ltr'>cum</span> 
     </span>
     <span class='ocr_line' id='line_1_102' title="bbox 1579 1702 2878 1754; baseline 0.002 -9"><span class='ocrx_word' id='word_1_733' title='bbox 1579 1702 1665 1746; x_wconf 87' lang='lat' dir='ltr'>alio</span> <span class='ocrx_word' id='word_1_734' title='bbox 1694 1715 1787 1746; x_wconf 89' lang='lat' dir='ltr'>non</span> <span class='ocrx_word' id='word_1_735' title='bbox 1815 1702 1963 1754; x_wconf 84' lang='lat' dir='ltr'>habet,</span> <span class='ocrx_word' id='word_1_736' title='bbox 1994 1702 2032 1746; x_wconf 89' lang='lat' dir='ltr'>si</span> <span class='ocrx_word' id='word_1_737' title='bbox 2059 1702 2190 1746; x_wconf 92' lang='lat' dir='ltr'>modo</span> <span class='ocrx_word' id='word_1_738' title='bbox 2220 1715 2406 1746; x_wconf 86' lang='lat' dir='ltr'>uxorem</span> <span class='ocrx_word' id='word_1_739' title='bbox 2434 1715 2531 1746; x_wconf 86' lang='lat' dir='ltr'>eam</span> <span class='ocrx_word' id='word_1_740' title='bbox 2559 1703 2724 1747; x_wconf 86' lang='lat' dir='ltr'>habere</span> <span class='ocrx_word' id='word_1_741' title='bbox 2751 1702 2878 1748; x_wconf 82' lang='lat' dir='ltr'>velis</span> 
     </span>
    </p>

    <p class='ocr_par' dir='ltr' id='par_1_14' title="bbox 1577 1755 2920 2371">
     <span class='ocr_line' id='line_1_103' title="bbox 1637 1755 2918 1815; baseline 0 -12"><span class='ocrx_word' id='word_1_742' title='bbox 1637 1755 1667 1803; x_wconf 84' lang='lat'><strong>2</strong></span> <span class='ocrx_word' id='word_1_743' title='bbox 1698 1756 1768 1801; x_wconf 87' lang='lat' dir='ltr'>Im</span> <span class='ocrx_word' id='word_1_744' title='bbox 1795 1772 1845 1815; x_wconf 92' lang='lat' dir='ltr'>p.</span> <span class='ocrx_word' id='word_1_745' title='bbox 1864 1757 2175 1801; x_wconf 81' lang='lat' dir='ltr'>Diocletianus</span> <span class='ocrx_word' id='word_1_746' title='bbox 2196 1766 2242 1803; x_wconf 90' lang='lat' dir='ltr'>et</span> <span class='ocrx_word' id='word_1_747' title='bbox 2255 1757 2672 1803; x_wconf 78' lang='lat' dir='ltr'>MaximianusAA</span> <span class='ocrx_word' id='word_1_748' title='bbox 2691 1757 2918 1804; x_wconf 83' lang='lat' dir='ltr'>Sebastia-</span> 
     </span>
     <span class='ocr_line' id='line_1_104' title="bbox 1578 1827 1675 1857; baseline 0.012 -1"><span class='ocrx_word' id='word_1_749' title='bbox 1578 1827 1675 1857; x_wconf 67' lang='lat' dir='ltr'>nae.</span> 
     </span>
     <span class='ocr_line' id='line_1_105' title="bbox 1579 1869 2920 1934; baseline 0.001 -22"><span class='ocrx_word' id='word_1_750' title='bbox 1579 1870 1673 1934; x_wconf 81' lang='lat' dir='ltr'>nis,</span> <span class='ocrx_word' id='word_1_751' title='bbox 1704 1869 1831 1913; x_wconf 86' lang='lat' dir='ltr'>binas</span> <span class='ocrx_word' id='word_1_752' title='bbox 1859 1882 2021 1913; x_wconf 85' lang='lat' dir='ltr'>uxores</span> <span class='ocrx_word' id='word_1_753' title='bbox 2051 1870 2216 1913; x_wconf 87' lang='lat' dir='ltr'>habere</span> <span class='ocrx_word' id='word_1_754' title='bbox 2244 1883 2378 1925; x_wconf 86' lang='lat' dir='ltr'>posse</span> <span class='ocrx_word' id='word_1_755' title='bbox 2407 1870 2536 1925; x_wconf 87' lang='lat' dir='ltr'>vulgo</span> <span class='ocrx_word' id='word_1_756' title='bbox 2565 1875 2704 1926; x_wconf 81' lang='lat' dir='ltr'>patet,</span> <span class='ocrx_word' id='word_1_757' title='bbox 2745 1883 2847 1916; x_wconf 86' lang='lat' dir='ltr'>cum</span> <span class='ocrx_word' id='word_1_758' title='bbox 2873 1875 2920 1915; x_wconf 83' lang='lat' dir='ltr'>et</span> 
     </span>
     <span class='ocr_line' id='line_1_106' title="bbox 1578 1925 2919 1980; baseline 0.001 -12"><span class='ocrx_word' id='word_1_759' title='bbox 1578 1926 1622 1969; x_wconf 90' lang='lat' dir='ltr'>in</span> <span class='ocrx_word' id='word_1_760' title='bbox 1669 1925 1810 1969; x_wconf 85' lang='lat' dir='ltr'>edicto</span> <span class='ocrx_word' id='word_1_761' title='bbox 1855 1925 2074 1980; x_wconf 84' lang='lat' dir='ltr'>praetoris</span> <span class='ocrx_word' id='word_1_762' title='bbox 2118 1925 2373 1969; x_wconf 88' lang='lat' dir='ltr'>huiusmodi</span> <span class='ocrx_word' id='word_1_763' title='bbox 2411 1926 2492 1969; x_wconf 88' lang='lat' dir='ltr'>viri</span> <span class='ocrx_word' id='word_1_764' title='bbox 2540 1926 2723 1970; x_wconf 84' lang='lat' dir='ltr'>infamia</span> <span class='ocrx_word' id='word_1_765' title='bbox 2774 1926 2919 1971; x_wconf 82' lang='lat' dir='ltr'>notati</span> 
     </span>
     <span class='ocr_line' id='line_1_107' title="bbox 1579 1981 2919 2045; baseline 0.001 -21"><span class='ocrx_word' id='word_1_766' title='bbox 1579 1982 1679 2025; x_wconf 86' lang='lat' dir='ltr'>sint.</span> <span class='ocrx_word' id='word_1_767' title='bbox 1741 1994 1873 2036; x_wconf 87' lang='lat' dir='ltr'>quam</span> <span class='ocrx_word' id='word_1_768' title='bbox 1910 1994 2004 2025; x_wconf 87' lang='lat' dir='ltr'>rem</span> <span class='ocrx_word' id='word_1_769' title='bbox 2041 1986 2296 2045; x_wconf 82' lang='lat' dir='ltr'>competens</span> <span class='ocrx_word' id='word_1_770' title='bbox 2324 1981 2460 2025; x_wconf 86' lang='lat' dir='ltr'>iudex</span> <span class='ocrx_word' id='word_1_771' title='bbox 2487 1982 2674 2026; x_wconf 83' lang='lat' dir='ltr'>inultam</span> <span class='ocrx_word' id='word_1_772' title='bbox 2702 1994 2800 2027; x_wconf 84' lang='lat' dir='ltr'>esse</span> <span class='ocrx_word' id='word_1_773' title='bbox 2828 1995 2919 2027; x_wconf 91' lang='lat' dir='ltr'>non</span> 
     </span>
     <span class='ocr_line' id='line_1_108' title="bbox 1610 2035 2919 2082; baseline 0 -2"><span class='ocrx_word' id='word_1_774' title='bbox 1610 2035 2071 2081; x_wconf 81' lang='lat' dir='ltr'>atietur.PP.111</span> <span class='ocrx_word' id='word_1_775' title='bbox 2109 2037 2168 2081; x_wconf 87' lang='lat' dir='ltr'>id.</span> <span class='ocrx_word' id='word_1_776' title='bbox 2213 2036 2319 2081; x_wconf 87' lang='lat' dir='ltr'>Dec.</span> <span class='ocrx_word' id='word_1_777' title='bbox 2361 2036 2646 2081; x_wconf 87' lang='lat' dir='ltr'>Diocletiano</span> <span class='ocrx_word' id='word_1_778' title='bbox 2690 2039 2742 2082; x_wconf 87' lang='lat' dir='ltr'>A.</span> <span class='ocrx_word' id='word_1_779' title='bbox 2787 2049 2834 2081; x_wconf 81' lang='lat'>11</span> <span class='ocrx_word' id='word_1_780' title='bbox 2874 2043 2919 2082; x_wconf 87' lang='lat' dir='ltr'>et</span> 
     </span>
     <span class='ocr_line' id='line_1_109' title="bbox 1577 2092 2916 2146; baseline 0.001 -10"><span class='ocrx_word' id='word_1_781' title='bbox 1577 2092 1838 2137; x_wconf 84' lang='lat' dir='ltr'>Aristobulo</span> <span class='ocrx_word' id='word_1_782' title='bbox 1869 2106 2013 2137; x_wconf 85' lang='lat' dir='ltr'>conss.</span> <span class='ocrx_word' id='word_1_783' title='bbox 2730 2098 2788 2146; x_wconf 87' lang='lat' dir='ltr'>[a.</span> <span class='ocrx_word' id='word_1_784' title='bbox 2818 2095 2916 2144; x_wconf 84' lang='lat'>285]</span> 
     </span>
     <span class='ocr_line' id='line_1_110' title="bbox 1634 2146 2917 2206; baseline -0.002 -12"><span class='ocrx_word' id='word_1_785' title='bbox 1634 2146 1664 2195; x_wconf 88' lang='lat'><strong>3</strong></span> <span class='ocrx_word' id='word_1_786' title='bbox 1701 2147 1852 2206; x_wconf 88' lang='lat' dir='ltr'>¹⁰Imp.</span> <span class='ocrx_word' id='word_1_787' title='bbox 1887 2147 2208 2192; x_wconf 87' lang='lat' dir='ltr'>Constantinus</span> <span class='ocrx_word' id='word_1_788' title='bbox 2235 2149 2287 2192; x_wconf 95' lang='lat' dir='ltr'>A.</span> <span class='ocrx_word' id='word_1_789' title='bbox 2318 2147 2550 2192; x_wconf 83' lang='lat' dir='ltr'>Patroclo.</span> <span class='ocrx_word' id='word_1_790' title='bbox 2605 2148 2716 2192; x_wconf 89' lang='lat' dir='ltr'>Cum</span> <span class='ocrx_word' id='word_1_791' title='bbox 2744 2147 2917 2192; x_wconf 82' lang='lat' dir='ltr'>ancillis</span> 
     </span>
     <span class='ocr_line' id='line_1_111' title="bbox 1578 2203 2917 2269; baseline 0.002 -23"><span class='ocrx_word' id='word_1_792' title='bbox 1578 2217 1666 2248; x_wconf 91' lang='lat' dir='ltr'>non</span> <span class='ocrx_word' id='word_1_793' title='bbox 1695 2209 1843 2259; x_wconf 84' lang='lat' dir='ltr'>potest</span> <span class='ocrx_word' id='word_1_794' title='bbox 1871 2216 1968 2248; x_wconf 89' lang='grc'>8888</span> <span class='ocrx_word' id='word_1_795' title='bbox 2000 2204 2260 2248; x_wconf 86' lang='lat' dir='ltr'>conubium:</span> <span class='ocrx_word' id='word_1_796' title='bbox 2302 2216 2404 2247; x_wconf 90' lang='lat' dir='ltr'>nam</span> <span class='ocrx_word' id='word_1_797' title='bbox 2444 2216 2497 2247; x_wconf 82' lang='lat' dir='ltr'>ex</span> <span class='ocrx_word' id='word_1_798' title='bbox 2532 2203 2785 2269; x_wconf 83' lang='lat' dir='ltr'>huiusmodi</span> <span class='ocrx_word' id='word_1_799' title='bbox 2815 2216 2917 2248; x_wconf 86' lang='lat' dir='ltr'>con-</span> 
     </span>
     <span class='ocr_line' id='line_1_112' title="bbox 1582 2258 2919 2324; baseline 0 -22"><span class='ocrx_word' id='word_1_800' title='bbox 1582 2264 1599 2302; x_wconf 92' lang='lat'>1</span> <span class='ocrx_word' id='word_1_801' title='bbox 1647 2260 1852 2303; x_wconf 82' lang='lat' dir='ltr'>tubernio</span> <span class='ocrx_word' id='word_1_802' title='bbox 1876 2259 1992 2302; x_wconf 90' lang='lat' dir='ltr'>servi</span> <span class='ocrx_word' id='word_1_803' title='bbox 2014 2264 2271 2303; x_wconf 84' lang='lat' dir='ltr'>nascuntur.</span> <span class='ocrx_word' id='word_1_804' title='bbox 2316 2258 2510 2324; x_wconf 87' lang='lat' dir='ltr'>Ideoque</span> <span class='ocrx_word' id='word_1_805' title='bbox 2531 2259 2844 2314; x_wconf 82' lang='lat' dir='ltr'>praecipimus,</span> <span class='ocrx_word' id='word_1_806' title='bbox 2860 2272 2919 2303; x_wconf 88' lang='lat' dir='ltr'>ne</span> 
     </span>
     <span class='ocr_line' id='line_1_113' title="bbox 1577 2314 2917 2371; baseline 0 -13"><span class='ocrx_word' id='word_1_807' title='bbox 1577 2315 1836 2359; x_wconf 83' lang='lat' dir='ltr'>decuriones</span> <span class='ocrx_word' id='word_1_808' title='bbox 1865 2315 1912 2358; x_wconf 90' lang='lat' dir='ltr'>in</span> <span class='ocrx_word' id='word_1_809' title='bbox 1940 2316 2104 2369; x_wconf 88' lang='lat' dir='ltr'>gremia</span> <span class='ocrx_word' id='word_1_810' title='bbox 2128 2314 2534 2371; x_wconf 82' lang='lat' dir='ltr'>potentissimarum</span> <span class='ocrx_word' id='word_1_811' title='bbox 2563 2314 2791 2359; x_wconf 90' lang='lat' dir='ltr'>domorum</span> <span class='ocrx_word' id='word_1_812' title='bbox 2818 2314 2917 2360; x_wconf 88' lang='lat' dir='ltr'>libi-</span> 
     </span>
    </p>
   </div>
   <div class='ocr_carea' id='block_1_14' title="bbox 1568 2451 2915 3458">
    <p class='ocr_par' dir='ltr' id='par_1_15' title="bbox 1568 2451 2915 3458">
     <span class='ocr_line' id='line_1_114' title="bbox 1576 2451 2913 2506; baseline -0.002 -12"><span class='ocrx_word' id='word_1_813' title='bbox 1576 2469 1600 2494; x_wconf 89' lang='lat' dir='ltr'>a</span> <span class='ocrx_word' id='word_1_814' title='bbox 1635 2453 1802 2494; x_wconf 83' lang='lat' dir='ltr'>Cuiacio</span> <span class='ocrx_word' id='word_1_815' title='bbox 1835 2455 1967 2506; x_wconf 86' lang='lat' dir='ltr'>primo</span> <span class='ocrx_word' id='word_1_816' title='bbox 2000 2453 2144 2492; x_wconf 88' lang='lat' dir='ltr'>editam</span> <span class='ocrx_word' id='word_1_817' title='bbox 2186 2453 2225 2492; x_wconf 87' lang='lat' dir='ltr'>in</span> <span class='ocrx_word' id='word_1_818' title='bbox 2265 2453 2607 2493; x_wconf 85' lang='lat' dir='ltr'>observationibus</span> <span class='ocrx_word' id='word_1_819' title='bbox 2642 2455 2742 2503; x_wconf 87' lang='grc'>1,11</span> <span class='ocrx_word' id='word_1_820' title='bbox 2783 2451 2913 2492; x_wconf 81' lang='lat' dir='ltr'>hanc:</span> 
     </span>
     <span class='ocr_line' id='line_1_115' title="bbox 1573 2506 2909 2562; baseline -0.002 -12"><span class='ocrx_word' id='word_1_821' title='bbox 1573 2509 1677 2562; x_wconf 67' lang='grc'>11119.</span> <span class='ocrx_word' id='word_1_822' title='bbox 1696 2508 1821 2549; x_wconf 86' lang='lat' dir='ltr'>Gord.</span> <span class='ocrx_word' id='word_1_823' title='bbox 1839 2511 1887 2550; x_wconf 89' lang='lat' dir='ltr'>A.</span> <span class='ocrx_word' id='word_1_824' title='bbox 1910 2506 2195 2549; x_wconf 83' lang='lat' dir='ltr'>rationalibus.</span> <span class='ocrx_word' id='word_1_825' title='bbox 2256 2507 2523 2548; x_wconf 81' lang='lat' dir='ltr'>Manifestum</span> <span class='ocrx_word' id='word_1_826' title='bbox 2544 2511 2604 2549; x_wconf 81' lang='lat' dir='ltr'>est</span> <span class='ocrx_word' id='word_1_827' title='bbox 2632 2506 2792 2560; x_wconf 77' lang='lat' dir='ltr'>nuptiis</span> <span class='ocrx_word' id='word_1_828' title='bbox 2815 2518 2909 2548; x_wconf 84' lang='grc'>0011-</span> 
     </span>
     <span class='ocr_line' id='line_1_116' title="bbox 1577 2562 2909 2616; baseline -0.001 -12"><span class='ocrx_word' id='word_1_829' title='bbox 1577 2569 1638 2606; x_wconf 76' lang='lat' dir='ltr'>tra</span> <span class='ocrx_word' id='word_1_830' title='bbox 1666 2565 1858 2605; x_wconf 83' lang='lat' dir='ltr'>mandata</span> <span class='ocrx_word' id='word_1_831' title='bbox 1888 2563 2110 2604; x_wconf 82' lang='lat' dir='ltr'>contractis</span> <span class='ocrx_word' id='word_1_832' title='bbox 2140 2563 2297 2614; x_wconf 83' lang='lat' dir='ltr'>dotem,</span> <span class='ocrx_word' id='word_1_833' title='bbox 2335 2576 2440 2616; x_wconf 86' lang='lat' dir='ltr'>quae</span> <span class='ocrx_word' id='word_1_834' title='bbox 2479 2564 2574 2604; x_wconf 87' lang='lat' dir='ltr'>data</span> <span class='ocrx_word' id='word_1_835' title='bbox 2610 2562 2687 2604; x_wconf 87' lang='grc'>1110</span> <span class='ocrx_word' id='word_1_836' title='bbox 2714 2565 2909 2616; x_wconf 81' lang='lat' dir='ltr'>tempore,</span> 
     </span>
     <span class='ocr_line' id='line_1_117' title="bbox 1575 2595 2910 2673; baseline -0.001 -12"><span class='ocrx_word' id='word_1_837' title='bbox 1575 2635 1668 2662; x_wconf 91' lang='lat' dir='ltr'>cum</span> <span class='ocrx_word' id='word_1_838' title='bbox 1697 2621 1887 2661; x_wconf 78' lang='lat' dir='ltr'>traducta</span> <span class='ocrx_word' id='word_1_839' title='bbox 1909 2623 1982 2672; x_wconf 87' lang='lat' dir='ltr'>est,</span> <span class='ocrx_word' id='word_1_840' title='bbox 2013 2619 2222 2671; x_wconf 83' lang='lat' dir='ltr'>(mandata</span> <span class='ocrx_word' id='word_1_841' title='bbox 2243 2595 2320 2661; x_wconf 89' lang='grc'>1110</span> <span class='ocrx_word' id='word_1_842' title='bbox 2343 2623 2525 2673; x_wconf 85' lang='lat' dir='ltr'>tempore</span> <span class='ocrx_word' id='word_1_843' title='bbox 2546 2619 2769 2661; x_wconf 74' lang='lat' dir='ltr'>contractis</span> <span class='ocrx_word' id='word_1_844' title='bbox 2794 2619 2910 2660; x_wconf 85' lang='lat' dir='ltr'>omis-</span> 
     </span>
     <span class='ocr_line' id='line_1_118' title="bbox 1575 2676 2910 2731; baseline -0.002 -13"><span class='ocrx_word' id='word_1_845' title='bbox 1575 2680 1630 2718; x_wconf 82' lang='lat' dir='ltr'>sis</span> <span class='ocrx_word' id='word_1_846' title='bbox 1655 2677 1792 2717; x_wconf 87' lang='lat' dir='ltr'>dotem</span> <span class='ocrx_word' id='word_1_847' title='bbox 1807 2689 1846 2728; x_wconf 90' lang='lat' dir='ltr'>q.</span> <span class='ocrx_word' id='word_1_848' title='bbox 1865 2676 1960 2716; x_wconf 88' lang='lat' dir='ltr'>data</span> <span class='ocrx_word' id='word_1_849' title='bbox 1975 2685 2121 2717; x_wconf 83' lang='lat' dir='ltr'>etcum</span> <span class='ocrx_word' id='word_1_850' title='bbox 2145 2679 2197 2717; x_wconf 91' lang='lat' dir='ltr'>tr.</span> <span class='ocrx_word' id='word_1_851' title='bbox 2215 2678 2276 2716; x_wconf 81' lang='lat' dir='ltr'>est</span> <span class='ocrx_word' id='word_1_852' title='bbox 2301 2677 2397 2717; x_wconf 87' lang='lat' dir='ltr'>libri</span> <span class='ocrx_word' id='word_1_853' title='bbox 2410 2676 2673 2731; x_wconf 79' lang='lat' dir='ltr'>mei)fuerat,</span> <span class='ocrx_word' id='word_1_854' title='bbox 2688 2676 2806 2716; x_wconf 77' lang='lat' dir='ltr'>iuxta</span> <span class='ocrx_word' id='word_1_855' title='bbox 2818 2687 2910 2716; x_wconf 81' lang='grc'>8811-</span> 
     </span>
     <span class='ocr_line' id='line_1_119' title="bbox 1577 2731 2912 2784; baseline 0 -12"><span class='ocrx_word' id='word_1_856' title='bbox 1577 2734 1745 2773; x_wconf 77' lang='lat' dir='ltr'>tentiam</span> <span class='ocrx_word' id='word_1_857' title='bbox 1768 2732 1854 2772; x_wconf 84' lang='lat' dir='ltr'>divi</span> <span class='ocrx_word' id='word_1_858' title='bbox 1875 2732 2014 2772; x_wconf 86' lang='lat' dir='ltr'>Severi</span> <span class='ocrx_word' id='word_1_859' title='bbox 2034 2731 2126 2772; x_wconf 89' lang='lat' dir='ltr'>fieri</span> <span class='ocrx_word' id='word_1_860' title='bbox 2150 2731 2345 2772; x_wconf 87' lang='lat' dir='ltr'>caducam</span> <span class='ocrx_word' id='word_1_861' title='bbox 2373 2745 2462 2783; x_wconf 89' lang='lat' dir='ltr'>nec,</span> <span class='ocrx_word' id='word_1_862' title='bbox 2492 2733 2528 2772; x_wconf 86' lang='lat' dir='ltr'>si</span> <span class='ocrx_word' id='word_1_863' title='bbox 2549 2744 2748 2773; x_wconf 83' lang='lat' dir='ltr'>consensu</span> <span class='ocrx_word' id='word_1_864' title='bbox 2770 2732 2912 2784; x_wconf 64' lang='lat' dir='ltr'>postea</span> 
     </span>
     <span class='ocr_line' id='line_1_120' title="bbox 1576 2787 2911 2840; baseline -0.001 -11"><span class='ocrx_word' id='word_1_865' title='bbox 1576 2789 1751 2840; x_wconf 87' lang='lat' dir='ltr'>coepisse</span> <span class='ocrx_word' id='word_1_866' title='bbox 1766 2788 1957 2828; x_wconf 85' lang='lat' dir='ltr'>videatur</span> <span class='ocrx_word' id='word_1_867' title='bbox 1979 2787 2304 2839; x_wconf 84' lang='lat' dir='ltr'>matrimonium,</span> <span class='ocrx_word' id='word_1_868' title='bbox 2334 2788 2379 2827; x_wconf 87' lang='lat' dir='ltr'>in</span> <span class='ocrx_word' id='word_1_869' title='bbox 2399 2788 2669 2840; x_wconf 81' lang='lat' dir='ltr'>praeteritum</span> <span class='ocrx_word' id='word_1_870' title='bbox 2697 2787 2911 2828; x_wconf 77' lang='lat' dir='ltr'>commisso</span> 
     </span>
     <span class='ocr_line' id='line_1_121' title="bbox 1575 2842 2911 2896; baseline 0 -12"><span class='ocrx_word' id='word_1_871' title='bbox 1575 2845 1677 2884; x_wconf 82' lang='lat' dir='ltr'>vitio</span> <span class='ocrx_word' id='word_1_872' title='bbox 1715 2844 1853 2896; x_wconf 86' lang='lat' dir='ltr'>potuit</span> <span class='ocrx_word' id='word_1_873' title='bbox 1881 2843 2050 2884; x_wconf 88' lang='lat' dir='ltr'>mederi.</span> <span class='ocrx_word' id='word_1_874' title='bbox 2107 2843 2158 2883; x_wconf 91' lang='lat' dir='ltr'>D.</span> <span class='ocrx_word' id='word_1_875' title='bbox 2188 2844 2228 2884; x_wconf 84' lang='lat' dir='ltr'>k.</span> <span class='ocrx_word' id='word_1_876' title='bbox 2260 2843 2391 2896; x_wconf 87' lang='lat' dir='ltr'>April.</span> <span class='ocrx_word' id='word_1_877' title='bbox 2424 2844 2670 2884; x_wconf 86' lang='lat' dir='ltr'>Antiochiae</span> <span class='ocrx_word' id='word_1_878' title='bbox 2700 2842 2911 2884; x_wconf 77' lang='lat' dir='ltr'>Gordiano</span> 
     </span>
     <span class='ocr_line' id='line_1_122' title="bbox 1577 2899 2910 2965; baseline 0.001 -26.005"><span class='ocrx_word' id='word_1_879' title='bbox 1577 2904 1622 2941; x_wconf 92' lang='lat' dir='ltr'>A.</span> <span class='ocrx_word' id='word_1_880' title='bbox 1656 2903 1697 2940; x_wconf 88' lang='lat' dir='ltr'>et</span> <span class='ocrx_word' id='word_1_881' title='bbox 1726 2899 1875 2940; x_wconf 86' lang='lat' dir='ltr'>Aviola</span> <span class='ocrx_word' id='word_1_882' title='bbox 1904 2912 2031 2940; x_wconf 79' lang='lat' dir='ltr'>conss,</span> <span class='ocrx_word' id='word_1_883' title='bbox 2062 2899 2118 2951; x_wconf 88' lang='lat' dir='ltr'>(a.</span> <span class='ocrx_word' id='word_1_884' title='bbox 2151 2903 2248 2950; x_wconf 86' lang='lat'>239).</span> <span class='ocrx_word' id='word_1_885' title='bbox 2299 2900 2462 2940; x_wconf 87' lang='lat' dir='ltr'>Cuiacio</span> <span class='ocrx_word' id='word_1_886' title='bbox 2494 2900 2702 2965; x_wconf 83' lang='lat' dir='ltr'>epistulam</span> <span class='ocrx_word' id='word_1_887' title='bbox 2733 2914 2782 2940; x_wconf 86' lang='lat' dir='ltr'>ex</span> <span class='ocrx_word' id='word_1_888' title='bbox 2810 2899 2910 2940; x_wconf 81' lang='lat' dir='ltr'>libro</span> 
     </span>
     <span class='ocr_line' id='line_1_123' title="bbox 1576 2954 2911 3009; baseline 0.001 -13"><span class='ocrx_word' id='word_1_889' title='bbox 1576 2958 1707 3009; x_wconf 82' lang='lat' dir='ltr'>patris</span> <span class='ocrx_word' id='word_1_890' title='bbox 1728 2958 1794 2997; x_wconf 87' lang='lat' dir='ltr'>sui</span> <span class='ocrx_word' id='word_1_891' title='bbox 1808 2957 2137 3008; x_wconf 85' lang='lat' dir='ltr'>suppeditaverat</span> <span class='ocrx_word' id='word_1_892' title='bbox 2159 2954 2208 2997; x_wconf 92' lang='lat' dir='ltr'>P.</span> <span class='ocrx_word' id='word_1_893' title='bbox 2229 2955 2430 2996; x_wconf 78' lang='lat' dir='ltr'>Pithoeus.</span> <span class='ocrx_word' id='word_1_894' title='bbox 2465 2957 2538 3008; x_wconf 83' lang='lat' dir='ltr'>qui</span> <span class='ocrx_word' id='word_1_895' title='bbox 2556 2956 2657 2997; x_wconf 86' lang='lat' dir='ltr'>liber</span> <span class='ocrx_word' id='word_1_896' title='bbox 2674 2969 2765 2997; x_wconf 82' lang='lat' dir='ltr'>num</span> <span class='ocrx_word' id='word_1_897' title='bbox 2790 2955 2911 2998; x_wconf 80' lang='lat' dir='ltr'>Codi-</span> 
     </span>
     <span class='ocr_line' id='line_1_124' title="bbox 1576 3011 2910 3078; baseline -0.001 -25"><span class='ocrx_word' id='word_1_898' title='bbox 1576 3013 1631 3054; x_wconf 86' lang='lat' dir='ltr'>cis</span> <span class='ocrx_word' id='word_1_899' title='bbox 1647 3011 1870 3052; x_wconf 85' lang='lat' dir='ltr'>Iustiniani</span> <span class='ocrx_word' id='word_1_900' title='bbox 1886 3013 2021 3064; x_wconf 73' lang='lat' dir='ltr'>fiterit</span> <span class='ocrx_word' id='word_1_901' title='bbox 2050 3026 2102 3051; x_wconf 87' lang='lat' dir='ltr'>an</span> <span class='ocrx_word' id='word_1_902' title='bbox 2121 3012 2307 3065; x_wconf 86' lang='lat' dir='ltr'>fortasse</span> <span class='ocrx_word' id='word_1_903' title='bbox 2333 3012 2431 3065; x_wconf 78' lang='lat' dir='ltr'>leqis</span> <span class='ocrx_word' id='word_1_904' title='bbox 2446 3011 2660 3053; x_wconf 87' lang='lat' dir='ltr'>Romanae</span> <span class='ocrx_word' id='word_1_905' title='bbox 2684 3011 2910 3078; x_wconf 73' lang='lat' dir='ltr'>Visiqotho-</span> 
     </span>
     <span class='ocr_line' id='line_1_125' title="bbox 1574 3067 2911 3121; baseline -0.001 -11.999"><span class='ocrx_word' id='word_1_906' title='bbox 1574 3083 1682 3119; x_wconf 83' lang='lat' dir='ltr'>rum,</span> <span class='ocrx_word' id='word_1_907' title='bbox 1714 3082 1792 3108; x_wconf 88' lang='lat' dir='ltr'>non</span> <span class='ocrx_word' id='word_1_908' title='bbox 1824 3068 1971 3120; x_wconf 87' lang='lat' dir='ltr'>liquet:</span> <span class='ocrx_word' id='word_1_909' title='bbox 2016 3067 2207 3108; x_wconf 80' lang='lat' dir='ltr'>Guiacius</span> <span class='ocrx_word' id='word_1_910' title='bbox 2231 3068 2332 3108; x_wconf 86' lang='lat' dir='ltr'>enim</span> <span class='ocrx_word' id='word_1_911' title='bbox 2357 3076 2501 3121; x_wconf 85' lang='lat' dir='ltr'>postea</span> <span class='ocrx_word' id='word_1_912' title='bbox 2536 3070 2591 3118; x_wconf 90' lang='lat' dir='ltr'>(a.</span> <span class='ocrx_word' id='word_1_913' title='bbox 2622 3068 2724 3120; x_wconf 83' lang='lat'><strong>1586)</strong></span> <span class='ocrx_word' id='word_1_914' title='bbox 2754 3082 2840 3109; x_wconf 88' lang='lat' dir='ltr'>eam</span> <span class='ocrx_word' id='word_1_915' title='bbox 2868 3068 2911 3109; x_wconf 84' lang='lat' dir='ltr'>in</span> 
     </span>
     <span class='ocr_line' id='line_1_126' title="bbox 1577 3123 2912 3178; baseline 0.001 -14"><span class='ocrx_word' id='word_1_916' title='bbox 1577 3125 1834 3178; x_wconf 84' lang='lat' dir='ltr'>appendicem</span> <span class='ocrx_word' id='word_1_917' title='bbox 1861 3123 2108 3177; x_wconf 80' lang='lat' dir='ltr'>Greqoriani</span> <span class='ocrx_word' id='word_1_918' title='bbox 2127 3124 2276 3164; x_wconf 82' lang='lat' dir='ltr'>codicis</span> <span class='ocrx_word' id='word_1_919' title='bbox 2305 3124 2469 3165; x_wconf 84' lang='lat' dir='ltr'>contulit</span> <span class='ocrx_word' id='word_1_920' title='bbox 2490 3133 2528 3164; x_wconf 90' lang='lat' dir='ltr'>et</span> <span class='ocrx_word' id='word_1_921' title='bbox 2556 3125 2707 3165; x_wconf 88' lang='lat' dir='ltr'>demum</span> <span class='ocrx_word' id='word_1_922' title='bbox 2737 3124 2779 3165; x_wconf 84' lang='lat' dir='ltr'>in</span> <span class='ocrx_word' id='word_1_923' title='bbox 2808 3124 2912 3165; x_wconf 74' lang='lat' dir='ltr'>notis</span> 
     </span>
     <span class='ocr_line' id='line_1_127' title="bbox 1575 3178 2914 3234; baseline -0.001 -13"><span class='ocrx_word' id='word_1_924' title='bbox 1575 3181 1634 3221; x_wconf 86' lang='lat' dir='ltr'>ad</span> <span class='ocrx_word' id='word_1_925' title='bbox 1668 3180 1847 3221; x_wconf 85' lang='lat' dir='ltr'>Codicem</span> <span class='ocrx_word' id='word_1_926' title='bbox 1887 3179 2156 3220; x_wconf 88' lang='lat' dir='ltr'>Iustinianum</span> <span class='ocrx_word' id='word_1_927' title='bbox 2186 3180 2348 3233; x_wconf 86' lang='lat' dir='ltr'>seriptis</span> <span class='ocrx_word' id='word_1_928' title='bbox 2385 3180 2464 3230; x_wconf 87' lang='lat' dir='ltr'>(ed.</span> <span class='ocrx_word' id='word_1_929' title='bbox 2495 3180 2668 3221; x_wconf 72' lang='lat' dir='ltr'>Fabroti</span> <span class='ocrx_word' id='word_1_930' title='bbox 2693 3178 2914 3234; x_wconf 69' lang='lat' dir='ltr'>Appendix</span> 
     </span>
     <span class='ocr_line' id='line_1_128' title="bbox 1568 3235 2913 3292; baseline -0.001 -14"><span class='ocrx_word' id='word_1_931' title='bbox 1568 3252 1616 3292; x_wconf 84' lang='lat' dir='ltr'>p.</span> <span class='ocrx_word' id='word_1_932' title='bbox 1641 3235 1727 3286; x_wconf 82' lang='lat'>384)</span> <span class='ocrx_word' id='word_1_933' title='bbox 1751 3243 1846 3288; x_wconf 87' lang='lat' dir='ltr'>post</span> <span class='ocrx_word' id='word_1_934' title='bbox 1875 3237 1914 3286; x_wconf 87' lang='lat'>5,</span> <span class='ocrx_word' id='word_1_935' title='bbox 1945 3245 1978 3286; x_wconf 85' lang='lat'>5,</span> <span class='ocrx_word' id='word_1_936' title='bbox 2009 3243 2031 3277; x_wconf 87' lang='grc'><strong>6</strong></span> <span class='ocrx_word' id='word_1_937' title='bbox 2057 3236 2183 3276; x_wconf 83' lang='lat' dir='ltr'>inseri</span> <span class='ocrx_word' id='word_1_938' title='bbox 2209 3236 2337 3287; x_wconf 77' lang='lat' dir='ltr'>iussit,</span> <span class='ocrx_word' id='word_1_939' title='bbox 2367 3237 2453 3289; x_wconf 85' lang='lat' dir='ltr'>ipse</span> <span class='ocrx_word' id='word_1_940' title='bbox 2481 3250 2574 3277; x_wconf 89' lang='lat' dir='ltr'>vero</span> <span class='ocrx_word' id='word_1_941' title='bbox 2604 3235 2798 3278; x_wconf 78' lang='lat' dir='ltr'>Pithoeus</span> <span class='ocrx_word' id='word_1_942' title='bbox 2826 3248 2913 3277; x_wconf 83' lang='lat' dir='ltr'>eam</span> 
     </span>
     <span class='ocr_line' id='line_1_129' title="bbox 1578 3289 2915 3346; baseline 0 -14"><span class='ocrx_word' id='word_1_943' title='bbox 1578 3294 1616 3333; x_wconf 87' lang='lat' dir='ltr'>in</span> <span class='ocrx_word' id='word_1_944' title='bbox 1647 3291 1823 3344; x_wconf 82' lang='lat' dir='ltr'>exemplo</span> <span class='ocrx_word' id='word_1_945' title='bbox 1849 3291 2098 3345; x_wconf 77' lang='lat' dir='ltr'>Greyoriani</span> <span class='ocrx_word' id='word_1_946' title='bbox 2130 3291 2289 3332; x_wconf 84' lang='lat' dir='ltr'>Codicis</span> <span class='ocrx_word' id='word_1_947' title='bbox 2319 3292 2539 3346; x_wconf 74' lang='lat' dir='ltr'>adscripsit</span> <span class='ocrx_word' id='word_1_948' title='bbox 2566 3292 2637 3346; x_wconf 87' lang='lat' dir='ltr'>(cf</span> <span class='ocrx_word' id='word_1_949' title='bbox 2666 3289 2830 3333; x_wconf 76' lang='lat' dir='ltr'>Haenel</span> <span class='ocrx_word' id='word_1_950' title='bbox 2857 3291 2915 3332; x_wconf 86' lang='lat' dir='ltr'>ad</span> 
     </span>
     <span class='ocr_line' id='line_1_130' title="bbox 1582 3347 2913 3402; baseline -0.001 -13"><span class='ocrx_word' id='word_1_951' title='bbox 1582 3347 1702 3402; x_wconf 82' lang='lat' dir='ltr'>Greq.</span> <span class='ocrx_word' id='word_1_952' title='bbox 1733 3347 1883 3398; x_wconf 85' lang='lat' dir='ltr'>C&#39;od.5‚</span> <span class='ocrx_word' id='word_1_953' title='bbox 1905 3350 1951 3396; x_wconf 92' lang='lat'>1).</span> <span class='ocrx_word' id='word_1_954' title='bbox 2010 3347 2236 3388; x_wconf 85' lang='lat' dir='ltr'>Iustiniani</span> <span class='ocrx_word' id='word_1_955' title='bbox 2262 3356 2390 3389; x_wconf 88' lang='lat' dir='ltr'>autem</span> <span class='ocrx_word' id='word_1_956' title='bbox 2420 3347 2580 3390; x_wconf 84' lang='lat' dir='ltr'>Codicis</span> <span class='ocrx_word' id='word_1_957' title='bbox 2610 3363 2695 3390; x_wconf 90' lang='lat' dir='ltr'>eam</span> <span class='ocrx_word' id='word_1_958' title='bbox 2725 3361 2804 3389; x_wconf 82' lang='lat' dir='ltr'>non</span> <span class='ocrx_word' id='word_1_959' title='bbox 2829 3360 2913 3390; x_wconf 75' lang='lat' dir='ltr'>esse</span> 
     </span>
     <span class='ocr_line' id='line_1_131' title="bbox 1576 3402 2911 3458; baseline 0 -14"><span class='ocrx_word' id='word_1_960' title='bbox 1576 3412 1654 3445; x_wconf 86' lang='lat' dir='ltr'>tam</span> <span class='ocrx_word' id='word_1_961' title='bbox 1685 3418 1734 3444; x_wconf 81' lang='lat' dir='ltr'>ex</span> <span class='ocrx_word' id='word_1_962' title='bbox 1761 3402 1933 3444; x_wconf 82' lang='lat' dir='ltr'>Graecis</span> <span class='ocrx_word' id='word_1_963' title='bbox 1963 3418 2082 3457; x_wconf 88' lang='lat' dir='ltr'>quam</span> <span class='ocrx_word' id='word_1_964' title='bbox 2113 3418 2160 3444; x_wconf 73' lang='lat' dir='ltr'>ex</span> <span class='ocrx_word' id='word_1_965' title='bbox 2191 3404 2304 3444; x_wconf 81' lang='lat' dir='ltr'>libris</span> <span class='ocrx_word' id='word_1_966' title='bbox 2335 3405 2483 3445; x_wconf 83' lang='lat' dir='ltr'>nostris</span> <span class='ocrx_word' id='word_1_967' title='bbox 2513 3412 2698 3458; x_wconf 85' lang='lat' dir='ltr'>apparet,</span> <span class='ocrx_word' id='word_1_968' title='bbox 2727 3404 2801 3458; x_wconf 82' lang='lat' dir='ltr'>qui</span> <span class='ocrx_word' id='word_1_969' title='bbox 2827 3417 2911 3445; x_wconf 83' lang='lat' dir='ltr'>eam</span> 
     </span>
    </p>
   </div>
   <div class='ocr_carea' id='block_1_15' title="bbox 1573 3460 2912 3568">
    <p class='ocr_par' dir='ltr' id='par_1_16' title="bbox 1573 3460 2912 3568">
     <span class='ocr_line' id='line_1_132' title="bbox 1576 3460 2912 3512; baseline 0 -12"><span class='ocrx_word' id='word_1_970' title='bbox 1576 3469 1619 3500; x_wconf 86' lang='lat' dir='ltr'>ut</span> <span class='ocrx_word' id='word_1_971' title='bbox 1646 3460 1828 3512; x_wconf 87' lang='lat' dir='ltr'>spuriam</span> <span class='ocrx_word' id='word_1_972' title='bbox 1855 3468 1927 3500; x_wconf 88' lang='lat' dir='ltr'>aut</span> <span class='ocrx_word' id='word_1_973' title='bbox 1955 3468 2096 3500; x_wconf 85' lang='lat' dir='ltr'>notant</span> <span class='ocrx_word' id='word_1_974' title='bbox 2125 3468 2196 3500; x_wconf 87' lang='lat' dir='ltr'>aut</span> <span class='ocrx_word' id='word_1_975' title='bbox 2223 3461 2406 3501; x_wconf 86' lang='lat' dir='ltr'>omittunt</span> <span class='ocrx_word' id='word_1_976' title='bbox 2526 3462 2583 3511; x_wconf 88' lang='lat'>(9)</span> <span class='ocrx_word' id='word_1_977' title='bbox 2614 3462 2674 3502; x_wconf 87' lang='lat' dir='ltr'>sic</span> <span class='ocrx_word' id='word_1_978' title='bbox 2704 3461 2796 3501; x_wconf 79' lang='lat' dir='ltr'>deu.</span> <span class='ocrx_word' id='word_1_979' title='bbox 2829 3474 2912 3501; x_wconf 80' lang='lat' dir='ltr'>cum</span> 
     </span>
     <span class='ocr_line' id='line_1_133' title="bbox 1573 3514 2834 3568; baseline -0.002 -10"><span class='ocrx_word' id='word_1_980' title='bbox 1573 3517 1664 3558; x_wconf 90' lang='grc' dir='ltr'>,ΒΣ</span> <span class='ocrx_word' id='word_1_981' title='bbox 1687 3516 1739 3565; x_wconf 86' lang='grc' dir='ltr'>(κ.</span> <span class='ocrx_word' id='word_1_982' title='bbox 1771 3517 1850 3566; x_wconf 68' lang='lat' dir='ltr'>w),</span> <span class='ocrx_word' id='word_1_983' title='bbox 1881 3514 2122 3555; x_wconf 89' lang='lat' dir='ltr'>condicione</span> <span class='ocrx_word' id='word_1_984' title='bbox 2140 3515 2263 3557; x_wconf 83' lang='lat' dir='ltr'>APC</span> <span class='ocrx_word' id='word_1_985' title='bbox 2369 3517 2443 3565; x_wconf 89' lang='lat'><strong>(10)</strong></span> <span class='ocrx_word' id='word_1_986' title='bbox 2474 3535 2530 3551; x_wconf 85' lang='lat'><em>=</em></span> <span class='ocrx_word' id='word_1_987' title='bbox 2561 3516 2635 3558; x_wconf 87' lang='lat' dir='ltr'>Th.</span> <span class='ocrx_word' id='word_1_988' title='bbox 2670 3517 2736 3568; x_wconf 85' lang='lat'>12,</span> <span class='ocrx_word' id='word_1_989' title='bbox 2765 3523 2783 3556; x_wconf 92' lang='lat'>1</span> <span class='ocrx_word' id='word_1_990' title='bbox 2813 3523 2834 3557; x_wconf 83' lang='grc'><strong>6</strong></span> 
     </span>
    </p>
   </div>
   <div class='ocr_carea' id='block_1_16' title="bbox 1568 3673 2916 4625">
    <p class='ocr_par' dir='ltr' id='par_1_17' title="bbox 1568 3673 2916 4625">
     <span class='ocr_line' id='line_1_134' title="bbox 1579 3673 2916 3741; baseline 0.001 -21"><span class='ocrx_word' id='word_1_991' title='bbox 1579 3682 1600 3720; x_wconf 87' lang='grc'>5</span> <span class='ocrx_word' id='word_1_992' title='bbox 1673 3677 1816 3721; x_wconf 78' lang='lat' dir='ltr'>liceto,</span> <span class='ocrx_word' id='word_1_993' title='bbox 1891 3673 2014 3719; x_wconf 92' lang='lat' dir='ltr'>Data</span> <span class='ocrx_word' id='word_1_994' title='bbox 2057 3674 2239 3719; x_wconf 86' lang='lat' dir='ltr'>licentia</span> <span class='ocrx_word' id='word_1_995' title='bbox 2281 3674 2521 3739; x_wconf 85' lang='lat' dir='ltr'>episcopo,</span> <span class='ocrx_word' id='word_1_996' title='bbox 2574 3675 2616 3719; x_wconf 88' lang='lat' dir='ltr'>si</span> <span class='ocrx_word' id='word_1_997' title='bbox 2647 3675 2916 3741; x_wconf 77' lang='lat' dir='ltr'>provinciae</span> 
     </span>
     <span class='ocr_line' id='line_1_135' title="bbox 1568 3730 2913 3791; baseline 0 -14"><span class='ocrx_word' id='word_1_998' title='bbox 1568 3745 1760 3791; x_wconf 81' lang='lat' dir='ltr'>praeses</span> <span class='ocrx_word' id='word_1_999' title='bbox 1797 3731 1884 3776; x_wconf 87' lang='lat' dir='ltr'>vim</span> <span class='ocrx_word' id='word_1_1000' title='bbox 1921 3731 2116 3787; x_wconf 84' lang='lat' dir='ltr'>inferat,</span> <span class='ocrx_word' id='word_1_1001' title='bbox 2154 3731 2196 3775; x_wconf 88' lang='lat' dir='ltr'>ei</span> <span class='ocrx_word' id='word_1_1002' title='bbox 2233 3731 2442 3775; x_wconf 87' lang='lat' dir='ltr'>resistere</span> <span class='ocrx_word' id='word_1_1003' title='bbox 2481 3735 2527 3775; x_wconf 91' lang='lat' dir='ltr'>et</span> <span class='ocrx_word' id='word_1_1004' title='bbox 2558 3730 2851 3787; x_wconf 75' lang='lat' dir='ltr'>fideiussores</span> <span class='ocrx_word' id='word_1_1005' title='bbox 2885 3745 2913 3777; x_wconf 88' lang='grc' dir='ltr'>α</span> 
     </span>
     <span class='ocr_line' id='line_1_136' title="bbox 1576 3785 2915 3851; baseline 0 -19"><span class='ocrx_word' id='word_1_1006' title='bbox 1576 3789 1741 3832; x_wconf 85' lang='lat' dir='ltr'>damno</span> <span class='ocrx_word' id='word_1_1007' title='bbox 1771 3785 2025 3843; x_wconf 84' lang='lat' dir='ltr'>defendere.</span> <span class='ocrx_word' id='word_1_1008' title='bbox 2070 3785 2195 3851; x_wconf 85' lang='lat' dir='ltr'>quod</span> <span class='ocrx_word' id='word_1_1009' title='bbox 2219 3787 2261 3830; x_wconf 91' lang='lat' dir='ltr'>si</span> <span class='ocrx_word' id='word_1_1010' title='bbox 2279 3800 2473 3844; x_wconf 86' lang='lat' dir='ltr'>praeses</span> <span class='ocrx_word' id='word_1_1011' title='bbox 2495 3800 2588 3831; x_wconf 89' lang='lat' dir='ltr'>non</span> <span class='ocrx_word' id='word_1_1012' title='bbox 2611 3786 2755 3841; x_wconf 85' lang='lat' dir='ltr'>cedat,</span> <span class='ocrx_word' id='word_1_1013' title='bbox 2782 3787 2915 3833; x_wconf 69' lang='lat' dir='ltr'>liceat</span> 
     </span>
     <span class='ocr_line' id='line_1_137' title="bbox 1576 3822 2913 3964; baseline -0.001 -20"><span class='ocrx_word' id='word_1_1014' title='bbox 1576 3845 1797 3944; x_wconf 55' lang='lat' dir='ltr'>iiim</span> <span class='ocrx_word' id='word_1_1015' title='bbox 1833 3841 2632 3963; x_wconf 50' lang='grc' dir='ltr'>13119Ἴᾶᾖῖἕὶιὲἓβῖἕῗῗέειῖὗη</span> <span class='ocrx_word' id='word_1_1016' title='bbox 2642 3822 2913 3964; x_wconf 57' lang='lat'>&#39;’2252&#39;&#39;3‘5355</span> 
     </span>
     <span class='ocr_line' id='line_1_138' title="bbox 1575 3952 2911 4012; baseline -0.002 -11"><span class='ocrx_word' id='word_1_1017' title='bbox 1575 3961 1601 4001; x_wconf 90' lang='grc'><strong>6</strong></span> <span class='ocrx_word' id='word_1_1018' title='bbox 1659 3954 1816 3998; x_wconf 83' lang='lat' dir='ltr'>Liceat</span> <span class='ocrx_word' id='word_1_1019' title='bbox 1857 3952 2076 3997; x_wconf 87' lang='lat' dir='ltr'>eiusmodi</span> <span class='ocrx_word' id='word_1_1020' title='bbox 2115 3953 2376 3998; x_wconf 86' lang='lat' dir='ltr'>mulieribus</span> <span class='ocrx_word' id='word_1_1021' title='bbox 2417 3954 2550 3998; x_wconf 88' lang='lat' dir='ltr'>etiam</span> <span class='ocrx_word' id='word_1_1022' title='bbox 2593 3954 2777 4012; x_wconf 84' lang='lat' dir='ltr'>nuptias</span> <span class='ocrx_word' id='word_1_1023' title='bbox 2814 3953 2911 3998; x_wconf 81' lang='lat' dir='ltr'>sine</span> 
     </span>
     <span class='ocr_line' id='line_1_139' title="bbox 1576 4007 2910 4073; baseline -0.001 -18"><span class='ocrx_word' id='word_1_1024' title='bbox 1576 4016 1598 4055; x_wconf 81' lang='lat'><strong>7</strong></span> <span class='ocrx_word' id='word_1_1025' title='bbox 1659 4009 1883 4073; x_wconf 85' lang='lat' dir='ltr'>imperiali</span> <span class='ocrx_word' id='word_1_1026' title='bbox 1910 4009 2131 4073; x_wconf 76' lang='lat' dir='ltr'>rescripto</span> <span class='ocrx_word' id='word_1_1027' title='bbox 2160 4010 2287 4054; x_wconf 89' lang='lat' dir='ltr'>inire.</span> <span class='ocrx_word' id='word_1_1028' title='bbox 2349 4009 2483 4053; x_wconf 88' lang='lat' dir='ltr'>Hanc</span> <span class='ocrx_word' id='word_1_1029' title='bbox 2518 4014 2666 4054; x_wconf 88' lang='lat' dir='ltr'>autem</span> <span class='ocrx_word' id='word_1_1030' title='bbox 2694 4007 2910 4053; x_wconf 82' lang='lat' dir='ltr'>constitu-</span> 
     </span>
     <span class='ocr_line' id='line_1_140' title="bbox 1578 4063 2910 4131; baseline -0.002 -20"><span class='ocrx_word' id='word_1_1031' title='bbox 1578 4067 1740 4111; x_wconf 88' lang='lat' dir='ltr'>tionem</span> <span class='ocrx_word' id='word_1_1032' title='bbox 1777 4064 1978 4109; x_wconf 87' lang='lat' dir='ltr'>obtinere</span> <span class='ocrx_word' id='word_1_1033' title='bbox 2013 4065 2109 4108; x_wconf 86' lang='lat' dir='ltr'>suis</span> <span class='ocrx_word' id='word_1_1034' title='bbox 2149 4065 2441 4131; x_wconf 85' lang='lat' dir='ltr'>temporibus,</span> <span class='ocrx_word' id='word_1_1035' title='bbox 2479 4069 2532 4109; x_wconf 90' lang='lat' dir='ltr'>ut</span> <span class='ocrx_word' id='word_1_1036' title='bbox 2567 4063 2719 4109; x_wconf 81' lang='lat' dir='ltr'>omnia</span> <span class='ocrx_word' id='word_1_1037' title='bbox 2755 4064 2910 4109; x_wconf 82' lang='lat' dir='ltr'>matri-</span> 
     </span>
     <span class='ocr_line' id='line_1_141' title="bbox 1574 4118 2912 4185; baseline -0.001 -19"><span class='ocrx_word' id='word_1_1038' title='bbox 1574 4121 1727 4167; x_wconf 86' lang='lat' dir='ltr'>monia</span> <span class='ocrx_word' id='word_1_1039' title='bbox 1755 4134 1883 4185; x_wconf 43' lang='lat' dir='ltr'>quae·</span> <span class='ocrx_word' id='word_1_1040' title='bbox 1902 4119 2009 4164; x_wconf 84' lang='lat' dir='ltr'>olim</span> <span class='ocrx_word' id='word_1_1041' title='bbox 2038 4121 2173 4166; x_wconf 84' lang='lat' dir='ltr'>vetita</span> <span class='ocrx_word' id='word_1_1042' title='bbox 2201 4127 2307 4166; x_wconf 87' lang='lat' dir='ltr'>sunt</span> <span class='ocrx_word' id='word_1_1043' title='bbox 2332 4120 2635 4174; x_wconf 80' lang='lat' dir='ltr'>inhibeantur,</span> <span class='ocrx_word' id='word_1_1044' title='bbox 2671 4118 2760 4163; x_wconf 85' lang='lat' dir='ltr'>nisi</span> <span class='ocrx_word' id='word_1_1045' title='bbox 2787 4119 2912 4177; x_wconf 87' lang='lat' dir='ltr'>quod</span> 
     </span>
     <span class='ocr_line' id='line_1_142' title="bbox 1575 4174 2911 4241; baseline -0.001 -19"><span class='ocrx_word' id='word_1_1046' title='bbox 1575 4178 1665 4222; x_wconf 86' lang='lat' dir='ltr'>iam</span> <span class='ocrx_word' id='word_1_1047' title='bbox 1717 4176 2027 4241; x_wconf 75' lang='lat' dir='ltr'>excoqitatum</span> <span class='ocrx_word' id='word_1_1048' title='bbox 2078 4182 2146 4222; x_wconf 84' lang='lat' dir='ltr'>est</span> <span class='ocrx_word' id='word_1_1049' title='bbox 2194 4190 2329 4222; x_wconf 90' lang='lat' dir='ltr'>sacro</span> <span class='ocrx_word' id='word_1_1050' title='bbox 2380 4176 2602 4234; x_wconf 82' lang='lat' dir='ltr'>rescripto</span> <span class='ocrx_word' id='word_1_1051' title='bbox 2646 4174 2752 4219; x_wconf 84' lang='lat' dir='ltr'>olim</span> <span class='ocrx_word' id='word_1_1052' title='bbox 2794 4187 2911 4234; x_wconf 85' lang='lat' dir='ltr'>opus</span> 
     </span>
     <span class='ocr_line' id='line_1_143' title="bbox 1575 4229 2910 4297; baseline -0.002 -19"><span class='ocrx_word' id='word_1_1053' title='bbox 1575 4236 1601 4278; x_wconf 87' lang='grc'>8</span> <span class='ocrx_word' id='word_1_1054' title='bbox 1663 4232 1832 4296; x_wconf 82' lang='lat' dir='ltr'>fuisse,</span> <span class='ocrx_word' id='word_1_1055' title='bbox 1869 4231 2002 4275; x_wconf 88' lang='lat' dir='ltr'>hodi-e</span> <span class='ocrx_word' id='word_1_1056' title='bbox 2039 4245 2132 4277; x_wconf 86' lang='lat' dir='ltr'>non</span> <span class='ocrx_word' id='word_1_1057' title='bbox 2171 4231 2376 4297; x_wconf 78' lang='lat' dir='ltr'>amplius.</span> <span class='ocrx_word' id='word_1_1058' title='bbox 2442 4230 2571 4275; x_wconf 85' lang='lat' dir='ltr'>Haec</span> <span class='ocrx_word' id='word_1_1059' title='bbox 2607 4229 2758 4275; x_wconf 86' lang='lat' dir='ltr'>omnia</span> <span class='ocrx_word' id='word_1_1060' title='bbox 2792 4243 2910 4295; x_wconf 86' lang='lat' dir='ltr'>quae</span> 
     </span>
     <span class='ocr_line' id='line_1_144' title="bbox 1574 4285 2909 4351; baseline -0.001 -19"><span class='ocrx_word' id='word_1_1061' title='bbox 1574 4287 1768 4332; x_wconf 85' lang='lat' dir='ltr'>sancivit</span> <span class='ocrx_word' id='word_1_1062' title='bbox 1795 4287 2055 4332; x_wconf 86' lang='lat' dir='ltr'>constitutio</span> <span class='ocrx_word' id='word_1_1063' title='bbox 2098 4288 2268 4334; x_wconf 88' lang='lat' dir='ltr'>tamdiu</span> <span class='ocrx_word' id='word_1_1064' title='bbox 2307 4287 2506 4333; x_wconf 81' lang='lat' dir='ltr'>obtinere</span> <span class='ocrx_word' id='word_1_1065' title='bbox 2538 4285 2655 4339; x_wconf 87' lang='lat' dir='ltr'>vult,</span> <span class='ocrx_word' id='word_1_1066' title='bbox 2694 4285 2909 4351; x_wconf 83' lang='lat' dir='ltr'>quamdiu</span> 
     </span>
     <span class='ocr_line' id='line_1_145' title="bbox 1573 4341 2909 4408; baseline -0.002 -20"><span class='ocrx_word' id='word_1_1067' title='bbox 1573 4345 1623 4388; x_wconf 83' lang='lat' dir='ltr'>in</span> <span class='ocrx_word' id='word_1_1068' title='bbox 1664 4342 1854 4387; x_wconf 86' lang='lat' dir='ltr'>honesta</span> <span class='ocrx_word' id='word_1_1069' title='bbox 1889 4343 1981 4408; x_wconf 75' lang='lat' dir='ltr'>vita</span> <span class='ocrx_word' id='word_1_1070' title='bbox 2013 4349 2308 4408; x_wconf 78' lang='lat' dir='ltr'>permanent.-</span> <span class='ocrx_word' id='word_1_1071' title='bbox 2348 4354 2453 4386; x_wconf 88' lang='lat' dir='ltr'>nam</span> <span class='ocrx_word' id='word_1_1072' title='bbox 2491 4341 2533 4385; x_wconf 88' lang='lat' dir='ltr'>si</span> <span class='ocrx_word' id='word_1_1073' title='bbox 2565 4345 2682 4400; x_wconf 84' lang='lat' dir='ltr'>post</span> <span class='ocrx_word' id='word_1_1074' title='bbox 2724 4342 2909 4399; x_wconf 83' lang='lat' dir='ltr'>nuptias</span> 
     </span>
     <span class='ocr_line' id='line_1_146' title="bbox 1573 4397 2907 4457; baseline -0.001 -14"><span class='ocrx_word' id='word_1_1075' title='bbox 1573 4412 1734 4443; x_wconf 87' lang='lat' dir='ltr'>rursus</span> <span class='ocrx_word' id='word_1_1076' title='bbox 1774 4399 2006 4443; x_wconf 86' lang='lat' dir='ltr'>scaenicas</span> <span class='ocrx_word' id='word_1_1077' title='bbox 2041 4413 2090 4444; x_wconf 87' lang='lat' dir='ltr'>se</span> <span class='ocrx_word' id='word_1_1078' title='bbox 2161 4400 2229 4444; x_wconf 86' lang='lat' dir='ltr'>eri</span> <span class='ocrx_word' id='word_1_1079' title='bbox 2260 4411 2429 4457; x_wconf 85' lang='lat' dir='ltr'>passae</span> <span class='ocrx_word' id='word_1_1080' title='bbox 2463 4402 2590 4450; x_wconf 86' lang='lat' dir='ltr'>sunt,</span> <span class='ocrx_word' id='word_1_1081' title='bbox 2633 4409 2726 4441; x_wconf 88' lang='lat' dir='ltr'>non</span> <span class='ocrx_word' id='word_1_1082' title='bbox 2761 4397 2907 4441; x_wconf 86' lang='lat' dir='ltr'>solum</span> 
     </span>
     <span class='ocr_line' id='line_1_147' title="bbox 1574 4451 2907 4555; baseline -0.001 -56"><span class='ocrx_word' id='word_1_1083' title='bbox 1574 4453 1853 4552; x_wconf 64' lang='lat' dir='ltr'>inqerliuitate</span> <span class='ocrx_word' id='word_1_1084' title='bbox 1890 4468 2025 4512; x_wconf 90' lang='lat' dir='ltr'>quam</span> <span class='ocrx_word' id='word_1_1085' title='bbox 2064 4455 2124 4555; x_wconf 51' lang='lat' dir='ltr'>&#39;ha</span> <span class='ocrx_word' id='word_1_1086' title='bbox 2154 4458 2319 4500; x_wconf 89' lang='lat' dir='ltr'>uerunt</span> <span class='ocrx_word' id='word_1_1087' title='bbox 2352 4431 2659 4553; x_wconf 44' lang='grc' dir='ltr'><strong><em>οαέιιιῗὲετξςὶιά</em></strong></span> <span class='ocrx_word' id='word_1_1088' title='bbox 2678 4452 2907 4553; x_wconf 48' lang='grc' dir='ltr'><strong><em>ἇιῑιὲειινίίο</em></strong></span> 
     </span>
     <span class='ocr_line' id='line_1_148' title="bbox 1575 4522 2907 4556; baseline -0.002 -1"><span class='ocrx_word' id='word_1_1089' title='bbox 1575 4522 1751 4555; x_wconf 69' lang='lat' dir='ltr'>amic</span> <span class='ocrx_word' id='word_1_1090' title='bbox 1790 4523 1846 4553; x_wconf 89' lang='lat' dir='ltr'>ne</span> <span class='ocrx_word' id='word_1_1091' title='bbox 1880 4524 1933 4554; x_wconf 88' lang='lat' dir='ltr'>ue</span> <span class='ocrx_word' id='word_1_1092' title='bbox 1973 4524 2035 4555; x_wconf 77' lang='lat' dir='ltr'>ex</span> <span class='ocrx_word' id='word_1_1093' title='bbox 2104 4524 2159 4556; x_wconf 91' lang='lat' dir='ltr'>ac</span> <span class='ocrx_word' id='word_1_1094' title='bbox 2197 4523 2400 4555; x_wconf 84' lang='lat' dir='ltr'>neuee</span> <span class='ocrx_word' id='word_1_1095' title='bbox 2864 4522 2907 4553; x_wconf 82' lang='lat' dir='ltr'>e-</span> 
     </span>
     <span class='ocr_line' id='line_1_149' title="bbox 1577 4523 2906 4625; baseline -0.003 -15"><span class='ocrx_word' id='word_1_1096' title='bbox 1577 4523 2202 4611; x_wconf 72' lang='lat' dir='ltr'>cordationisqconstitutione</span> <span class='ocrx_word' id='word_1_1097' title='bbox 2221 4523 2490 4625; x_wconf 37' lang='lat' dir='ltr'>patiantur:</span> <span class='ocrx_word' id='word_1_1098' title='bbox 2517 4576 2620 4606; x_wconf 88' lang='lat' dir='ltr'>nam</span> <span class='ocrx_word' id='word_1_1099' title='bbox 2649 4563 2799 4622; x_wconf 87' lang='lat' dir='ltr'>stupri</span> <span class='ocrx_word' id='word_1_1100' title='bbox 2822 4563 2906 4607; x_wconf 87' lang='lat' dir='ltr'>cri-</span> 
     </span>
    </p>
   </div>
   <div class='ocr_carea' id='block_1_17' title="bbox 521 4615 1992 4676">
    <p class='ocr_par' dir='ltr' id='par_1_18' title="bbox 521 4615 1992 4676">
     <span class='ocr_line' id='line_1_150' title="bbox 521 4615 1992 4676; baseline 0.005 -19"><span class='ocrx_word' id='word_1_1101' title='bbox 521 4615 656 4659; x_wconf 85' lang='lat' dir='ltr'>edunt</span> <span class='ocrx_word' id='word_1_1102' title='bbox 698 4616 751 4660; x_wconf 90' lang='lat' dir='ltr'>de</span> <span class='ocrx_word' id='word_1_1103' title='bbox 794 4631 884 4660; x_wconf 84' lang='lat' dir='ltr'>non</span> <span class='ocrx_word' id='word_1_1104' title='bbox 926 4617 1169 4661; x_wconf 84' lang='lat' dir='ltr'>deserenda</span> <span class='ocrx_word' id='word_1_1105' title='bbox 1212 4635 1264 4663; x_wconf 85' lang='lat' dir='ltr'>ea</span> <span class='ocrx_word' id='word_1_1106' title='bbox 1311 4635 1496 4676; x_wconf 52' lang='grc' dir='ltr'><strong><em>σαι-σενα</em></strong></span> <span class='ocrx_word' id='word_1_1107' title='bbox 1535 4615 1540 4673; x_wconf 81' lang='lat' dir='ltr'>i</span> <span class='ocrx_word' id='word_1_1108' title='bbox 1575 4635 1674 4666; x_wconf 84' lang='lat' dir='ltr'>men</span> <span class='ocrx_word' id='word_1_1109' title='bbox 1703 4620 1992 4665; x_wconf 81' lang='lat' dir='ltr'>committunt.</span> 
     </span>
    </p>
   </div>
   <div class='ocr_carea' id='block_1_18' title="bbox 1780 1813 2978 1868">
    <p class='ocr_par' dir='ltr' id='par_1_19' title="bbox 1780 1813 2978 1868">
     <span class='ocr_line' id='line_1_151' title="bbox 1780 1813 2978 1868; baseline 0.003 -11"><span class='ocrx_word' id='word_1_1110' title='bbox 1780 1813 1976 1866; x_wconf 89' lang='lat' dir='ltr'>eminem,</span> <span class='ocrx_word' id='word_1_1111' title='bbox 2008 1814 2081 1868; x_wconf 91' lang='lat' dir='ltr'>qui</span> <span class='ocrx_word' id='word_1_1112' title='bbox 2111 1814 2194 1858; x_wconf 88' lang='lat' dir='ltr'>sub</span> <span class='ocrx_word' id='word_1_1113' title='bbox 2223 1814 2426 1858; x_wconf 85' lang='lat' dir='ltr'>dicione⁹</span> <span class='ocrx_word' id='word_1_1114' title='bbox 2463 1814 2520 1858; x_wconf 88' lang='lat' dir='ltr'>sit</span> <span class='ocrx_word' id='word_1_1115' title='bbox 2547 1814 2740 1859; x_wconf 81' lang='lat' dir='ltr'>Romani</span> <span class='ocrx_word' id='word_1_1116' title='bbox 2777 1814 2917 1860; x_wconf 89' lang='lat' dir='ltr'>nomi-</span> <span class='ocrx_word' id='word_1_1117' title='bbox 2973 1839 2978 1843; x_wconf 91' lang='lat'>·</span> 
     </span>
    </p>
   </div>
   <div class='ocr_carea' id='block_1_19' title="bbox 3067 0 3152 4212">
    <p class='ocr_par' dir='ltr' id='par_1_20' title="bbox 3067 0 3152 4212">
     <span class='ocr_line' id='line_1_152' title="bbox 3067 0 3152 4212; baseline 0 0"><span class='ocrx_word' id='word_1_1118' title='bbox 3067 0 3152 4212; x_wconf 95' lang='lat' dir='ltr'> </span> 
     </span>
    </p>
   </div>
  </div>
 </body>
</html>
