3054 4796
161 178 212 221 81
250 176 375 226 QUIS
413 178 662 227 ALIQUEM
698 179 925 219 TESTAM
962 180 1127 218 PROH.

159 312 295 366 derit,
342 313 431 358 sive
469 316 545 371 qui
583 316 744 361 missus
783 317 852 360 est
889 315 979 360 sive
1019 317 1094 371 qui
1131 322 1262 363 antea
1299 322 1498 367 detinens

159 372 184 413 2
242 371 634 416 contradicendum
662 371 850 439 putavit.
907 370 1051 416 Nullis
1087 376 1299 430 angustiis
1329 382 1416 422 tem
1451 392 1498 423 o-

157 437 256 470 rum
283 424 537 472 huiusmodi
563 428 772 473 misslone
802 428 1064 481 coartanda,
1106 431 1182 474 sed
1212 433 1301 477 sive
1329 438 1400 478 tar
1431 436 1500 479 ius

157 481 248 526 sive
288 489 572 538 praemature
613 484 770 549 aliquis
813 483 975 527 missus
1022 490 1108 538 est,
1153 487 1260 542 legis
1304 494 1500 535 tantum-

155 535 286 583 modo
316 539 549 583 arbitrium
578 543 830 596 requiratur
858 543 902 583 et
933 553 1081 594 causa,
1113 543 1228 588 unde
1254 546 1324 589 vel
1350 546 1499 590 missio

157 596 182 636 3
239 593 310 638 vel
341 595 635 640 contradictio
665 595 877 640 exoritur.
939 595 1038 639 Sive
1069 600 1180 641 enim
1210 606 1311 655 post
1341 602 1500 645 annale

154 651 331 706 tempus
362 650 454 695 sive
483 656 587 706 post
613 651 790 695 maioris
815 651 919 695 aeui
944 653 1165 698 curricula
1189 656 1346 711 aliquis
1367 658 1500 701 fuerit

155 704 337 760 missus,
383 707 421 751 si
463 710 635 751 tantum
674 720 730 751 ex
766 707 958 762 legitime
1001 709 1188 754 formato
1233 717 1498 758 testamento

154 760 304 806 missio
334 763 560 819 procedat,
592 763 761 807 nullum
792 764 832 806 ei
861 768 947 807 tem
982 766 1070 808 oris
1101 766 1319 812 obiciatur
1349 770 1498 814 obsta-

155 817 318 870 culum,
357 819 444 863 nisi
473 823 645 863 tantum
673 820 886 875 temporis
917 833 941 863 e
958 819 1160 875 fluxerit,
1204 824 1321 880 quod
1356 825 1501 881 possit

153 873 225 917 vel
266 875 514 930 possessori
551 874 804 931 plenissime
844 877 1127 921 securitatem
1167 882 1212 923 et
1252 893 1387 936 super
1425 880 1500 924 do-

153 929 287 974 minio
318 932 568 986 praestare,
607 930 677 974 vel
716 931 803 986 ipsi
833 933 908 987 qui
937 933 1097 978 missus
1135 939 1204 979 est
1234 949 1403 980 omnem
1431 936 1499 979 in-

153 988 179 1028 4
237 985 480 1031 tentionem
518 985 765 1030 excludere.
827 988 874 1031 Si
914 990 1027 1032 enim
1057 990 1124 1034 vel
1164 1004 1217 1034 ex
1253 1005 1343 1036 una
1370 996 1501 1048 parte

153 1041 221 1084 vel
263 1054 318 1085 ex
360 1046 550 1097 utroque
592 1042 733 1086 latere
772 1045 983 1100 temporis
1019 1047 1250 1101 prolixitas
1291 1048 1499 1102 occurrit,

152 1096 559 1142 manifestissimum
590 1103 658 1143 est
687 1112 777 1144 non
803 1101 945 1145 solum
967 1102 1233 1156 missionem,
1265 1104 1343 1148 sed
1367 1104 1501 1148 etiam

151 1154 165 1196 i
199 1165 294 1254 ssim
330 1152 628 1252 principalem
676 1169 857 1200 causam
906 1170 1003 1202 esse
1047 1171 1096 1203 so
1129 1159 1251 1203 itam.
1325 1158 1381 1204 D.
1422 1171 1502 1203 XII

185 1242 194 1252 .
291 1219 366 1254 ri.

365 1264 375 1274 .
392 1207 789 1270 Constantinopoli
808 1218 924 1271 post
951 1227 1092 1259 consu
1112 1219 1235 1259 atum
1259 1214 1502 1274 Lampadii

151 1268 197 1308 et
290 1270 397 1309 estis
424 1279 489 1311 vv.
523 1268 606 1310 cc.¹
1311 1275 1367 1324 [a.
1401 1274 1498 1324 531]

209 1319 239 1366 4
273 1322 291 1347 ²
293 1355 1496 1371 .............................

690 1495 966 1546 ΧΧΧΙΙΙΙ.8

149 1573 201 1613 sl
240 1574 368 1620 oms
398 1575 658 1623 ALIQUEM
675 1577 1354 1674 ggsgffihpnomsunfflr
1386 1580 1498 1620 VEL

208 1710 230 1759 1
279 1710 413 1772 ⁴1mp.
454 1713 719 1758 Alexander
747 1715 798 1757 A.
840 1714 1044 1759 Severae.
1114 1715 1241 1760 Civili
1279 1716 1498 1772 discepta-

147 1767 259 1812 tioni
297 1768 462 1812 crimen
500 1768 772 1824 adiungitur,
814 1771 853 1813 si
891 1773 1080 1815 testator
1108 1784 1198 1815 non
1228 1785 1312 1817 sua
1340 1778 1502 1828 sponte

149 1825 462 1868 testamentum
501 1823 629 1876 fecit,
672 1825 749 1868 sed
788 1827 1043 1881 compulsus
1083 1828 1139 1871 ab
1181 1840 1232 1871 eo
1269 1829 1345 1883 qui
1373 1829 1501 1872 heres

149 1880 218 1923 est
267 1879 524 1934 institutus,
579 1881 647 1938 vel
730 1881 922 1926 uoslibet
964 1882 1103 1925 alios⁵
1157 1896 1268 1938 quos
1309 1883 1503 1928 noluerit

149 1935 391 1992 scripserit.
453 1934 499 1980 S.
527 1948 598 1978 11⁷
623 1935 665 1980 lc.
720 1951 792 1981 an.
818 1937 1085 1982 Alexandro
1112 1941 1163 1982 A.
1191 1951 1260 1982 III
1286 1944 1331 1983 et
1353 1938 1503 1984 Dione

148 2003 292 2036 conss.
1312 1999 1368 2048 [a.
1402 1999 1500 2048 229]

205 2043 237 2094 2
279 2045 349 2092 Im
419 2083 427 2091 .
459 2046 775 2093 Diocletianus
814 2055 859 2094 et
895 2048 1210 2095 Maoeimianus
1239 2052 1333 2095 AA.
1366 2051 1501 2096 Nica-

147 2116 302 2161 qorae.
393 2117 458 2159 os,
491 2104 578 2160 qui,
609 2117 665 2149 ne
694 2109 1011 2151 testamentum
1040 2106 1283 2163 ordinetur,
1317 2107 1501 2164 impedi-

148 2163 297 2206 mento
334 2159 473 2205 fuisse
509 2165 836 2217 monstrantur,
878 2163 999 2207 velut
1038 2163 1241 2262 indiffnas
1285 2176 1502 2220 personas

149 2229 178 2259 a
206 2216 506 2261 successionis
547 2218 808 2273 compendio
840 2220 1056 2264 removeri
1087 2232 1138 2264 ce
1157 2221 1362 2265 eberrimi
1390 2221 1501 2265 iuris

148 2276 231 2317 est.
311 2270 406 2316 ΡΡ.
459 2271 504 2317 lc.
551 2271 654 2317 Ian.
709 2273 996 2319 Diocletiano
1042 2287 1089 2319 ιι
1144 2281 1189 2320 et
1240 2276 1502 2321 Aristobulo

150 2341 294 2372 conss.
1314 2337 1370 2385 [a.
1404 2335 1501 2385 285]

209 2380 239 2431 3
278 2382 403 2429 Idem
443 2384 535 2428 AA.
577 2391 622 2429 et
663 2383 741 2429 CC.
775 2384 1035 2444 Eutychidi.
1103 2387 1323 2431 Iudicium
1352 2389 1503 2433 uxoris

150 2443 425 2496 postremum
462 2441 508 2484 in
547 2452 596 2484 se
634 2453 880 2496 provocare
917 2443 1142 2487 maritali⁶
1181 2456 1383 2488 sermone
1412 2457 1501 2488 non

150 2501 219 2540 est
249 2496 546 2541 criminosum.
605 2495 661 2541 D.
703 2509 732 2539 V
770 2497 811 2541 lc.
844 2497 945 2542 Ian.
981 2497 1058 2544 CC.
1092 2513 1236 2543 conss.
1313 2504 1370 2552 [a.
1405 2504 1501 2552 294]

209 2550 240 2598 4
272 2549 599 2612 [Αὐτοκράτωρ
629 2549 794 2607 Ζήνων
823 2555 932 2606 A.]⁷
978 2587 1502 2600 .............

267 2605 399 2652 ⁸’Ec'w
435 2622 504 2652 τις
541 2605 722 2668 κωλύσῃ
761 2608 867 2652 τινὰ
903 2607 1159 2654 διαθέσθαι
1196 2607 1223 2666 ἢ
1252 2608 1503 2671 ἀρξάμενον

266 2660 406 2708 αὐτὸν
446 2661 751 2708 διατίθεσθαι
789 2663 968 2726 κωλύσῃ
1008 2665 1248 2726 πληρῶσαι
1286 2667 1369 2722 τὴν
1410 2665 1502 2711 δια-

265 2717 428 2789 θήκην,
469 2724 703 2773 κατέχεται
741 2724 826 2776 μὲν
862 2726 937 2764 καὶ
974 2723 1040 2778 τῷ
1083 2724 1367 2779 ζημιωθέντι
1396 2739 1503 2784 προ-

265 2790 397 2833 φασει
425 2778 503 2831 τῆς
530 2773 778 2830 κωλύσεως,
808 2781 883 2820 καὶ
913 2778 960 2821 εἴ
980 2795 1026 2822 τι
1057 2776 1107 2821 δὲ
1133 2777 1241 2822 ἄλλο
1272 2779 1503 2839 περισσεύ-

263 2846 354 2885 σει,
404 2828 621 2888 δημόσιον
664 2834 793 2876 ἔσται
836 2838 911 2876 καὶ
957 2830 1091 2879 αὐτὸς
1133 2839 1184 2878 ἐν
1230 2835 1381 2895 ἐξορίᾳ
1421 2835 1504 2879 τὸν

265 2886 425 2932 λοιπὸν
452 2892 557 2944 βίον
587 2886 833 2932 διατελέσει
847 2891 876 2933 ⁹.

151 2943 206 2988 D.
225 2955 295 2988 ΙΙ]
314 2943 356 2988 Ic.
376 2943 478 2989 Iun.
499 2942 897 3005 Constantinopoli
913 2946 1093 2993 Zenone
1103 2948 1154 2991 A.
1174 2961 1295 2993 cons.
1330 2952 1387 3002 [a.
1403 2952 1502 3002 479]

711 3118 948 3166 XXXV.¹⁰

153 3198 230 3238 DE
260 3197 357 3238 HIS
387 3197 592 3244 QUIBUS
621 3198 694 3238 UT
725 3198 986 3240 INDIGNIS
1016 3201 1403 3243 AUFERUNTUR
1431 3203 1505 3244 ET

175 3293 177 3297 .
261 3253 336 3293 AD
367 3253 620 3293 SENATUS
651 3253 994 3295 CONSULTUM
1023 3255 1394 3298 SILANIANUM.

213 3334 236 3381 1
275 3333 420 3392 Impp.
455 3333 647 3380 Severus
676 3340 721 3380 et
749 3336 1007 3380 Antoninus
1035 3337 1127 3380 AA.
1163 3336 1316 3382 Celeri.
1366 3339 1503 3383 Here-

155 3391 246 3447 des,
277 3403 388 3446 quos
418 3403 567 3434 necem
592 3392 818 3435 testatoris
842 3391 1030 3435 inultam
1058 3393 1258 3437 omisisse
1289 3395 1504 3447 constitit,

154 3447 329 3491 fructus
371 3446 568 3502 integros
617 3450 880 3502 cogantur¹¹
925 3447 1123 3491 reddere.
1202 3462 1345 3505 neque
1389 3451 1503 3494 enim

154 3506 299 3549 bonae
333 3501 437 3546 fidei
473 3516 756 3558 possessores
794 3509 899 3547 ante
945 3506 1290 3548 controversiam
1333 3505 1504 3549 illatam

154 3558 360 3602 videntur
382 3558 534 3611 fuisse,
567 3560 641 3614 qui
667 3560 863 3603 debitum
890 3559 1086 3603 officium
1110 3561 1292 3616 pietatis
1316 3562 1504 3606 scientes

159 3619 178 3658 1
241 3613 482 3658 omiserint.
535 3615 607 3658 Ex
635 3616 881 3660 hereditate
910 3621 1059 3659 autem
1089 3629 1236 3660 rerum
1267 3617 1504 3661 distracta-

155 3683 253 3714 rum
280 3670 350 3713 vel
380 3682 407 3713 a
436 3670 709 3715 debitoribus
739 3677 951 3738 acceptae
974 3673 1191 3727 pecuniae
1250 3677 1320 3717 ost
1340 3676 1504 3717 motam

157 3730 182 3769 2
239 3726 362 3770 litem
400 3726 618 3770 bonorum
657 3741 817 3772 usuras
846 3727 1054 3771 inferant.
1117 3728 1212 3783 Quo
1273 3729 1319 3772 in
1348 3729 1503 3772 fructi-

156 3783 241 3826 bus
271 3794 446 3837 quoque
474 3781 622 3826 locum
651 3783 839 3835 habere,
882 3797 994 3840 quos
1030 3784 1076 3827 in
1105 3785 1300 3840 praediis
1331 3785 1503 3829 heredi-

156 3837 282 3881 tariis
335 3838 538 3881 inventos
594 3843 673 3882 aut
725 3839 884 3883 exinde
932 3845 1170 3896 perceptos
1215 3841 1503 3896 vendiderint,

158 3897 181 3936 3
240 3893 398 3949 procul
427 3893 562 3938 dubio
593 3900 675 3938 est.
726 3894 896 3939 Usuras
929 3900 1076 3939 autem
1107 3896 1311 3941 semisses
1343 3898 1394 3940 de
1429 3911 1504 3940 en-

158 3949 261 3994 dere
299 3950 408 3993 satis
449 3954 530 3994 est.
589 3949 644 3993 D.
677 3963 747 3993 Χν
793 3950 835 3994 lc.
868 3951 1013 4010 April.
1058 3950 1211 3996 Cilone
1256 3960 1299 3997 et
1336 3953 1390 3996 Li
1421 3967 1506 3997 one

158 4019 302 4050 conss.
1315 4013 1370 4061 [a.
1406 4013 1502 4060 204]

215 4060 247 4107 2
278 4060 404 4106 Idem
433 4061 526 4105 AA.
569 4059 698 4105 Vero.
758 4062 886 4106 Polla
926 4061 1100 4118 quidem
1136 4063 1319 4107 liberam
1348 4065 1506 4108 habuit

158 4117 495 4162 administrandi
532 4117 786 4172 patrimonii
816 4117 885 4160 sui
915 4120 1180 4173 potestatem
1210 4132 1292 4164 nec
1321 4121 1503 4173 idcirco,

160 4260 212 4311 (1)
241 4260 294 4300 D.
322 4272 385 4299 xv
414 4260 455 4300 k.
482 4257 616 4312 April.
649 4257 1010 4312 Constantinopoli
1039 4259 1268 4313 Lampadio
1298 4262 1339 4301 et
1362 4262 1505 4302 Oreste

161 4328 223 4355 vv.
248 4328 306 4356 cc.
331 4327 459 4355 conss.
489 4331 572 4356 eum
589 4317 626 4367 6,
645 4324 702 4366 23,
721 4323 762 4356 27
786 4329 863 4355 scr.
980 4317 1035 4367 (2)
1067 4317 1323 4358 desideratur
1342 4317 1505 4359 Graeca

160 4373 383 4413 constitutio
470 4373 525 4424 (3)
549 4371 594 4413 B
623 4372 691 4418 35,
708 4379 742 4412 4.
778 4393 834 4399 —
876 4370 938 4423 Cf.
969 4370 1068 4424 Diq.
1097 4373 1163 4420 29,
1194 4380 1213 4413 8
1300 4374 1356 4426 (4)
1387 4374 1504 4426 iunqe

162 4429 199 4475 7,
230 4436 288 4478 45,
318 4435 339 4468 4
452 4427 507 4479 (5)
536 4428 595 4468 sic
623 4426 696 4470 CR
727 4442 810 4466 cum
838 4426 896 4477 B,
934 4425 1000 4466 vel
1035 4438 1060 4466 a
1090 4426 1277 4478 quolibet
1305 4427 1390 4468 alio
1431 4427 1500 4477 P⁶,

160 4480 225 4522 vel
253 4481 441 4534 quolibet
477 4483 552 4532 Pa,
590 4481 657 4524 vel
686 4481 874 4534 qu'olibet
901 4481 986 4522 alio
1014 4491 1118 4523 recte
1148 4480 1219 4522 M·
1360 4485 1416 4535 (6)
1445 4486 1504 4526 sic

161 4537 311 4590 PvCR,
338 4538 535 4579 maritum
562 4535 621 4581 Ρ*
725 4539 781 4591 (7)
810 4538 1105 4592 inscriptionem
1135 4553 1184 4579 ox
1210 4541 1503 4592 subscriptione

161 4594 318 4635 restitut·
425 4594 484 4644 (8)
514 4615 570 4631 =
593 4595 639 4636 B
662 4596 730 4646 35,
760 4603 794 4646 4,
826 4603 845 4635 ’1
960 4594 1017 4645 (9)
1046 4594 1093 4635 id
1119 4602 1198 4635 est.-
1227 4594 1272 4634 Si
1302 4596 1396 4645 quis
1424 4595 1500 4635 ali-

161 4661 280 4700 quem
305 4650 447 4690 testari
471 4649 735 4703 prohibuerit
761 4648 838 4701 vel,
863 4662 956 4689 cum
982 4649 1123 4690 testari
1146 4652 1357 4703 coepisset,
1379 4653 1500 4691 testa·

1486 167 1590 226 267

2615 173 2684 226 VI
2722 177 2927 226 33-35

1585 322 1701 378 quod
1730 322 1924 379 pupillus
1954 321 2018 366 illi
2042 322 2168 366 heres
2194 323 2348 378 extitit,
2381 337 2432 367 ea
2458 337 2572 380 quae
2599 326 2654 369 ab
2679 327 2778 382 ipsa
2802 325 2930 369 finita

1589 384 1603 421 1
1670 383 1774 423 sunt
1803 378 2001 423 revocari
2037 377 2085 421 in
2121 378 2486 435 disceptationem
2523 385 2713 437 oportet.
2774 381 2862 425 Sed
2891 382 2929 424 si

1584 435 1743 490 pupilli
1786 434 1962 479 nomine
2003 433 2165 478 falsum
2211 434 2356 479 dicere
2395 436 2459 480 vis
2502 439 2833 490 testamentum,
2875 436 2930 480 de

1587 504 1674 546 quo
1702 503 1784 547 per
1812 490 1983 537 Pollam
2011 493 2286 534 transactum
2317 496 2402 542 est,
2434 496 2561 547 potes
2592 493 2793 548 experiri,
2825 492 2930 535 dum

1585 546 1846 600 memineris,
1878 546 1917 589 si
1943 546 1991 589 in
2021 558 2157 590 causa
2185 560 2274 590 non
2304 547 2561 599 obtinueris,
2595 553 2641 591 et
2668 548 2929 603 portionem,

1616 614 1719 644 uam
1749 614 1802 644 ex
1832 614 1883 645 eo
1914 605 2178 646 testamento
2208 603 2404 658 pupillus
2433 604 2590 654 habet,
2622 607 2668 645 te
2696 602 2736 644 ei
2766 603 2932 645 salvam

1605 660 1822 711 acturum,
1855 670 1985 712 quam
2016 657 2148 701 adimi
2176 659 2345 714 pupillo
2369 670 2552 702 necesse
2576 658 2661 701 erit
2687 657 2933 700 secundum

1585 711 1694 754 iuris
1725 711 1932 763 formam,
1974 716 2019 756 et
2048 714 2101 757 de
2132 713 2353 757 calumnia
2380 717 2460 757 tua
2488 712 2738 768 praesidem
2767 711 2930 755 delibe—

1585 769 1800 818 raturum,
1833 769 2027 820 quamvis
2090 769 2215 824 upilli
2239 769 2415 812 nomine
2443 780 2572 821 agere
2596 767 2800 820 videaris,
2834 779 2932 809 cum

1585 826 1802 865 retractas
1829 835 1882 865 ea
1908 835 2022 877 quae
2078 823 2175 866 nita
2200 827 2306 867 sunt
2326 835 2408 878 per
2435 822 2708 866 coheredem.
2747 820 2840 864 ΡΡ.
2865 834 2934 864 VJ]

1585 877 1628 922 lc.
1644 875 1754 920 Mai.
1779 877 2010 920 Antonino
2035 878 2087 920 A.
2115 889 2184 920 ΠΙ
2211 884 2256 921 et
2286 876 2398 920 Geta
2426 878 2541 920 11112
2571 890 2713 920 conss.
2761 881 2816 929 [a.
2835 880 2932 928 208]

1643 929 1672 979 3
1705 931 1820 990 Imp.
1846 931 2112 976 Alexander
2135 933 2187 975 A.
2211 931 2528 976 Antiochiano.
2575 931 2622 975 Si
2653 945 2705 976 ea
2735 932 2934 988 quaestio

1584 987 1775 1032 infertur
1814 987 1915 1031 filiis
1957 987 2072 1039 eius,
2117 999 2249 1042 quam
2290 987 2602 1031 consobrinam
2639 990 2763 1031 tuam
2807 988 2934 1041 dicis,

1585 1043 1703 1100 quod
1731 1043 1912 1087 tabulae
1941 1042 2194 1086 testamenti
2221 1042 2365 1098 patris
2397 1055 2569 1095 eorum,
2610 1044 2684 1099 qui
2714 1056 2742 1087 a
2769 1043 2937 1087 familia

1583 1100 1844 1144 interfectus
1885 1099 2139 1150 dicebatur,
2180 1099 2438 1154 priusquam
2479 1100 2680 1154 quaestio
2713 1099 2767 1143 de
2798 1099 2935 1143 servis

1585 1157 1838 1211 haberetur,
1871 1161 2053 1211 apertae
2082 1158 2127 1199 et
2156 1154 2373 1199 recitatae
2403 1161 2519 1209 sunt,
2550 1159 2733 1212 propter
2756 1155 2935 1212 amplis-

1586 1212 1684 1257 simi
1723 1212 1890 1257 ordinis
1930 1212 2181 1255 consultum
2219 1210 2444 1255 hereditas
2485 1224 2512 1254 a
2550 1212 2660 1256 fisco
2689 1212 2938 1256 vindicatur

1585 1271 1631 1312 et
1667 1267 1766 1313 ideo
1807 1268 1878 1323 agi
1918 1280 2055 1312 causa
2095 1267 2214 1323 apud
2247 1272 2586 1322 procuratorem
2616 1280 2760 1311 meum
2791 1267 2935 1320 debet,

1585 1324 1691 1379 quia
1729 1338 1820 1369 non
1859 1337 1910 1368 eo
1951 1327 2150 1380 tempore
2185 1323 2345 1380 pupilli
2374 1323 2570 1368 fuerunt.
2631 1323 2724 1368 ΡΡ.
2758 1336 2805 1367 Il
2829 1337 2934 1368 non.

1584 1381 1729 1439 April.
1761 1379 2028 1425 Alexandro
2059 1381 2110 1424 A.
2145 1393 2265 1423 cons.
2746 1384 2803 1433 [a.
2837 1383 2935 1430 222]

1642 1435 1675 1482 4
1713 1435 1838 1481 Idem
1869 1438 1919 1480 A.
1953 1435 2230 1480 Philomuso.
2300 1435 2536 1480 Hereditas
2581 1437 2627 1479 in
2667 1439 2936 1480 testamento

1586 1492 1691 1537 data
1730 1505 1812 1549 per
1850 1491 2088 1548 epistulam
2117 1492 2185 1536 vel
2226 1491 2452 1536 codicillos
2493 1492 2626 1535 adimi
2655 1506 2746 1536 non
2774 1492 2933 1548 potuit.

1586 1549 1689 1604 quia
1732 1555 1881 1592 tamen
1925 1549 2127 1592 testatrix
2170 1549 2442 1592 voluntatem
2487 1560 2611 1592 suam
2652 1561 2741 1592 non
2778 1549 2937 1592 mereri

1585 1618 1722 1648 unum
1751 1617 1806 1648 ex
1835 1605 2075 1648 heredibus
2107 1604 2429 1658 declaraverat,
2469 1604 2625 1648 merito
2663 1605 2759 1648 eius
2788 1604 2936 1660 portio

1585 1674 1675 1704 non
1704 1660 1801 1704 iure
1828 1661 1886 1710 ad
1910 1660 2045 1703 alium
2067 1661 2287 1704 translata
2312 1659 2419 1704 fisco
2437 1659 2661 1703 vindicata
2684 1663 2765 1704 est.
2804 1661 2936 1704 liber-

1584 1720 1702 1759 tates
1743 1718 1892 1760 autem
1931 1716 1979 1759 in
2017 1715 2171 1759 eadem
2211 1716 2401 1770 epistula
2431 1715 2561 1759 datae
2590 1716 2683 1771 peti
2712 1721 2935 1772 poterunt.

1587 1770 1680 1816 ΡΡ.
1698 1782 1745 1814 II
1771 1770 1813 1814 lc.
1842 1771 1948 1815 Dec.
1980 1769 2190 1814 Maximo
2219 1782 2265 1813 11
2291 1776 2336 1814 et
2355 1771 2545 1815 Aeliano
2570 1784 2714 1816 conss,
2764 1777 2819 1824 [a.
2839 1776 2937 1823 223]

1643 1825 1673 1871 5
1717 1825 1844 1870 Idem
1889 1826 1941 1870 A.
1987 1825 2215 1883 Tyranno.
2290 1825 2393 1870 Non
2437 1831 2614 1881 oportet
2657 1831 2708 1870 ut
2750 1827 2939 1882 indignis

1585 1881 1824 1925 heredibus
1868 1882 2173 1926 successiones
2218 1881 2387 1925 auferri
2431 1885 2687 1938 praetextu,
2733 1883 2850 1938 quod
2895 1884 2940 1925 in

1586 1937 1818 2003 sepultura
1857 1950 1911 1981 su
1945 1938 2077 1982 remis
2117 1937 2430 1981 defunctorum
2466 1939 2820 1996 obtemperatum
2850 1953 2940 1982 non

1585 1993 1760 2038 fmsset.
1844 1993 1888 2038 P
1928 2028 1936 2037 .
1984 2006 2057 2037 VII
2106 1993 2165 2037 id.
2211 1991 2350 2039 Mart.
2397 1992 2581 2038 Iuliano
2638 1999 2683 2039 et
2732 1994 2939 2053 Crispino

1589 2063 1733 2094 conss.
2754 2055 2810 2103 [a.
2841 2054 2939 2103 224]

1645 2103 1676 2153 6
1722 2105 1849 2150 Idem
1891 2107 1943 2150 A.
1998 2105 2197 2150 Venusto
2243 2111 2287 2151 et
2332 2105 2618 2152 Clementino.
2691 2106 2941 2151 Minoribus

1588 2163 1781 2218 quinque
1811 2166 1856 2205 et
1876 2161 2031 2218 viginti
2056 2163 2184 2206 annis
2206 2162 2443 2207 heredibus
2468 2175 2559 2206 non
2590 2163 2747 2207 obesse
2779 2163 2942 2207 crimen

1592 2223 1610 2262 1
1670 2218 1839 2262 inultae
1883 2219 2038 2263 mortis
2114 2219 2267 2263 lacuit.
2337 2218 2447 2262 Cum
2492 2222 2640 2263 autem
2686 2233 2763 2264 vos
2809 2220 2940 2263 etiam

1588 2275 1920 2319 accusationem
1956 2279 2056 2330 pert
2105 2277 2194 2319 isse
2235 2279 2278 2318 et
2312 2275 2528 2331 quosdam
2559 2288 2613 2318 ex
2641 2276 2729 2319 reis
2760 2276 2941 2332 punitos

1586 2331 1873 2387 proponatis,
1925 2331 2033 2374 licet
2073 2330 2111 2375 is
2153 2331 2231 2386 qui
2274 2330 2510 2375 mandasse
2556 2331 2737 2375 caedem
2781 2331 2942 2375 dicitur

1586 2387 1919 2442 provocaverit,
1960 2387 2101 2430 vereri
2140 2400 2231 2431 non
2270 2387 2466 2442 debetis,
2506 2399 2563 2430 ne
2603 2399 2733 2441 quam
2767 2387 2939 2431 heredi-

1586 2442 1693 2486 tatis
1736 2447 1948 2498 paternae
1993 2455 2020 2485 a
2062 2441 2171 2486 fisco
2212 2456 2308 2487 meo
2350 2443 2653 2499 quaestionem
2693 2443 2938 2498 patiamini.

1589 2498 1795 2542 convenit
1833 2498 1948 2541 enim
1985 2498 2141 2553 pietati
2181 2503 2354 2542 vestrae
2393 2499 2664 2554 respondere
2681 2501 2715 2526 ¹³
2759 2511 2940 2543 causam

1589 2559 1611 2596 2
1681 2554 1994 2610 appellationis
2033 2553 2249 2598 reddenti.
2320 2554 2446 2610 Quod
2489 2555 2527 2598 si
2564 2555 2740 2599 maioris
2779 2555 2938 2598 aetatis

1586 2610 1809 2663 fuissetis,
1854 2610 1987 2654 etiam
2027 2623 2083 2654 ex
2121 2610 2389 2654 necessitate
2426 2611 2754 2666 provocationis
2795 2615 2938 2655 certa-

1586 2679 1688 2710 men
1727 2666 1911 2722 implere
1953 2666 2174 2711 deberetis
2190 2667 2239 2719 ¹⁴,
2276 2671 2328 2710 ut
2370 2666 2552 2723 possitis
2599 2667 2721 2710 adire
2765 2667 2940 2711 heredi-

1586 2725 1738 2766 tatem.
1798 2721 1893 2766 PP.
1925 2723 2040 2766 XV¹⁵
2068 2721 2111 2766 lc.
2140 2722 2226 2766 Iul.
2251 2722 2520 2768 Alexandro
2551 2725 2602 2766 A.
2631 2734 2699 2766 111
2726 2728 2772 2767 et
2792 2722 2942 2767 Dione

1589 2792 1734 2823 conss
2752 2783 2809 2832 [a.
2841 2782 2940 2831 229]

1645 2832 1675 2881 7
1709 2833 1834 2879 Idem
1864 2835 1915 2879 A.
1959 2833 2215 2878 Vitaliaew.
2275 2833 2322 2878 Si
2351 2834 2449 2878 ideo
2489 2834 2600 2879 ultio
2642 2835 2763 2878 necis
2802 2837 2940 2879 testa-

1586 2891 1697 2935 toris
1726 2904 1818 2935 non
1847 2894 1916 2934 est
1947 2890 2220 2943 desiderata,
2263 2891 2366 2946 quia
2397 2891 2543 2935 caedis
2574 2895 2781 2936 auctores
2812 2905 2938 2948 repe-

1587 2947 1666 2991 riri
1695 2961 1783 2991 non
1813 2951 2079 3003 potuerunt,
2120 2947 2278 2990 obesse
2312 2947 2569 3001 heredibus,
2616 2948 2662 2990 in
2702 2960 2785 3002 quo
2816 2948 2940 2991 nulla

1588 3017 1742 3048 eorum
1774 3005 1906 3058 culpa
1937 3003 2170 3059 detegitur,
2202 3015 2291 3046 non
2323 3007 2511 3058 oportet.
2571 3001 2666 3046 ΡΡ.
2707 3003 2766 3046 id.
2799 3002 2937 3047 Mart.

1590 3059 1659 3104 Lu
1696 3073 1721 3103 o
1753 3064 1798 3104 et
1823 3059 2033 3104 Maximo
2066 3072 2208 3103 conss.
2751 3063 2806 3110 [a.
2839 3061 2937 3111 232]

1724 3114 1839 3172 Imp.
1889 3114 2150 3158 Gordianus
2192 3115 2244 3158 A.
2292 3113 2460 3157 Tatiae.
2533 3114 2638 3157 Alia
2692 3125 2830 3158 causa
2873 3119 2940 3157 est

1589 3172 1709 3223 eius,
1752 3171 1828 3226 qui
1862 3171 1968 3214 falsi
1999 3170 2204 3214 instituta
2234 3170 2521 3213 accusatione
2551 3169 2609 3212 ad
2637 3169 2770 3212 finem
2799 3183 2940 3225 usque

1591 3227 1709 3283 quod
1738 3227 2024 3270 insimulabat
2062 3225 2270 3280 perduxit
2300 3228 2345 3267 et
2374 3225 2643 3269 contrariam
2675 3226 2939 3270 sententiam

1590 3283 1771 3335 meruit,
1812 3282 1900 3325 alia
1931 3283 2047 3332 eius,
2088 3281 2163 3336 qui
2200 3281 2456 3324 inchoatam
2488 3281 2819 3325 accusationem
2849 3295 2939 3326 non

1589 3339 1784 3395 pertulit,
1812 3351 1912 3381 cum
1937 3338 1982 3380 in
2007 3336 2126 3380 illius
2154 3336 2330 3391 quidem
2354 3342 2526 3393 partem
2549 3337 2763 3382 succedat
2786 3337 2938 3390 fiscus,

1589 3396 1661 3438 hic
1706 3398 1853 3437 autem
1867 3427 1877 3446 ,
1923 3392 1999 3449 qui
2038 3392 2308 3436 contrariam
2347 3392 2505 3436 iudicis
2546 3394 2811 3437 sententiam
2849 3407 2939 3438 non

1590 3449 1822 3501 sustinuit,
1879 3460 1986 3493 suae
2038 3448 2182 3504 partis
2235 3461 2327 3492 non
2369 3449 2529 3504 perdat
2570 3451 2937 3506 persecutionem.

1590 3505 1683 3549 ΡΡ.
1703 3517 1776 3548 XV
1794 3504 1836 3548 lc.
1855 3504 1982 3548 Febr.
2004 3503 2240 3548 Gordiano
2254 3506 2305 3548 A.
2330 3511 2376 3548 et
2388 3505 2553 3549 Aviola
2577 3520 2720 3549 conss.
2763 3510 2820 3559 [a.
2841 3510 2937 3559 239]

1646 3559 1676 3608 9
1710 3559 1856 3660 [πιέσῃ.
1884 3559 2198 3604 Diocletianus
2231 3564 2278 3605 et
2309 3559 2625 3605 Maximianus
2662 3563 2752 3605 AA.
2792 3563 2938 3606 Aelia-

1590 3631 1684 3661 nae.
1797 3630 1870 3659 um
1912 3616 2098 3660 fratrem
2140 3621 2268 3660 tuum
2310 3628 2477 3661 veneno
2522 3621 2798 3674 peremptum
2842 3629 2939 3662 esse

1589 3673 1845 3725 adseveras,
1899 3678 1950 3715 ut
2001 3672 2186 3716 effectus
2242 3673 2537 3717 successionis
2584 3674 2676 3717 eius
2722 3674 2803 3717 tibi
2847 3686 2937 3716 non

1590 3729 1841 3783 auferatur,
1880 3731 2066 3772 mortem
2097 3729 2190 3772 eius
2220 3729 2376 3772 ulcisci
2407 3731 2454 3772 te
2483 3741 2664 3772 necesse
2695 3734 2774 3773 est.
2834 3729 2937 3772 licet

1591 3786 1706 3828 enim
1748 3784 2038 3828 hereditatem
2082 3797 2255 3840 eorum,
2308 3785 2382 3839 qui
2433 3784 2718 3828 clandestinis
2766 3784 2936 3827 insidiis

1589 3841 1889 3897 perimuntur,
1931 3839 1980 3883 hi
2019 3840 2095 3896 qui
2129 3841 2227 3884 iure
2255 3845 2474 3884 vocantur
2513 3840 2635 3883 adire
2664 3853 2755 3883 non
2784 3843 2935 3883 vetan-

1590 3901 1676 3950 tur,
1708 3899 1870 3950 tamen,
1901 3896 1941 3940 si
1968 3895 2197 3941 interitum
2226 3909 2316 3940 non
2344 3896 2513 3942 fuerint
2551 3895 2649 3948 ulti,
2690 3895 2934 3939 successio-

1591 3965 1691 3996 nem
1718 3953 1917 3997 obtinere
1946 3965 2037 3996 non
2065 3956 2269 4008 possunt.
2328 3948 2423 3995 ΡΡ.
2454 3950 2689 3994 Tiberiano
2721 3956 2765 4058 εἴ
2789 3949 2936 4049 1)ιέιέιῖ

1590 4021 1734 4052 conss.
2763 4019 2803 4049 a.
2920 4012 2935 4057 ]

1649 4062 1712 4111 10
1755 4061 1880 4107 Idem
1919 4062 2010 4107 AA.
2053 4068 2098 4108 et
2138 4062 2214 4108 CC.
2258 4061 2482 4107 Silvanae.
2549 4060 2754 4104 Sororem
2783 4060 2934 4104 fratris

1590 4132 1741 4163 necem
1793 4119 1890 4162 iure
1941 4119 2061 4163 licito
2106 4119 2400 4164 vindicantem
2454 4116 2652 4160 evincere
2695 4117 2753 4161 ab
2798 4128 2935 4160 uxore

1590 4262 1774 4301 mentum
1810 4259 2006 4312 perficere
2045 4273 2136 4301 eum
2178 4258 2459 4312 prohibuerit,
2501 4259 2541 4298 et
2576 4257 2684 4298 laeso
2724 4269 2773 4297 ex
2812 4269 2934 4298 causa

1587 4315 1885 4369 prohibitionis
1913 4317 2079 4357 tenetur
2109 4318 2161 4365 et,
2193 4316 2227 4355 si
2258 4314 2358 4366 quid
2386 4314 2608 4366 supererit,
2644 4314 2688 4352 in
2718 4311 2930 4365 publicum

1588 4372 1706 4412 cedet
1734 4374 1776 4412 et
1802 4371 1890 4426 ipse
1913 4371 1959 4411 in
1984 4372 2128 4412 exsilio
2155 4370 2357 4422 reliquam
2384 4370 2509 4408 vitam
2533 4371 2701 4421 peraget
2788 4370 2864 4420 (10)
2888 4368 2933 4409 B

1588 4429 1655 4479 35,
1686 4435 1741 4478 16,
1771 4436 1816 4469 26
1847 4442 1954 4481 seqq.
1986 4451 2040 4457 -
2076 4429 2138 4481 Cf.
2161 4427 2260 4480 Diy.
2294 4427 2360 4476 29,
2392 4435 2425 4466 5.
2457 4426 2524 4474 34,
2557 4433 2576 4465 9
2663 4426 2733 4475 (11)
2755 4425 2815 4464 sic
2845 4423 2931 4474 CR,

1587 4486 1795 4536 coguntur
1825 4483 1868 4523 P
2009 4483 2085 4534 (12)
2117 4484 2222 4523 Geta
2251 4481 2295 4522 Ο.
2328 4493 2364 4521 11
2392 4496 2468 4521 scr.
2620 4480 2691 4530 (13)
2722 4480 2783 4519 sic
2813 4479 2861 4528 P,
2893 4481 2933 4518 et

1588 4541 1660 4580 ins.
1685 4538 1758 4580 CR
1844 4539 1917 4591 (14)
1947 4540 2007 4580 sic
2031 4540 2086 4590 R,
2118 4537 2273 4579 debetis
2303 4535 2382 4578 PC
2462 4536 2536 4585 (15)
2567 4548 2628 4574 xv
2654 4535 2770 4581 Hal„
2801 4546 2868 4574 ΧΠ
2895 4534 2938 4574 Ρ

1587 4597 1663 4648 (16)
1692 4596 1752 4635 sic
1781 4594 1909 4644 SCR,
1940 4593 2165 4633 vitalianae
2195 4593 2236 4633 P

2511 4715 2599 4758 34*
