3138 4732
1455 185 1639 239 XXIX

206 344 470 393 XXXXIIII
503 344 569 387 De
600 341 668 386 his
699 340 790 405 qui·
805 344 965 395 sponte
996 354 1177 386 munera
1217 348 1512 399 susceperunt

259 401 471 446 XXXXV
503 400 571 443 De
609 398 679 441 his
719 409 793 452 qui
822 408 850 438 a
889 397 1090 452 principe
1119 400 1395 444 vacationem
1434 412 1509 444 ac-

234 512 470 559 XXXXVI
498 454 827 571 Dgeggdgtligne
860 508 1054 551 muneris

210 567 470 615 XXXXVII
499 566 568 610 De
599 565 788 608 decretis
818 562 1106 607 decurionum
1143 579 1279 620 super
1307 566 1511 609 immuni-

553 624 648 664 tate
677 617 942 674 quibusdam
975 621 1257 665 concedenda

65 686 87 734 „ss
188 679 473 728 XXXXVIII
502 678 572 721 De
601 674 963 719 excusationibus
994 690 1231 720 munerum

167 737 467 786 XXXXVIIII
507 734 577 778 De
607 731 778 795 quibus·
790 732 1044 775 muneribus
1058 735 1102 775 et
1131 732 1509 788 praestationibus

555 788 719 832 nemim
748 787 883 830 liceat
913 800 961 830 se
992 800 1205 832 excusare

433 847 472 890 L
503 844 588 899 Qui
618 845 765 886 aetate
796 855 845 887 se
877 848 1094 888 excusant

409 902 469 946 LI
502 900 586 956 Qui
615 899 771 943 morbo

387 958 473 1003 LII
501 958 570 1000 De
598 955 667 999 his
699 955 774 1010 qui
802 967 984 999 numero
1024 956 1264 1000 liberorum
1292 954 1361 999 vel
1399 966 1511 1010 pau-

558 1014 734 1068 pertate
765 1011 1097 1055 excusationem
1128 1017 1386 1055 meruerunt

365 1070 471 1115 LIII
500 1069 570 1112 De
600 1067 932 1123 professoribus
963 1071 1008 1111 et
1036 1067 1218 1112 medicis

341 1126 471 1172 LIIII
503 1125 570 1168 De
601 1123 781 1167 athletis

387 1183 469 1226 LV
498 1181 566 1224 De
597 1180 666 1222 his
693 1179 874 1234 quinon
898 1178 1088 1234 impletis
1113 1177 1344 1235 stipendiis
1361 1188 1510 1222 sacra-

560 1240 709 1279 mento
741 1235 874 1278 soluti
905 1240 1010 1279 sunt

370 1294 474 1339 LVI
504 1292 674 1348 Quibus
720 1291 977 1335 muneribus
1024 1291 1295 1334 excusantur
1336 1289 1388 1341 ii,
1439 1287 1513 1343 qui

556 1351 662 1404 post
689 1347 917 1403 impletam
941 1347 1142 1391 militiam
1161 1346 1231 1390 vel
1254 1343 1512 1388 advocatio-

560 1416 660 1448 nem
685 1416 765 1460 per
784 1403 1035 1459 provincias
1053 1403 1146 1447 suis
1171 1400 1412 1445 commodis
1437 1412 1513 1443 va-

559 1465 713 1504 cantes
744 1463 1074 1503 commorantur
1106 1466 1152 1502 et
1191 1458 1245 1502 de
1273 1456 1512 1513 privilegiis

558 1529 710 1560 eorum

350 1574 475 1618 LVII
505 1574 574 1616 De
604 1571 955 1616 conductoribus
982 1568 1263 1625 vectigalium
1291 1567 1390 1612 fisci

327 1629 477 1674 LVIII
507 1629 576 1672 De
604 1627 822 1672 libertinis

302 1685 473 1731 LVIIII
501 1685 571 1728 De
599 1683 842 1728 infamibus

393 1740 474 1785 LX
504 1740 573 1784 De
603 1740 692 1784 reis
723 1739 960 1795 postulatis

370 1797 476 1841 LXI
507 1797 575 1840 De
610 1796 680 1840 his
720 1795 796 1851 qui
823 1795 870 1838 in
899 1793 1103 1838 exsilium
1142 1792 1235 1837 dati
1263 1791 1333 1837 vel
1363 1791 1517 1835 ordine

564 1852 673 1896 moti
702 1853 808 1895 sunt

356 1909 484 1954 LXII
513 1908 582 1952 De
597 1907 699 1952 filiis
722 1906 912 1950 familias
927 1907 975 1949 et
998 1903 1367 1960 quemadmodum
1389 1907 1517 1959 pater

565 1977 647 2020 pro
676 1963 746 2007 his
777 1966 985 2006 teneatur

331 2021 481 2066 LXIII
511 2021 579 2065 De
608 2019 804 2076 periculo
836 2030 1147 2062 successorum
1176 2016 1375 2072 parentis

304 2077 476 2123 LXIIII
504 2077 574 2121 De
596 2075 856 2120 mulieribus
873 2073 920 2117 in
943 2087 1030 2129 quo
1059 2073 1159 2117 loco
1182 2085 1367 2117 munera
1392 2071 1518 2116 sexui

563 2131 853 2186 congruentia
881 2133 928 2174 et
956 2130 1148 2174 honores
1179 2134 1427 2185 agnoscant

314 2188 316 2192 ’
351 2189 475 2232 LXV
504 2189 573 2232 De
601 2187 899 2243 legationibus

332 2244 479 2289 LXVI
506 2244 577 2288 De
605 2242 970 2288 excusationibus
1000 2241 1222 2285 artificum

309 2300 479 2346 LXVII
506 2300 576 2343 De
603 2299 854 2356 potioribus
884 2298 943 2342 ad
971 2311 1157 2342 munera
1186 2298 1467 2342 nominandis

291 2357 480 2402 LXVIII
509 2356 558 2400 Si
586 2359 771 2412 propter
798 2354 1048 2399 inimicitias
1081 2355 1249 2399 creatio
1280 2354 1401 2399 facta
1432 2354 1490 2398 sit

262 2413 477 2459 LXVIIII
504 2412 574 2457 De
604 2415 859 2468 sumptuum
888 2411 1230 2466 recuperatione

351 2469 481 2514 'LXX
510 2468 556 2511 Si
585 2470 689 2524 post
718 2467 988 2511 creationem
1021 2466 1118 2522 quis
1149 2466 1391 2510 decesserit

331 2524 480 2570 LXXI
507 2525 576 2568 De
606 2523 839 2622 talbglariis
865 2522 1023 2567 scribis
1049 2523 1330 2578 logographis
1347 2527 1390 2565 et
1416 2535 1516 2565 cen-

566 2591 648 2623 sua
665 2593 680 2622 1
713 2592 767 2622 us

310 2636 480 2681 LXXII
509 2636 578 2679 De
608 2634 942 2690 susceptoribus
968 2633 1236 2690 praepositis
1262 2636 1307 2677 et
1335 2633 1518 2677 arcariis

283 2693 477 2738 LXXIII
511 2692 580 2735 De
609 2690 980 2746 ponderatoribus
1011 2693 1057 2734 et
1084 2690 1183 2733 auri
1209 2689 1408 2734 illatione

266 2749 482 2795 LXXIIII
510 2747 578 2791 De
608 2747 707 2790 auri
735 2745 904 2802 publici
931 2746 1295 2801 prosecutoribus

310 2804 479 2850 LXXV
508 2803 576 2847 De
604 2803 672 2847 his
703 2814 818 2858 quae
841 2814 897 2845 ex
925 2802 1107 2857 publica
1132 2803 1367 2847 collatione
1395 2802 1520 2846 illata

563 2861 670 2903 sunt
699 2871 786 2903 non
815 2857 1084 2913 usurpandis

253 2964 256 2967 Δ
290 2915 480 2960 LXXVI
507 2914 577 2959 De
606 2928 717 2959 auro
749 2913 983 2958 coronario

269 2971 480 3016 LXXVII
510 2971 578 3016 De
605 2970 849 3015 irenarchiS

250 3027 483 3073 LXXVIII
510 3027 579 3072 De
594 3027 767 3083 argenti
781 3027 924 3082 pretio
942 3027 1060 3083 quod
1084 3027 1308 3072 thesauris
1328 3027 1519 3071 infertur

580 3169 756 3210 LIBER
784 3168 862 3209 ΠΝ
865 3167 1116 3209 DECIMUS

462 3252 485 3295 Ι
512 3250 582 3294 De
611 3250 806 3294 tollenda
833 3249 1030 3294 lustralis
1061 3251 1160 3294 auri
1191 3251 1428 3295 collatione

441 3307 488 3351 Π
513 3306 584 3349 De
622 3305 906 3349 naviculariis
947 3317 1025 3349 seu
1053 3306 1276 3350 naucleris
1315 3306 1520 3362 publicas

571 3361 742 3417 species
773 3362 1184 3416 transportantibus

417 3419 483 3462 III
512 3417 580 3460 De
609 3416 804 3473 praediis
834 3417 1206 3460 naviculariorum

397 3474 485 3518 IIII
515 3473 583 3517 De
613 3473 797 3516 navibus
827 3485 917 3516 non
946 3472 1212 3516 excusandis

441 3531 481 3574 V
511 3529 580 3573 Ne
608 3528 715 3585 quid
745 3528 868 3573 oneri
895 3527 1077 3584 publico
1107 3528 1363 3584 imponatur

419 3586 484 3630 VI
511 3585 580 3628 De
610 3584 856 3639 naufragiis

399 3643 483 3686 VH
514 3642 582 3685 De
610 3641 868 3684 metallariis
891 3644 936 3683 et
963 3640 1154 3684 metallis
1185 3645 1228 3684 et
1257 3644 1522 3696 procura-to-

573 3697 697 3740 ribus
727 3697 1006 3740 metallorum

378 3753 488 3798 VIII
516 3752 585 3796 De
610 3752 881 3807 murilegulis
907 3756 952 3796 et
978 3751 1270 3807 gynaeciariis
1292 3754 1337 3794 et
1360 3765 1522 3806 procu-

567 3807 794 3852 ratoribus
819 3809 1020 3864 gynaecii
1041 3811 1086 3857 et
1116 3808 1170 3852 de
1194 3807 1449 3852 monetariis
1479 3811 1525 3851 et

570 3863 837 3918 bastagariis

355 3920 484 3966 VIIII
513 3919 582 3962 De
610 3919 807 3963 vestibus
845 3919 1067 3963 holoveris
1108 3924 1152 3963 et
1187 3918 1356 3963 auratis
1396 3920 1442 3962 et
1470 3917 1524 3962 de

569 3974 830 4018 intinctione
859 3975 977 4018 sacri
1006 3974 1188 4018 muricis

445 4030 489 4073 X
518 4030 587 4073 De
615 4029 942 4074 fabricensibus

422 4087 487 4129 XI
518 4086 584 4129 De
613 4085 772 4128 veteris
803 4085 1080 4130 numismatis
1110 4088 1333 4141 potestate

400 4142 488 4185 XII
517 4141 641 4186 Nulli
669 4141 804 4184 licere
820 4141 867 4184 in
896 4141 1033 4185 frenis
1057 4145 1103 4185 et
1133 4142 1410 4196 equestribus
1440 4140 1524 4185 sel-

569 4197 624 4240 lis
655 4204 700 4240 et
719 4196 766 4239 in
795 4197 954 4240 balteis
972 4199 1234 4253 margaritas
1255 4202 1299 4241 et
1328 4210 1524 4250 smarag-

570 4252 650 4296 dos
680 4256 726 4295 et
753 4251 1017 4307 hyacInthos
1047 4256 1200 4309 aptare
1230 4257 1275 4298 et
1305 4254 1359 4298 de
1388 4253 1523 4297 artifi-

571 4308 697 4352 cibus
727 4308 936 4362 palatinis

380 4364 489 4407 ΧΙΠ
517 4363 586 4407 De
617 4363 815 4407 classicis

359 4419 488 4462 XIIII
517 4419 586 4463 De
615 4419 806 4463 decuriis
836 4419 958 4462 urbis
989 4419 1159 4464 Romae

402 4475 486 4518 XV
516 4474 584 4518 De
606 4474 841 4530 privilegiis
859 4478 1196 4530 corporatorum
1214 4476 1337 4520 urbis
1356 4476 1525 4520 Romae

385 4530 492 4574 XVI
521 4529 590 4573 De
620 4531 861 4586 pistoribus

360 4584 490 4629 XVII
518 4585 588 4629 De
617 4586 777 4630 suariis
818 4588 863 4629 et
892 4587 1228 4642 susceptoribus
1260 4587 1347 4631 vini
1376 4592 1421 4632 et
1451 4599 1521 4631 ce-

571 4641 678 4685 teris
709 4641 956 4697 corporatis

1757 342 1910 390 XVIII
1938 341 2007 385 De
2048 343 2288 440 cfllegiatis
2319 345 2364 386 et
2405 341 2700 396 chartopratis
2737 346 2782 387 et
2809 359 2934 390 num·

1991 411 2066 441 mu
2085 410 2188 441 arus

1732 454 1905 501 XVIIII
1934 452 2004 497 De
2042 453 2200 496 studiis
2240 452 2501 495 liberalibus
2540 451 2661 494 urbis
2692 452 2855 499 Romae
2894 460 2937 499 et

1994 508 2516 562 Constantinopolitanae

1821 564 1908 609 XX
1938 564 2007 607 De
2037 565 2357 606 honoratorum
2386 561 2598 605 vehiculis

1800 620 1910 664 XXI
1938 620 2007 662 De
2027 618 2265 674 privilegiis
2284 617 2408 660 urbis
2426 616 2939 671 Constantinopolitanae

1778 676 1906 719 XXII
1937 676 2007 719 De
2036 673 2271 727 metropoli
2300 674 2464 728 Beryto

1756 732 1909 776 XXIII
1939 732 2008 774 De
2038 742 2210 774 canone
2239 728 2531 772 frumentario
2562 727 2685 771 urbis
2715 727 2880 771 Romae

1731 788 1905 832 XXIIII
1934 787 2004 830 De
2032 786 2254 829 frumento
2286 784 2408 828 urbis
2427 782 2942 838 Constantinopolitanae

1782 843 1910 888 XXV
1939 843 2008 887 De
2038 841 2227 886 annonis
2259 841 2459 884 civilibus

1761 899 1911 944 XXVI
1940 900 2009 943 De
2037 897 2395 941 mendicantibus
2425 896 2583 940 validis

1738 956 1913 999 XXVII
1942 955 2011 999 De
2042 953 2190 997 nautis
2222 953 2443 996 Tiberinis

1711 1011 1907 1055 XXVIII
1937 1012 2005 1055 De
2033 1011 2256 1053 frumento
2287 1008 2590 1051 Alexandrino

1694 1068 1912 1112 XXVIIII
1941 1068 2010 1111 De
2040 1065 2340 1110 Alexandriae
2370 1065 2632 1119 primatibus

1782 1124 1912 1167 XXX
1941 1124 2011 1168 De
2038 1123 2134 1166 iure
2164 1122 2229 1165 rei
2257 1121 2466 1176 publicae

1758 1179 1909 1223 XXXI
1938 1180 2007 1224 De
2036 1177 2419 1223 administratione
2448 1190 2594 1220 rerum
2625 1175 2904 1231 publicarum

1733 1236 1907 1280 XXXII
1938 1237 2006 1280 De
2034 1233 2274 1279 vendendis
2304 1234 2435 1277 rebus
2468 1232 2658 1276 civitatis

1712 1293 1909 1343 XXXIII
1938 1293 2007 1336 De
2038 1290 2311 1335 debitoribus
2342 1290 2568 1332 civitatum

1695 1349 1913 1392 XXXIIII
1943 1350 2012 1393 De
2043 1347 2244 1403 periculo
2276 1346 2601 1389 nominatorum

1740 1405 1911 1450 XXXV
1940 1406 2010 1449 De
2050 1404 2248 1460 periculo
2281 1414 2431 1445 eorum
2463 1402 2539 1457 qui
2571 1414 2651 1457 pro
2682 1399 2948 1455 magistrati·

1994 1463 2080 1505 bus
2109 1460 2444 1503 intervenerunt

1724 1518 1915 1562 XXXVI
1946 1518 2044 1572 Quo
2075 1516 2260 1571 quisque
2290 1515 2445 1558 ordine
2476 1513 2766 1557 conveniatur

1696 1574 1910 1618 XXXVII
1939 1579 2003 1618 Ne
2033 1573 2131 1628 quis
2159 1572 2274 1615 liber
2302 1571 2467 1615 invitus
2490 1572 2638 1613 actum
2661 1569 2725 1612 rei
2744 1567 2950 1623 publicae

1674 1684 1908 1730 XXXVIII
1937 1641 2147 1730 Inigsdgff
2155 1632 2363 1748 Πῖιῖιὲῑὲἓὲΐ
2379 1685 2583 1738 sumptus
2606 1681 2663 1724 ad
2685 1692 2836 1725 omnes
2857 1679 2948 1722 col-

1996 1743 2119 1796 legas
2148 1746 2372 1796 pertinere

1654 1797 1913 1842 XXXVIIII
1942 1799 2012 1842 De
2041 1798 2110 1840 his
2141 1797 2216 1852 qui
2247 1809 2302 1838 ex
2331 1795 2479 1838 officio
2522 1793 2639 1848 quod
2670 1791 2950 1836 administra-

1995 1858 2155 1898 verunt
2186 1852 2508 1896 conveniuntur

1744 1910 1916 1953 XXXX
1947 1910 2014 1955 De
2044 1908 2342 1954 solutionibus
2380 1914 2425 1951 et
2463 1904 2802 1950 liberationibus
2832 1902 2951 1946 debi-

1995 1971 2143 2011 torum
2174 1964 2363 2008 civitatis

1714 2023 1908 2066 XXXXI
1940 2023 2009 2067 De
2039 2021 2307 2078 spectaculis
2330 2026 2373 2064 et
2403 2017 2620 2063 scaenicis
2646 2022 2690 2060 et
2718 2014 2951 2059 lenonibus

1693 2078 1909 2123 XXXXII
1939 2080 2009 2124 De
2039 2078 2245 2135 expensis
2276 2077 2560 2132 publicorum
2591 2073 2796 2117 ludorum

1672 2136 1909 2180 XXXXIII
1942 2137 2008 2180 De
2038 2133 2323 2191 aquaeductu

1651 2193 1914 2236 XXXXIIII
1944 2193 2012 2235 De
2041 2190 2363 2247 gladiatoribus
2392 2189 2569 2245 penitus
2599 2184 2806 2231 tollendis

1702 2249 1914 2292 XXXXV
1945 2249 2014 2292 De
2044 2247 2280 2292 venatione
2310 2247 2505 2289 ferarum

1674 2305 1911 2349 XXXXVI
1940 2306 2009 2348 De
2038 2304 2232 2347 maiuma
2721 2353 2731 2363 ·
2820 2352 2831 2362 ο

1657 2362 1913 2407 XXXXVII
1943 2362 2255 2461 Utdarmorum
2288 2371 2396 2403 usus
2419 2358 2561 2402 inscio
2588 2354 2791 2413 principe
2818 2355 2954 2396 inter-

2028 2418 2145 2460 ictus
2176 2417 2234 2461 sit

1632 2474 1915 2517 XXXXVIII
1942 2474 2012 2516 De
2040 2473 2245 2527 agricolis
2279 2471 2459 2515 censitis
2489 2470 2558 2513 vel
2589 2467 2757 2512 colonis

1605 2529 1909 2572 XXXXVIIII
1942 2530 2011 2573 De
2034 2528 2306 2583 capitatione
2325 2527 2484 2570 civium
2497 2525 2703 2568 censibus
2723 2519 2954 2565 eximenda

1874 2586 1912 2629 L
1942 2585 1996 2628 In
2026 2585 2187 2640 quibus
2219 2583 2365 2627 causis
2388 2581 2532 2625 coloni
2567 2579 2723 2623 censiti
2753 2576 2953 2621 dominos

1998 2653 2212 2684 accusare
2242 2643 2433 2694 possunt

1852 2698 1916 2742 LI
1943 2697 2013 2741 De
2044 2696 2213 2740 colonis
2244 2694 2513 2739 Palaestinis

1829 2754 1915 2797 LII
1943 2752 2012 2796 De
2044 2752 2214 2796 colonis
2246 2750 2579 2794 Thracensibus

1809 2811 1917 2854 LIII
1943 2810 2013 2852 De
2044 2807 2215 2851 colonis
2244 2805 2509 2864 Illyricianis

1787 2866 1916 2910 LIlII
1944 2864 2006 2909 Ut
2033 2877 2160 2920 nemo
2182 2863 2239 2907 ad
2259 2876 2390 2907 suum
2419 2858 2715 2917 patrocinium
2740 2856 2955 2912 suscipiat

1999 2920 2121 2965 vicos
2151 2921 2221 2964 vel
2250 2919 2503 2963 rusticanos
2535 2928 2687 2960 eorum

1837 2978 1918 3022 LV
1948 2977 2008 3022 Ut
2037 2977 2254 3020 rusticani
2283 2975 2342 3019 ad
2379 2974 2547 3018 nullum
2588 2970 2850 3026 obsequium
2879 2968 2953 3012 de-

1996 3038 2212 3078 vocentur

1808 3091 1912 3136 LVI
1942 3090 2044 3134 Non
2085 3090 2220 3132 licere
2265 3086 2578 3130 metrocomiae
2618 3081 2949 3126 habitatoribus

1997 3146 2098 3189 loca
2128 3157 2210 3188 sua
2241 3144 2299 3188 ad
2329 3147 2590 3186 extraneum
2619 3138 2860 3181 transferre

1791 3202 1916 3247 LVII
1945 3201 2006 3245 Ut
2034 3202 2181 3243 nullus
2213 3214 2267 3244 ex
2296 3199 2462 3242 vicanis
2493 3210 2574 3252 pro
2606 3194 2761 3238 alienis
2793 3193 2953 3237 debitis

1998 3256 2256 3300 vicariorum
2285 3257 2491 3298 teneatur

1768 3313 1916 3356 LVIII
1946 3313 2014 3356 De
2052 3312 2258 3356 censibus
2298 3315 2342 3354 et
2381 3308 2674 3353 censitoribus
2715 3309 2761 3350 et
2798 3318 2953 3362 perae-

2001 3368 2263 3423 quatoribus
2294 3371 2339 3410 et
2366 3364 2746 3422 inspectatoribus

1748 3424 1916 3468 LVIIII
1944 3423 2013 3467 De
2043 3424 2163 3467 omni
2193 3436 2298 3478 agro
2330 3422 2506 3466 deserto
2538 3424 2582 3464 et
2618 3417 2794 3474 quando
2825 3416 2952 3462 steri-

1998 3480 2064 3523 les
2094 3479 2315 3523 fertilibus
2346 3479 2635 3534 imponuntur

1827 3534 1912 3578 LX
1940 3535 2009 3579 De
2023 3535 2174 3580 fundis
2185 3534 2500 3591 limitotrophis
2518 3539 2562 3577 et
2578 3531 2708 3575 terris
2726 3535 2769 3573 et
2781 3529 2952 3585 paludi-

2001 3592 2084 3635 bus
2098 3596 2141 3634 et
2151 3591 2330 3647 pascuis
2341 3589 2579 3633 limitaneis
2592 3588 2659 3631 vel
2672 3586 2953 3630 castellorum

1814 3646 1919 3689 LXI
1948 3647 2017 3690 De
2045 3648 2224 3702 pascuis
2257 3646 2450 3702 publicis
2480 3651 2526 3689 et
2554 3644 2735 3700 privatiS

1788 3701 1916 3745 LXII
1946 3703 2014 3746 De
2043 3704 2194 3747 fundis
2224 3701 2609 3759 patrimonialibus
2640 3705 2684 3743 et
2719 3699 2953 3742 saltuensi-

2001 3760 2087 3802 bus
2128 3764 2173 3803 et
2213 3757 2550 3814 emphyteuticis
2580 3758 2627 3800 et
2664 3768 2816 3799 eorum
2847 3767 2952 3797 con-

2001 3814 2262 3858 ductoribus

1765 3868 1914 3912 LXIII
1942 3870 2011 3914 De
2040 3871 2273 3926 mancipiis
2306 3874 2350 3912 et
2382 3868 2549 3912 colonis
2580 3866 2954 3923 patrimonialium

2002 3929 2046 3969 et
2075 3926 2364 3970 saltuensium
2389 3927 2435 3968 et
2458 3922 2954 3980 emphyteuticariorum

2002 3981 2244 4026 fundorum

1750 4036 1922 4079 LXIIII
1949 4037 2019 4081 De
2057 4038 2252 4092 fugitivis
2284 4036 2453 4102 colonis
2494 4033 2879 4100 patrimonialibus
2909 4036 2955 4075 et

1792 4147 1916 4191 LXV
1945 4090 2953 4212 Deendgfigtssbtemfssirizdo{glrtnuzlazfflgznialium

2003 4207 2048 4247 et
2077 4205 2507 4260 emphyteuticorum

1774 4258 1921 4304 LXVI
1950 4258 2019 4302 De
2048 4259 2198 4358 ΐυῃᾶἰίε
2228 4259 2295 4302 rei
2323 4259 2521 4314 privatae
2551 4261 2597 4302 et
2631 4256 2816 4300 saltibus
2846 4253 2953 4298 divi-

2001 4327 2087 4359 nae
2148 4328 2272 4359 omus

1751 4369 1920 4413 LXVII
1949 4370 2018 4413 De
2047 4371 2198 4414 fundis
2228 4375 2273 4414 et
2303 4370 2488 4414 saltibus
2519 4370 2582 4412 rei
2614 4369 2860 4412 dominicae

1733 4424 1920 4468 LXVIII
1950 4425 2018 4468 De
2048 4426 2253 4481 agricolis
2284 4430 2330 4469 et
2366 4426 2596 4480 mancipiis
2627 4425 2857 4468 dominicis
2887 4424 2956 4468 vel

2005 4481 2229 4525 fiscalibus
2261 4482 2351 4526 sive
2382 4482 2447 4525 rei
2476 4481 2674 4536 privatae

1704 4533 1918 4580 LXVIIII
1947 4535 2015 4579 De
2055 4537 2248 4592 praediis
2285 4537 2486 4580 tamiacis
2517 4541 2560 4579 et
2598 4536 2651 4579 de
2689 4537 2757 4579 his
2795 4537 2871 4592 qui
2901 4549 2956 4580 ex

2004 4593 2172 4636 colonis
2204 4593 2433 4636 dominicis
2461 4593 2646 4647 aliisque
2665 4593 2832 4636 liberae
2850 4606 2952 4637 con-

2003 4647 2190 4693 dicionis
2219 4651 2512 4705 procreantur
