3034 4776
120 179 249 229 VI4

218 318 328 416 apg]
356 323 434 415 ”232
457 318 503 361 οἱ
527 316 699 386 παῖδες,
737 314 810 361 οὓς
837 319 988 386 {taxer
1004 320 1064 422 (ἑκ
1092 308 1434 409 τοῦιδεσσετόέοπίι,

217 393 243 417 α
361 391 387 415 κ
474 373 535 415 εἰς
568 388 615 413 ευ
646 388 794 415 ενειαν
899 389 927 414 α
955 387 1019 415 πα
1045 383 1173 411 ονται
1261 384 1287 409 κ
1368 383 1396 408 α

214 442 363 472 νοντες
390 431 464 470 καὶ
492 425 556 470 τὸ
573 369 690 468 ἴδζον
717 425 852 471 πεκού
900 388 1001 469 032·
1040 427 1114 466 καὶ
1152 383 1337 464 εἱάότωὲ
1363 418 1433 463 οὗ·

215 481 292 526 δᾶν
325 479 613 549 πατρωνικὸν
650 479 827 524 δίκαιον
854 483 1027 535 ἔχουσιν
1065 481 1140 520 ἐπὶ
1178 474 1354 520 αὐτοῖς8
1391 475 1436 518 οἱ

213 540 292 581 τοῦ
331 534 550 581 δεσπότου
579 533 864 606 κληρονόμοι,
903 536 991 578 εἴτε
1021 530 1175 578 παῖδές
1202 534 1318 575 εἰσιν
1345 532 1434 574 εἴτε

108 603 130 640 4
213 593 454 645 §geori-mot&
516 592 574 633 Εἰ
617 588 668 633 δὲ
694 595 774 634 καί
796 606 864 634 τις
904 587 1016 646 ὑπέρ
1055 602 1175 631 τινος
1213 587 1296 641 τὴν
1331 591 1432 646 περὶ

213 624 463 718 ἐλευθερίας
499 644 626 699 δίκην
662 642 992 716 ἀγωνισάμενος
1031 641 1210 715 ἡττηθῆ
1247 645 1317 699 τῷ
1366 641 1432 687 δε-

212 701 355 771 σπότῃ
384 705 457 744 καὶ
484 700 539 744 τὸ
566 706 739 769 τίμημα
766 703 880 759 υπερ
908 701 986 754 τῆς
1005 701 1084 742 τοῦ
1108 689 1268 743 δουλου
1293 696 1432 743 διατι·

209 756 379 826 μήσεως
390 753 669 824 καταβάλῃ,
714 754 1042 822 ἐλευθεροῦται
1065 758 1152 811 μὲν
1188 752 1213 799 6
1252 757 1432 825 οἰκέτης,

209 811 319 886 νπὲρ
361 811 412 855 οὑ
454 812 507 855 τὸ
550 817 717 884 τίμημα
761 809 941 855 δέδοται
975 813 1043 865 τῷ
1089 808 1311 879 δεσπότῃ,
1354 808 1433 854 οὐκ

209 872 295 923 ἔχει
332 866 382 911 δὲ
418 865 494 912 ἐπ’
540 868 663 937 αὐτῷ
696 866 987 924 πατρωνικὸν
1015 864 1239 910 δίκαιον“
1218 885 1242 911 o
1261 846 1431 911 δεσπό-

207 939 305 979 της,
342 920 496 992 ὥσπερ
530 920 634 967 οὐδὲ
671 927 745 969 ἐπὶ
784 927 937 979 ἐκείνῳ
973 924 1043 992 τῷ
1080 922 1194 966 κατὰ
1220 938 1322 967 τους
1349 939 1432 968 πα-

207 957 354 1023 λαιδὺς
382 977 541 1048 νόμους
569 978 697 1023 ἰδίοις
720 975 939 1038 ἀργυρίοις
960 976 1287 1047 ἀγορασθέντι·
1319 977 1434 1022 κατὰ

206 1032 366 1080 τούτου
402 1052 486 1095 γαρ
523 1039 597 1079 καὶ
634 1035 680 1078 οἱ
706 1034 889 1080 παλαιοὶ
921 1033 978 1078 τὰ
1005 1032 1096 1078 ἀπὸ
1126 1037 1205 1078 τοῦ
1234 1040 1433 1103 πραίτω-

207 1106 278 1150 ρος
320 1090 582 1161 πατρωνικά
624 1089 776 1134 δίκαια
798 1087 1038 1160 ἠρνοῦντο
1079 1092 1146 1145 τῷ
1187 1088 1431 1157 ἐλευθερώ-

98 1153 121 1192 5
207 1163 351 1190 σαντι.
409 1148 466 1189 Εἰ
505 1145 553 1190 δὲ
589 1151 664 1190 καὶ
702 1144 891 1214 ἀργύρια
918 1143 1021 1190 ἀντὶ
1050 1148 1148 1189 τῶν
1175 1143 1434 1215 ὑπηρεσιῶν

205 1199 474 1271 ἐπερωτήσει
521 1199 545 1246 6
562 1200 780 1270 πάτρων
818 1201 899 1246 τὸν
937 1199 1246 1270 ἀπελεύθερον
1282 1200 1310 1257 ἢ
1348 1218 1377 1245 τ

205 1256 513 1328 ἀπελευθέραν
555 1255 582 1312 ἢ
625 1254 848 1326 ὁρκώσει
856 1255 1014 1302 αὐτους
1038 1257 1111 1326 μὴ
1147 1260 1284 1317 γῆμαι
1320 1219 1433 1314 μηῖδ11

205 1311 643 1367 παιδοποιησασθαι,
683 1319 758 1356 καὶ
796 1304 953 1360 ουτος5
988 1311 1179 1358 πάντων
1223 1317 1430 1359 ἐκπίπτει

205 1371 301 1414 τῶν
340 1371 663 1428 πατρωνικιῦν,
713 1368 866 1424 ἐπειδὴ
901 1374 976 1413 καὶ
1017 1372 1071 1413 τὸ
1115 1368 1313 1414 παλαιὸν
1355 1375 1430 1414 καὶ

96 1487 146 1538 (1)
174 1478 561 1552 άφᾳῖρπάζονται
547 1484 610 1524 vel
635 1477 719 1539 ἀφ’
738 1497 788 1524 ου
809 1476 1089 1539 ἁρπάζονται
1117 1485 1318 1526 tradistur
1369 1499 1432 1525 or-

96 1551 199 1582 tasse
227 1554 350 1582 ουτοι
377 1533 722 1597 ἀφαρπάζονται
749 1555 828 1582 scr.
942 1539 997 1591 (2)
1034 1551 1165 1592 usque
1203 1540 1257 1581 ad
1290 1539 1433 1608 legiti-

94 1610 203 1638 mum
233 1595 399 1636 modum
427 1595 568 1649 supple
599 1611 647 1636 ex
674 1595 838 1637 Nomoc.
872 1596 936 1647 13,
968 1605 987 1637 5
1084 1597 1139 1648 (3)
1170 1597 1279 1638 alias
1309 1591 1432 1649 αὐτῷ

94 1655 148 1704 (4)
181 1655 222 1694 in
251 1652 414 1694 N.omoc
442 1653 511 1715 13,
542 1662 562 1693 5
600 1652 862 1693 eze-luduntur
892 1660 1110 1704 praeterea
1157 1654 1322 1706 coqnati
1353 1668 1433 1706 pa-

96 1710 203 1750 troni
325 1707 381 1759 (5)
411 1718 553 1748 ουτως
583 1709 758 1749 traditur
892 1708 948 1758 (6)
981 1708 1038 1748 ad
1068 1714 1088 1756 §
1121 1718 1140 1750 7
1172 1710 1225 1762 cf.
1258 1711 1298 1759 7,
1329 1718 1363 1759 4,
1392 1718 1433 1749 15

94 1765 149 1815 (lc.
185 1765 271 1806 Oct
300 1778 339 1804 a.
362 1765 447 1810 530)

94 1832 246 1862 κοντος
275 1821 349 1860 ins.
381 1819 598 1860 Mommsen

95 1877 222 1918 edidit
256 1876 443 1917 Cuiacius
473 1877 646 1916 observo.
679 1876 746 1926 20,
776 1884 820 1917 34
861 1876 1102 1928 eandemque
1143 1877 1324 1930 repperit
1353 1876 1434 1916 Sa-

533 1764 589 1814 (Ἰ)
617 1757 873 1820 ἀγνώμονος
896 1765 1092 1816 proponit
1119 1764 1247 1813 Reitz,
1273 1765 1433 1820 παρέ-

714 1820 770 1872 (8)
801 1821 993 1872 epitomen
1018 1819 1212 1861 Latinam
1246 1825 1294 1869 §5
1322 1829 1370 1861 9..
1375 1829 1432 1861 .27

98 1934 215 1986 viqny
257 1932 297 1972 in
340 1932 441 1972 libro
483 1906 746 1984 Gottinqensi
773 1931 1072 1972 Institutionum
1113 1933 1171 1972 ad
1216 1933 1434 1986 maryinem

96 1988 195 2028 Inst.
228 1988 266 2037 3,
298 1995 331 2037 7,
360 1995 380 2028 3
413 1987 680 2043 adscriptam,
720 1989 833 2028 cuius
862 1989 986 2028 verba
1013 1996 1130 2028 sunt:
1173 1988 1278 2041 Imp.
1308 1987 1433 2027 Iusti-

97 2043 246 2084 nianus
275 2044 322 2082 A.
353 2040 520 2082 Iuliano
548 2054 616 2094 pp.
675 2041 837 2083 Veteris
864 2042 970 2083 iuris
998 2042 1302 2095 altercationes,
1334 2055 1434 2094 quas

95 2111 217 2151 super
259 2097 582 2138 successionibus
624 2096 869 2138 libertorum
912 2098 1140 2149 antiquitas
1187 2099 1432 2147 introduxit,

95 2167 170 2195 nec
206 2166 289 2194 non
330 2156 371 2193 et
404 2153 709 2194 inextricabiles
746 2152 943 2195 circuitus
971 2153 1075 2206 legis
1106 2156 1258 2207 Papiae
1287 2157 1327 2195 et
1357 2167 1433 2194 1111

94 2222 289 2250 merosam
328 2221 524 2248 summam
562 2212 726 2250 centum
766 2208 929 2250 milium
965 2211 1265 2263 sestertiorum,
1311 2223 1434 2262 quam

93 2265 302 2318 praedicta
338 2263 405 2304 lex
433 2264 479 2303 111
507 2264 626 2304 1101115
654 2264 898 2305 libertorum
938 2265 1199 2317 requirebat,
1241 2280 1266 2306 a
1293 2268 1433 2307 nostra

94 2333 137 2360 re
164 2319 331 2374 publica
358 2319 525 2371 penitus
554 2324 812 2383 amputantes
843 2321 919 2360 1150
949 2320 1117 2360 edictali
1147 2321 1238 2373 lege
1265 2321 1310 2361 in
1340 2333 1433 2374 per-

91 2378 262 2429 petuum
297 2374 477 2415 valitura
515 2375 742 2422 sancimus,
778 2378 851 2424 ut,
897 2375 932 2415 si
966 2375 1143 2418 libertus
1184 2377 1249 2417 vel
1284 2376 1435 2417 liberta

92 2431 227 2474 minus
266 2434 430 2471 centum
467 2430 604 2471 aureis
638 2431 684 2471 111
724 2407 851 2471 bonis
881 2431 1028 2472 habuit
1066 2433 1141 2484 (sic
1177 2433 1287 2472 enim
1315 2445 1432 2486 prac-

91 2487 198 2527 fatae
226 2485 331 2538 legis
360 2498 558 2526 summam
587 2487 934 2539 interpretamur
971 2499 1045 2539 pro
1082 2487 1197 2528 mille
1236 2488 1432 2528 sestertiis

92 2555 222 2583 unum
264 2555 435 2586 aureum
479 2545 778 2606 computantes)
822 2545 864 2583 et
907 2543 1128 2584 intestatus
1167 2557 1243 2584 nec
1281 2542 1433 2585 liberos

91 2599 244 2639 habens
273 2598 507 2649 decesserit,
546 2598 592 2638 in
629 2597 806 2640 solidum
836 2599 888 2639 ad
919 2599 1006 2639 eius
1035 2600 1332 2641 successionem
1359 2613 1432 2664 pa-

91 2658 236 2695 tronus
272 2656 442 2694 vocetur
480 2655 553 2704 (=
585 2660 604 2702 ς
638 2659 692 2705 9).
761 2655 805 2695 81
835 2668 932 2695 vero
970 2654 1064 2707 plus
1103 2659 1269 2696 centum
1297 2656 1433 2697 aureis

92 2710 245 2751 habens
274 2710 492 2750 intestatus
520 2710 749 2761 decesserit,
780 2710 936 2752 relictis
965 2710 1108 2752 liberis
1136 2712 1432 2764 cuiuscumque

93 2779 210 2807 sexus
237 2765 303 2807 vel
330 2765 494 2817 gradus,
533 2765 586 2807 ad
614 2779 681 2807 eos
708 2742 912 2819 ixitegram
941 2767 1237 2808 successionem
1266 2767 1431 2808 deduci-

91 2835 195 2874 mus,
223 2824 397 2875 patrono
426 2820 584 2862 scilicet
611 2822 803 2862 similiter
831 2822 1069 2887 repellendo
1098 2825 1170 2874 (=
1203 2829 1223 2872 ς’
1245 2826 1318 2876 10),
1348 2824 1433 2864 sive

92 2877 244 2919 liberos
271 2877 424 2918 habens
452 2880 740 2918 testamentum
768 2878 934 2930 fecerit,
974 2880 1019 2918 in
1055 2892 1137 2930 quo
1166 2879 1277 2932 ipsos
1303 2880 1431 2932 scrip-

92 2934 192 2974 serit
219 2933 400 2983 heredes,
428 2934 513 2974 sive
541 2933 695 2974 iniuste
725 2947 793 2975 005
822 2935 1151 2976 exheredaverit.
1191 2939 1292 2976 tunc
1323 2935 1432 2976 enim

94 2993 135 3031 et
161 2990 240 3042 ipsi
270 2992 431 3030 tantum
461 2989 513 3029 ad
540 2989 808 3031 hereditatem
839 2990 1098 3031 vocabuntur
1127 2992 1199 3044 (ει
1231 2997 1250 3040 §
1281 2991 1429 3042 12-13).

92 3046 197 3087 85110
240 3045 275 3085 51
302 3045 409 3085 111510
447 3045 605 3086 fuerint
641 3046 902 3097 exheredati,
941 3051 1163 3099 patronum
1202 3047 1255 3087 ad
1289 3046 1433 3088 liberti

91 3101 384 3142 successionem
422 3101 678 3142 admittimus
718 3106 759 3143 et
796 3103 886 3143 01115
918 3101 1173 3155 parentelam
1213 3115 1343 3155 usque
1381 3102 1475 3143 ad

94 3157 285 3209 quintum
312 3156 486 3208 gradum
515 3157 585 3207 (π
613 3163 630 3206 §
652 3162 722 3209 14).
765 3158 811 3199 Si
839 3161 977 3199 autem
1007 3158 1141 3199 filium
1169 3172 1254 3199 non
1277 3158 1433 3199 habens

94 3216 331 3254 extraneum
359 3213 567 3265 scripserit
596 3214 808 3263 heredem,
846 3214 1012 3258 tertiam
1040 3218 1199 3268 partem
1229 3215 1433 3256 bonorum

94 3271 291 3321 patronus
318 3268 461 3309 liberti
490 3273 764 3321 consequatur
793 3272 865 3322 (ι.-
896 3276 915 3319 §
950 3270 1027 3322 15),
1068 3270 1134 3312 vel
1171 3271 1282 3323 quod
1321 3270 1434 3312 deest

96 3323 135 3364 ei
163 3323 381 3376 repleatur,
411 3325 446 3365 si
474 3325 637 3376 quando
661 3326 798 3367 minus
823 3327 947 3368 tertia
970 3330 1088 3379 parte
1113 3327 1317 3368 bonorum
1338 3340 1432 3368 suo-

97 3392 189 3420 rnm
218 3379 390 3420 libertus
418 3380 486 3421 vel
513 3380 663 3421 liberta
692 3382 730 3423 ei
758 3382 998 3435 reliquerit,
1037 3383 1125 3423 51110
1162 3396 1286 3424 011010
1314 3383 1432 3436 peni-

97 3438 164 3475 tus
199 3434 425 3487 legatorum
465 3439 504 3475 et
541 3436 965 3489 fideicommissorum,
1006 3439 1117 3491 quod
1146 3452 1250 3480 onus
1278 3440 1331 3480 ad
1359 3440 1431 3480 110-

95 3490 210 3532 redes
235 3490 484 3532 redundabit
512 3494 582 3541 (=
614 3498 633 3541 ᾗ
662 3496 731 3545 16).
784 3494 863 3535 Sed
893 3495 928 3535 si
956 3498 1156 3548 patronus
1183 3495 1279 3549 plus
1308 3508 1432 3548 quam

95 3546 142 3586 111
169 3549 332 3587 tertiam
360 3546 425 3586 vel
454 3546 499 3586 in
528 3559 654 3588 assem
679 3549 806 3589 fuerit
828 3551 944 3591 heres
966 3552 1197 3603 institutus,
1227 3555 1432 3604 quatenus

96 3602 212 3642 heres
238 3602 412 3655 scriptus
443 3605 515 3652 est,
550 3604 808 3656 respondebit
836 3605 1047 3658 legatariis
1078 3610 1118 3648 et
1145 3607 1431 3649 fideicommis-

96 3739 214 3783 mino
258 3739 478 3804 concepit,
521 3739 601 3785 secl
639 3739 687 3784 kz·
732 3742 864 3785 etiam
899 3744 946 3787 in
983 3745 1305 3803 inqenuitatem
1344 3746 1430 3789 eri-

90 3795 281 3893 piantur
309 3800 355 3839 et
380 3809 564 3853 insuper
584 3796 768 3861 peculia
796 3811 881 3842 sua
910 3799 1170 3845 lucrantur:
1203 3814 1284 3845 nec
1313 3801 1429 3846 vide·

114 3851 200 3894 icet
235 3850 373 3894 ullum
400 3857 681 3916 patronatus
718 3853 790 3896 ius
828 3855 875 3897 in
912 3869 990 3899 eos
1037 3856 1223 3901 heredes
1261 3856 1431 3901 domini

97 3911 123 3948 4
179 3905 364 3970 habent,
402 3921 495 3951 szve
533 3907 660 3951 liberi
694 3914 801 3953 sunt
836 3910 927 3955 sive
966 3913 1187 3957 extranei.
1249 3912 1362 3957 Item
1390 3914 1431 3957 si

98 3962 198 4018 quis
233 3962 282 4005 in
319 3941 536 4007 libertatis
572 3963 739 4008 iudicio
780 3978 809 4008 a
847 3965 1025 4011 domino
1065 3969 1208 4013 victus
1227 3969 1431 4027 pretium

90 4031 182 4075 pro
221 4031 350 4063 servo
390 4020 623 4063 aestimato
662 4020 862 4073 solverit,
906 4021 1018 4066 liber
1051 4025 1106 4079 fit
1134 4038 1303 4078 servus,
1340 4039 1429 4089 pro

98 4086 186 4129 quo
217 4074 416 4139 pretium
453 4073 648 4118 solutum
679 4081 747 4120 est
774 4076 970 4130 domino,
1010 4093 1154 4143 neque
1184 4086 1331 4125 tamen
1360 4095 1431 4124 ius

91 4135 367 4186 patronatus
393 4133 442 4175 in
470 4144 569 4174 eum
599 4131 780 4175 domino
810 4137 890 4185 est,
926 4112 978 4177 u’t
1005 4148 1086 4178 nec
1114 4135 1162 4179 in
1191 4150 1311 4190 eum,
1353 4137 1432 4194 qui

96 4184 335 4228 secundum
376 4193 545 4230 veteres
571 4186 712 4251 leqes
750 4188 847 4231 suis
889 4191 1077 4233 nummis
1123 4197 1298 4250 emptus
1339 4198 1431 4237 est:

98 4239 314 4284 adversus
351 4238 469 4285 laune
506 4242 621 4285 enim
650 4243 785 4286 etiam
814 4248 982 4288 veteres
1012 4246 1130 4302 leqes
1150 4253 1432 4312 patronatus

98 4296 200 4339 iura
228 4309 346 4353 quae
373 4297 517 4341 edicto
578 4299 776 4342 raetoris
803 4299 1088 4344 continentur
1114 4304 1432 4367 manumissori

99 4354 124 4393 5
182 4350 322 4408 deneq
324 4350 472 4396 abant.
570 4359 653 4397 tem
688 4356 729 4398 si
761 4367 850 4412 pro
886 4356 1042 4419 operis
1071 4359 1314 4422 pecuniam
1322 4373 1431 4424 pa-

102 4411 258 4450 tronus
294 4421 324 4451 a
362 4407 519 4452 liberto
549 4409 619 4453 vel
647 4409 807 4454 liberta
834 4410 1077 4474 stipulatus
1104 4414 1191 4457 erit
1218 4414 1287 4459 vel
1313 4415 1431 4460 iure-

100 4461 293 4505 iurando
329 4476 407 4506 eos
446 4464 764 4519 obstrinxerit,
811 4480 868 4510 ne
905 4466 1236 4532 matrimonium
1277 4471 1434 4515 ineant

99 4515 169 4558 vel
196 4515 359 4560 liberos
378 4527 639 4575 procreent,
672 4521 806 4565 etiam
834 4519 907 4565 llic
936 4521 1086 4566 omnia
1113 4523 1216 4569 iura
1236 4525 1432 4584 patroni

102 4570 278 4621 amittit,
316 4585 415 4615 cum
451 4574 556 4617 olim
586 4589 765 4631 quoque
797 4591 850 4621 ea
858 4578 1066 4640 patroni
1092 4578 1195 4622 iura
1224 4594 1342 4637 quae
1370 4595 1432 4625 ex

103 4604 331 4668 duodecim
381 4627 541 4672 tabulis
584 4639 626 4673 et
655 4632 889 4688 praetoris
927 4631 1071 4677 edicto
1122 4636 1433 4694 competebant

1432 157 1536 215 242

2184 176 2259 213 DE
2295 174 2462 216 Boius
2496 176 2852 216 LIBERTORUM

1629 311 1727 352 τῶν
1754 307 1843 353 ἀπὸ
1867 313 1946 355 τοῦ
1969 309 2388 356 δυοκαιδεκαδέλτου
2412 315 2487 354 καὶ
2517 315 2613 357 τῶν
2646 313 2738 360 ἀπὸ
2771 316 2850 358 »toi

1519 369 1543 408 6
1629 368 1884 432 πραίτωρος
1917 368 2225 438 πατρωνικῶν
2261 364 2451 409 δικαίων
2486 367 2736 419 ἐξέπιπτεν,
2795 371 2853 413 ΕΖ

1629 417 1680 462 δὲ
1716 423 1790 463 καὶ
1828 416 2209 480 ἀναφωνήσαντος
2229 419 2548 490 ἀπελευθέρου
2590 425 2700 484 πρὸς
2737 423 2852 485 wye'-

1628 491 1756 518 νειαν
1793 484 2068 546 συμπαιγνία
2100 474 2373 546 χρησάμενος
2409 473 2434 520 6
2471 474 2660 538 πάτρων
2688 496 2852 541 συγχω-

1626 527 1742 597 ρήσῃ
1788 528 1927 576 αὐτὸν
1969 550 2123 603 ευγενη
2173 531 2524 590 ἀποφανθῆναι,
2575 534 2856 605 ἐλεγχομένης

1626 588 1703 641 τῆς
1742 585 1850 646 πρὸς
1883 588 1966 632 τὸν
1992 587 2299 655 ἀπελευθερον
2332 594 2627 647 συμπαιγνίας
2664 608 2854 660 παντων

1631 644 1838 686 ἐκπίπτει
1871 647 1970 688 τῶν
1999 646 2302 717 πατρωνικῶν
2339 641 2527 687 δικαίων
2556 649 2630 687 καὶ
2666 661 2794 691 ουτος
2829 643 2855 691 6

1519 704 1540 741 7
1629 699 1829 756 πάτρων.
1883 700 1970 742 “Et
1990 698 2042 743 δὲ
2063 704 2137 744 καὶ
2162 718 2186 743 o
2210 699 2417 756 τιμηθεὶς
2440 699 2857 771 fideicommissaeiq

1629 751 1878 811 ἐλευθερίᾳ,
1917 752 2217 825 ἀγνωμόνειιο1
2257 755 2522 814 πειρασθεὶς
2548 757 2627 799 τοῦ
2658 753 2856 822 ὀφείλον·

1627 823 1703 853 τος
1731 793 1962 854 ἐπιθεῖναι
1973 809 2114 879 αυτῷ
2143 810 2228 866 τὴν
2265 810 2542 880 ἐλευθερίαν,
2564 810 2858 883 προσελθών

1627 866 1695 919 τῷ
1722 863 1909 933 ἄρχοντι
1936 865 2018 920 τὴν
2047 863 2271 911 ἀπουσίαν
2301 864 2436 910 αὐτοῦ
2472 863 2510 935 ἢ
2527 865 2580 910 τὸ
2609 867 2859 912 λανθάνειν

1628 920 1767 964 αὐτὸν
1811 918 1930 964 διελέ
1955 923 2042 974 ξει,
2086 927 2160 965 και
2202 920 2448 992 ἁρπάζεται
2486 920 2576 966 ἀπὸ
2617 919 2858 991 δογμάτων

1628 973 1872 1043 συγκλήτου
1901 991 1961 1020 εις
1989 978 2250 1049 ἐλευθερίαν
2278 983 2351 1021 καὶ
2387 974 2539 1022 ουδενὶ
2577 981 2858 1050 πατρωνικῷ

1518 1038 1541 1077 8
1630 1030 1789 1087 δικαίῳ
1832 1029 2078 1077 υπόκειται.
2145 1036 2204 1078 Εἰ
2247 1033 2298 1078 δε
2331 1037 2406 1077 καὶ
2441 1033 2533 1076 υἱὸς
2567 1034 2804 1104 πάτρωνοθ
2830 1031 2858 1090 ἢ

1627 1074 1870 1146 κεφαλικὴν
1899 1095 2171 1157 κατηγορίαν
2193 1089 2310 1134 κατὰ
2330 1091 2410 1134 τοῦ
2435 1105 2530 1133 πατ
2558 1108 2650 1145 φου
2677 1087 2858 1136 analav-

1627 1145 1767 1203 θέρου
1792 1142 2113 1213 εξνσίἡσητοιιἈ
2086 1163 2114 1200 η
2138 1145 2249 1202 πρὸς
2273 1144 2479 1189 δουλείαν
2505 1107 2684 1190 ελκὺσαι
2706 1162 2858 1218 πειρα-

1627 1201 1755 1255 θείη,
1811 1197 2143 1245 ἀπαλλάττεται
2195 1220 2270 1244 και
2323 1215 2449 1245 ουτος
2493 1197 2518 1244 6
2559 1200 2860 1270 ἀπελεύθερος

1626 1255 1797 1301 παντὸς
1822 1259 2122 1323 πατρωνικοῦ
2164 1255 2357 1310 δικαίου,
2396 1255 2550 1312 ἐπειδὴ
2587 1263 2662 1302 καὶ
2689 1257 2744 1302 τὸ
2773 1273 2858 1302 πα-

1627 1311 1755 1355 λαιὸν
1776 1313 1875 1355 τῶν
1900 1315 1947 1354 ἐκ
1969 1314 2049 1355 τοῦ
2071 1317 2326 1381 πραίτωρος
2349 1317 2656 1385 πατρωνικῶν
2671 1312 2861 1358 δικαίων

1517 1374 1541 1414 9
1628 1365 1951 1422 ἀπηλλάττετο.
2036 1371 2054 1396 ⁸
2072 1366 2254 1412 Τούτων
2305 1374 2461 1412 τοίνυν
2512 1367 2736 1415 ἁπάντων
2786 1366 2866 1414 τοῦ

1518 1482 1637 1523 551115
1666 1483 1738 1534 (...—-
1770 1488 1789 1530 ξ
1823 1485 1896 1533 18).
1946 1481 2040 1522 Hoc
2069 1494 2234 1533 quoque
2263 1481 2520 1522 decernimus
2549 1478 2860 1530 observandum,

1518 1542 1588 1591 111,
1628 1539 1665 1579 51
1701 1537 1883 1579 01115ᾶο111
1918 1537 2085 1590 patroni
2114 1537 2180 1578 vel
2219 1541 2417 1591 patronae
2453 1536 2630 1578 duorum
2658 1549 2731 1577 seu
2759 1535 2859 1576 dua-

1519 1609 1612 1637 rum
1639 1594 1878 1648 pluriumve
1907 1594 1992 1634 sint
2022 1593 2159 1644 liberi,
2189 1593 2419 1646 proximior
2446 1593 2600 1645 gradus
2627 1591 2681 1633 ad
2704 1603 2860 1632 5110005·

1518 1651 1674 1691 sionem
1714 1650 1978 1702 admittatur,
2018 1649 2247 1690 hereditate
2284 1649 2330 1690 in
2359 1649 2496 1703 capita
2524 1662 2609 1690 non
2638 1648 2684 1689 in
2712 1647 2860 1701 stirpes

1519 1706 1740 1748 dividenda
1769 1708 1839 1755 (-—-
1874 1712 1892 1754 ς’
1925 1706 2089 1756 19),115
2119 1708 2179 1756 111,
2213 1706 2248 1747 si
2278 1705 2482 1759 quispiam
2510 1708 2781 1769 patronorum
2808 1701 2860 1743 ab

1518 1762 1747 1804 hereditate
1775 1761 1918 1804 liberti
1941 1761 2006 1802 vel
2031 1761 2203 1802 libertae
2232 1762 2360 1802 fuerit
2383 1760 2583 1813 exclusus,
2615 1760 2704 1801 eius
2723 1758 2861 1813 portio

1518 1819 1571 1860 ad
1613 1818 1832 1859 ulteriores
1875 1817 2204 1867 transmittatur,
2259 1818 2399 1858 eodem
2446 1816 2700 1858 observando
2742 1818 2784 1857 et
2825 1815 2862 1856 si

1518 1874 1670 1928 gradus
1700 1873 1841 1937 aliqua
1870 1873 1919 1914 de
1950 1886 2072 1914 causa
2102 1873 2374 1924 excludatur,
2412 1877 2462 1913 111
2489 1885 2662 1936 sequens
2691 1873 2862 1912 vocetur

1519 1930 1571 1972 ad
1609 1930 1904 1971 successionem
1933 1930 2004 1980 (π
2043 1935 2062 1978 §
2096 1929 2182 1981 2ο).
2223 1929 2427 1982 adoptivis
2463 1928 2561 1968 filiis
2599 1929 2684 1969 sive
2721 1930 2860 1981 patro-

1518 2000 1668 2028 norum
1710 1986 1794 2026 sive
1829 1984 2074 2026 libertorum
2112 1998 2136 2024 a
2177 1989 2318 2026 nostra
2354 1984 2652 2025 constitutione
2693 1983 2861 2036 penitus

1519 2042 1804 2084 excludendis:
1842 2041 1918 2082 hos
1947 2041 2070 2093 enim,
2101 2041 2177 2082 etsi
2206 2040 2283 2081 filii
2311 2040 2490 2081 familias
2518 2040 2616 2091 51111,
2645 2043 2862 2082 extraneos

1518 2101 1767 2151 reputamus,
1799 2100 2013 2139 extraneos
2042 2110 2139 2138 vero
2178 2096 2347 2138 heredes
2382 2099 2652 2149 patronorum
2681 2109 2707 2136 5
2734 2094 2860 2136 111101·-

1518 2158 1656 2195 10111111
1693 2154 1947 2194 successione
1985 2165 2153 2205 prorsus
2190 2165 2446 2193 removemus
2477 2153 2550 2202 (-=
2582 2158 2607 2199 ς’
2635 2154 2711 2203 22).
2766 2149 2862 2191 Hoc

1518 2214 1655 2251 autem
1685 2212 1853 2250 nostrae
1881 2209 2115 2250 serenitatis
2146 2208 2390 2249 beneficium
2417 2207 2468 2247 ob
2494 2207 2693 2247 honorem
2719 2208 2862 2259 patro-

1518 2265 1626 2306 nalis
1663 2265 1918 2306 reverentiae
1956 2264 2142 2316 patronis
2173 2268 2214 2304 et
2243 2277 2386 2304 eorum
2412 2262 2557 2303 liberis
2585 2261 2860 2314 indulgemus,

1517 2324 1566 2362 ut
1587 2334 1672 2362 non
1695 2320 1828 2360 solum
1854 2320 1905 2360 ad
1929 2319 2037 2360 bona
2060 2319 2303 2360 libertorum
2331 2319 2618 2370 admittantur,
2647 2317 2721 2359 5οᾱ
2737 2317 2860 2359 0115111

1518 2376 1698 2418 filiorum
1726 2377 1922 2429 ipsorum,
1951 2375 1988 2415 si
2015 2375 2173 2416 fuerint
2200 2375 2247 2415 in
2275 2374 2466 2416 libertate
2491 2374 2582 2416 nati
2610 2377 2652 2416 et
2674 2373 2864 2416 intestati

1516 2433 1606 2473 sine
1650 2432 1897 2485 cognatione
1936 2431 2183 2472 decesserint
2222 2433 2293 2481 (τι
2326 2437 2346 2480 §
2381 2435 2452 2482 23)
2530 2430 2576 2471 81
2610 2443 2708 2472 vero
2748 2428 2864 2471 filius

1516 2489 1683 2541 patroni
1721 2501 1745 2528 5
1779 2490 1951 2541 parente
1979 2501 2053 2528 suo
2082 2487 2189 2528 iuste
2218 2487 2346 2528 fuerit
2381 2487 2661 2536 exheredatus,
2698 2485 2862 2528 1111115111

1516 2544 1640 2585 habet
1666 2543 1941 2597 impugnandi
1962 2546 2251 2584 testamentum
2275 2543 2417 2585 liberti
2431 2546 2688 2607 potestatem..
2729 2541 2861 2583 Plane

1517 2600 1737 2642 decedente
1772 2600 1923 2640 liberto
1960 2600 2011 2640 ab
2049 2600 2246 2641 intestato
2275 2600 2363 2640 sine
2392 2598 2534 2640 liberis
2562 2602 2647 2639 tam
2675 2598 2764 2652 ipse
2792 2610 2860 2639 ex-

1518 2656 1737 2697 heredatus
1767 2669 1891 2708 quam
1913 2656 2194 2708 emancipatus
2216 2656 2443 2696 succedunt
2463 2668 2558 2696 cum
2580 2655 2646 2696 his
2668 2654 2742 2707 qui
2763 2656 2862 2695 sunt

1516 2713 1561 2753 in
1600 2715 1802 2765 potestate
1837 2714 1909 2765 (=
1941 2717 1961 2761 ξ
1995 2711 2070 2763 24).
2138 2711 2218 2752 Sed
2248 2715 2289 2752 et
2317 2711 2366 2764 is,
2405 2712 2478 2764 qui
2515 2710 2649 2752 filium
2683 2709 2861 2752 emanci-

1516 2769 1632 2821 pavit
1669 2768 1818 2810 liberto
1855 2767 1906 2809 ab
1937 2768 2130 2808 intestato
2160 2768 2247 2808 51110
2276 2767 2420 2808 11110115
2448 2767 2668 2808 decedente
2697 2765 2763 2807 vel
2792 2779 2861 2807 ex·

1517 2829 1660 2865 traneo
1700 2824 1849 2865 herede
1890 2824 2084 2865 instituto
2119 2824 2164 2864 in
2194 2836 2322 2864 assem
2351 2823 2416 2864 vel
2446 2823 2492 2863 in
2520 2823 2716 2864 trientem
2743 2834 2861 2863 voce-

1518 2883 1587 2922 tur
1618 2881 1690 2933 (===
1723 2886 1743 2928 5
1778 2880 1851 2932 25).
1911 2881 1969 2920 Et
2007 2880 2086 2921 hoc
2116 2879 2166 2920 de
2195 2880 2284 2931 1115,
2324 2879 2397 2931 qui
2426 2891 2520 2919 vere
2553 2878 2722 2931 patroni
2749 2882 2859 2918 sunt.

1518 2935 1712 2978 Ceterum
1739 2936 1775 2976 si
1798 2936 2068 2976 iureiurando
2091 2936 2288 2988 praestito
2312 2934 2378 2976 vel
2402 2947 2457 2976 ex
2480 2933 2564 2975 5115
2587 2933 2715 2974 simili
2739 2945 2861 2974 051155

1515 2995 1715 3046 patronus
1743 2991 1958 3040 habeatur,
1989 2993 2101 3032 hunc
2131 2991 2316 3043 quidem,
2355 2992 2431 3032 0151
2461 2990 2500 3031 01
2529 2989 2760 3031 reverentia
2786 3001 2859 3043 pa-

1517 3047 1692 3088 tronalis
1721 3060 1745 3088 5
1768 3047 1920 3089 liberto
1944 3023 2153 3099 debeatur,
2183 3048 2235 3087 ad
2259 3047 2347 3088 eius
2370 3046 2666 3087 successionem
2690 3045 2859 3086 minime

1517 3116 1755 3144 revocamus
1785 3105 1857 3154 (=
1889 3109 1908 3152 ξ
1942 3103 2020 3155 26).
2070 3120 2174 3157 quae
2201 3105 2241 3145 si
2267 3119 2352 3145 cum
2382 3103 2428 3144 B
2458 3112 2495 3144 et
2524 3118 2606 3144 cum
2625 3103 2859 3156 fragmento

1528 3160 1749 3202 Veronensi
1785 3162 1824 3211 (§
1859 3169 1901 3202 23
1932 3159 2061 3213 seqq.)
2102 3161 2336 3209 contuleris,
2380 3175 2459 3200 non
2499 3158 2726 3209 dubitabis,
2763 3157 2860 3210 quin

1520 3225 1660 3258 temere
1701 3232 1727 3257 a
1765 3217 1866 3257 viris
1906 3217 2146 3258 doctissimis
2176 3231 2256 3270 pro
2295 3231 2392 3256 vera
2421 3215 2644 3256 Iustiniani
2675 3214 2860 3255 constitu-

1519 3274 1623 3313 tione
1647 3273 1792 3314 habita
1814 3274 1918 3314 sint:
1948 3273 2058 3325 quod
2079 3274 2158 3313 iam
2183 3287 2233 3313 εει·
2255 3272 2450 3312 vocabulo
2474 3268 2727 3323 parentelam
2745 3271 2786 3320 (ᾗ
2805 3269 2860 3320 14)

1518 3329 1672 3370 minime
1702 3329 1931 3370 Iustiniana
1967 3329 2149 3382 intelleqi
2178 3330 2324 3382 potuit.
2382 3328 2541 3369 videtur
2573 3335 2703 3367 autem
2731 3326 2860 3367 versio

1521 3384 1677 3427 Graeca·
1702 3385 1910 3426 cuiusdam
1940 3385 2088 3425 indicis
2119 3399 2222 3433 esse,
2264 3383 2404 3437 quales
2442 3382 2790 3448 deprehenduntur
2817 3381 2859 3422 in

1518 3442 1643 3492 3,10‚
1674 3449 1695 3481 2
1726 3449 1764 3482 et
1795 3443 1833 3492 3,
1866 3450 1923 3491 43,
1953 3449 1984 3482 1.
2014 3448 2056 3481 2·
2089 3456 2159 3481 nec
2188 3442 2315 3481 minus
2345 3454 2464 3493 quam
2493 3440 2534 3480 in
2564 3439 2627 3480 his
2652 3438 2859 3490 inscriptio

1516 3498 1728 3563 supposita
1757 3506 1828 3548 est,
1859 3512 1944 3537 cum
1973 3496 2137 3537 Iuliano
2167 3496 2370 3536 Iohannes
2401 3495 2514 3536 initio
2547 3509 2586 3534 a.
2617 3502 2678 3535 531
2706 3507 2861 3534 succes-
2906 3535 2910 3538 Δ

1517 3555 1625 3594 serit.
1685 3562 1957 3607 arqumentum
1992 3557 2041 3601 ξς
2074 3561 2122 3593 9.
2128 3560 2194 3594 ..16
2226 3560 2267 3593 19
2307 3552 2482 3604 refertur
2514 3551 2554 3591 in
2586 3549 2684 3590 Inst.
2710 3551 2750 3601 3,
2776 3557 2858 3600 7,ss

1517 3750 1543 3791 6
1601 3746 1835 3790 amitteret.
1895 3743 2010 3789 Item
2037 3744 2079 3788 si
2107 3743 2268 3788 liberto
2298 3743 2361 3788 ad
2393 3742 2717 3808 inqenuitatem
2743 3755 2860 3801 pro·

1517 3801 1739 3846 clamante
1752 3805 1987 3865 patronus
2011 3814 2074 3845 ex
2097 3799 2346 3844 collusione
2369 3813 2468 3844 eum
2487 3801 2730 3862 inqenuum
2749 3811 2859 3856 pro-

1516 3857 1722 3902 nuntiari
1741 3870 1913 3914 passus
1940 3857 2023 3909 sit,
2053 3855 2259 3914 probata
2288 3855 2539 3900 collusione
2567 3867 2668 3899 cum
2697 3852 2856 3918 liberto

1514 3915 1649 3971 faeta
1687 3911 1759 3956 liic
1798 3925 1980 3969 quoque
1999 3917 2241 3977 patronus
2279 3911 2401 3956 omni
2434 3915 2716 3976 patronatus
2756 3909 2857 3953 iure

1518 3974 1542 4013 7
1602 3967 1736 4013 cadit.
1810 3966 1923 4012 Item
1966 3969 2007 4011 si
2050 3968 2153 4025 quis
2189 3966 2608 4025 fideicommissario
2653 3964 2859 4010 libertate

1517 4024 1771 4069 honoratus
1809 4029 1970 4088 contra
2006 4024 2150 4068 bonos
2185 4036 2332 4088 mores
2365 4036 2540 4067 moram
2610 4032 2740 4064 assus
2770 4019 2860 4064 erit

1518 4080 1574 4125 ab
1629 4092 1684 4124 eo
1739 4079 1817 4136 qui
1860 4078 2108 4124 libertatem
2151 4079 2193 4123 ei
2242 4079 2473 4144 imponere
2524 4035 2673 4128 debet,
2730 4073 2855 4119 adito

1509 4134 1727 4195 praeside
1755 4134 1910 4179 abesse
1944 4149 2044 4180 eum
2082 4135 2151 4180 vel
2179 4135 2362 4180 latitare
2381 4133 2600 4198 probabit
2628 4135 2675 4176 et
2699 4143 2762 4176 ex
2788 4144 2855 4175 se—

1517 4197 1652 4255 natus
1696 4192 1914 4235 consultis
1957 4192 2007 4236 in
2049 4191 2298 4236 libertatem
2341 4189 2534 4253 eripitur
2575 4199 2718 4251 neque
2759 4185 2854 4232 ullo

1518 4251 1543 4292 8
1601 4247 1701 4291 iure
1732 4252 2014 4305 patronatus
2054 4253 2239 4292 tenetur.
2299 4245 2413 4290 Item
2448 4244 2488 4288 si
2517 4243 2642 4308 filius
2663 4244 2857 4300 patroni

1518 4303 1588 4348 vel
1623 4302 1862 4366 capitalem
1900 4303 2234 4347 accusationem
2271 4301 2487 4346 adversus
2527 4298 2733 4343 libertum
2750 4311 2854 4398 lpa-

1521 4365 1693 4403 ternum
1736 4358 1982 4404 instituerit
2031 4358 2102 4404 vel
2147 4360 2194 4401 in
2236 4358 2490 4402 servitutem
2531 4367 2631 4418 eum
2676 4359 2749 4398 tra
2804 4367 2855 4399 re

1521 4413 1824 4478 temptaverit,
1863 4414 1937 4459 liic
1974 4428 2155 4473 quoque
2190 4412 2374 4457 libertus
2401 4410 2457 4455 ab
2489 4410 2610 4454 omni
2630 4415 2854 4467 patrona-

1521 4475 1592 4514 tus
1626 4482 1726 4513 iure
1764 4468 1996 4523 liberatur,
2036 4483 2135 4515 cum
2175 4468 2280 4513 olim
2310 4480 2488 4524 quoque
2516 4480 2546 4510 a
2573 4464 2747 4509 iuribus
2770 4479 2853 4524 pa·

1521 4524 1642 4569 troni
1679 4538 1797 4583 quae
1832 4539 1895 4569 ex
1922 4525 2155 4590 praetoris
2181 4523 2326 4568 edicto
2355 4521 2666 4580 competebant
2693 4519 2854 4586 libera-

1519 4583 1546 4624 9
1601 4585 1740 4625 retur.
1810 4578 1917 4624 Cum
1954 4581 2097 4646 iqitur
2133 4579 2182 4624 hi
2218 4591 2370 4624 omnes
2398 4591 2427 4621 a
2449 4581 2730 4641 patronatus
2755 4576 2856 4621 iure

1518 4636 1735 4681 immunes
1769 4635 1883 4690 sint,
1922 4636 2069 4682 sancit
2105 4634 2314 4694 deinceps
2348 4633 2418 4678 lais
2452 4633 2670 4693 caceptis,
2699 4632 2854 4690 qualia
