3152 4784
263 158 336 198 mc
370 155 810 210 PROBA'mOnissus
1588 137 1687 209 157
2787 134 2889 186 IIII
2933 135 2993 183 19

319 297 347 344 7
380 287 493 356 Imp.
527 296 754 343 Gallienus
789 297 840 355 A.
872 293 1051 340 Sabine.
1120 296 1331 353 Exemplo
1368 297 1583 353 pernicio·
1669 293 1774 337 mini
1809 292 1917 337 facti
1955 293 2077 344 sunt,
2114 291 2364 345 emergente
2402 289 2660 346 quaestione
2697 287 2856 333 docere
2886 301 3001 332 com-

263 367 358 400 sum
387 357 466 406 est,
496 358 547 397 ut
574 355 614 398 ei
643 354 884 410 scripturae
912 350 1130 404 credatur,
1171 365 1258 407 qua
1287 354 1586 409 unusquisque
1669 350 1903 405 pelluntur.
1962 347 2016 391 D.
2048 346 2112 390 Χ*
2140 344 2184 389 lc.
2216 345 2343 389 Febr.
2378 344 2454 390 00.
2475 359 2629 410 ponss.
2816 349 2871 396 [a.
2906 346 3002 394 294]

262 410 345 455 sibi
374 409 658 454 adnotatione
695 407 873 466 propria
901 406 1143 451 debitorem
1173 409 1413 453 constituit.
1471 409 1586 452 unde
1727 403 1788 451 17
1836 404 1960 448 Idem
1999 402 2090 446 ΛΑ.
2138 406 2182 444 et
2226 400 2301 445 CC.
2347 401 2578 446 Paulinae.
2649 401 2839 444 Matrem
2882 403 3003 442 tuam

261 478 401 520 neque
437 464 591 509 fiscum
626 477 766 521 neque
794 463 925 508 alium
954 462 1191 518 quemlibet
1219 476 1271 506 ex
1301 465 1390 508 suis
1421 465 1582 508 subno-
1670 465 1950 504 consecutam
1978 459 2226 502 libertatem
2256 469 2309 500 ac
2333 461 2378 500 te
2402 462 2503 521 post
2528 456 2786 521 editam,·ut
2813 455 3002 518 ingenua

260 521 502 565 tationibus
529 521 663 565 debiti
685 518 986 576 probationem
1011 519 1223 573 praebere
1247 533 1377 574 posse
1398 522 1582 576 oportet.
1669 516 1846 570 probari
1875 514 2030 570 possis,
2061 512 2236 557 ostendi
2261 518 2475 577 convemt.
2521 512 2637 577 quod
2660 523 2775 554 emm
2793 510 3004 574 fratribus

260 575 353 620 PP.
389 576 514 634 prid.
559 590 660 620 non.
707 573 826 633 Sept.
874 571 1076 617 Gallieno
1120 575 1171 618 A.
1219 587 1245 617 v
1284 582 1327 618 et
1369 574 1583 620 Faustino
1669 571 1756 614 tuis
1771 571 1894 614 nulla
1908 574 2106 614 movetur
2152 572 2334 623 uaestio,
2361 569 2416 611 ad
2432 567 2729 612 defensmnem
2749 570 2871 607 tuam
2896 564 3003 606 n1h11

261 634 425 676 conss.¹
1402 635 1456 682 [a.
1489 631 1584 678 262]
1668 626 1878 680 prodesse
1900 629 2058 681 potest.
2160 659 2168 668 .
2197 637 2227 668 V
2248 624 2308 668 id.
2332 624 2460 682 Febr.
2490 621 2567 667 00.
2595 633 2737 678 conss.
2816 624 2872 670 [a.
2909 622 3006 683 294]

317 685 347 735 8
379 686 448 731 Im
472 702 523 746 p.
562 685 870 731 Diocletianus
905 689 950 728 et
976 683 1286 729 Maximianus
1314 687 1404 729 ΛΑ.
1435 683 1585 728 Publi·
1726 677 1790 726 18
1822 680 1947 724 Idem
1976 682 2066 724 AA.
2099 685 2144 724 et
2175 678 2252 724 00.
2295 678 2588 741 Violentillae.
2657 675 2766 718 Cum
2800 674 3008 738 preclbus

261 743 330 787 oio
360 749 405 787 et
435 702 611 801 aptato.
670 740 854 784 Frustra
882 740 1111 792 veremini,
1151 755 1206 784 ne
1242 742 1298 785 ab
1328 754 1380 785 eo
1411 740 1486 796 qui
1511 738 1586 782 lite
1667 734 1771 799 tuis·
1786 734 2005 800 significes
2034 736 2264 790 ignorante
2302 738 2347 778 te
2375 732 2603 796 praed1um
2633 742 2734 773 eum
2765 742 2891 793 cums
2919 742 3008 792 me7

261 798 463 856 pulsatur
489 797 687 854 probatio
717 795 927 852 exigatur.
986 794 1079 839 PP.
1112 809 1214 839 ΧΠ]
1240 796 1282 840 lc.
1304 797 1407 841 Dee.
1438 795 1584 838 Basso
1667 794 1834 832 mlmst1
1873 791 1958 832 Slbl
1997 791 2116 832 velut
2154 804 2180 832 a
2216 795 2260 833 te
2300 790 2510 832 donatum
2545 787 2848 828 mstrumentls
2878 797 3008 826 mser]

259 858 304 899 et
330 852 571 908 Quintiano
601 865 742 896 conss.
1401 856 1456 904 [a.
1488 840 1583 901 289]
1667 844 1839 897 fecisse,
1884 844 1923 886 si
1950 857 2054 887 vera
2091 847 2190 886 sunt
2226 856 2338 899 quae
2373 841 2592 892 indidisti,
2636 851 2721 883 nec
2759 839 2815 902 ad
2851 852 3010 882 nomen

315 907 347 956 9
378 907 501 953 Idem
529 908 620 952 ΑΛ.
650 913 694 951 et
724 905 800 951 00.
831 905 1107 951 Marcianae.
1169 907 1277 951 Cum
1307 912 1350 951 te
1379 906 1587 950 minorem
1673 906 1688 942 1
1727 955 1737 965 .
1764 900 1919 965 fac-tae·
1954 898 2205 941 donationis
2250 897 2414 962 fundus
2464 897 2549 939 iste
2599 899 2811 950 pervemt.
2884 894 3012 938 Unde

258 962 990 1076 tffiussrssssissffiffidssssfflseisiee
1019 964 1422 1074 ἓξὲξὲέΠὲῗὸῡέῗὲθ
1490 973 1585 1059 ‘fi-{31
1667 955 1792 1055 ῗιῗὲἶὲ
1827 951 2817 1054 29ῐῖ1569Ρὲ921ςὲἑὲἓὶἷῆὲξηεῗέἑῖέ
2856 953 3012 1049 {3225

257 1075 399 1135 April.
429 1075 522 1119 ΛΑ.
553 1087 696 1118 conss.
1403 1077 1458 1126 [a.
1489 1074 1584 1122 293]
1668 1067 1833 1111 sarium
1870 1069 1996 1109 tuum
2035 1064 2120 1108 sibi
2159 1063 2351 1107 adscribi
2389 1063 2637 1116 laborasse,
2683 1066 2734 1105 ut
2771 1062 3012 1105 secundum

314 1128 378 1178 10
408 1128 531 1174 Idem
561 1130 652 1174 AA.
683 1135 728 1174 et
757 1127 834 1173 00.
868 1127 1061 1174 Isidoro.
1120 1130 1275 1184 Neque
1311 1129 1480 1173 natales
1507 1126 1585 1179 tui,
1667 1127 1864 1167 tenorem
1901 1120 2108 1185 rescripti
2145 1119 2288 1164 nostri
2315 1119 2461 1183 'possis
2493 1117 2703 1174 consequi
2732 1118 3010 1162 sententiam.

256 1186 360 1230 licet
398 1186 632 1241 ingenuum
674 1190 719 1229 te
762 1186 952 1240 probare
995 1186 1161 1241 possis,
1203 1198 1344 1240 neque
1385 1185 1584 1236 honores,
1674 1179 1721 1222 D.
1763 1191 1831 1222 VJ]
1859 1178 1917 1222 id.
1949 1176 2092 1235 April.
2125 1176 2342 1234 Byzantii
2377 1173 2454 1219 00.
2487 1178 2654 1219 conss-‘³
2825 1178 2883 1240 [⁶²2
2914 1177 3011 1224 294]

255 1241 414 1297 quibus
452 1246 496 1284 te
531 1241 731 1284 functum
769 1253 866 1284 esse
896 1254 1223 1294 commemoras,
1258 1242 1457 1284 idoneam
1483 1251 1586 1295 pro·
1728 1233 1791 1282 19
1838 1233 1970 1278 Idem
2006 1233 2096 1277 ΑΛ.
2143 1239 2187 1276 et
2234 1230 2310 1276 00.
2357 1229 2623 1274 Menandro.
2693 1230 3013 1285 Exceptlonem

254 1296 474 1342 bationem
509 1310 590 1352 pro
629 1297 745 1340 filiae
775 1302 878 1341 tuae
906 1298 1175 1352 ingenuitate
1205 1296 1448 1349 continent,
1489 1307 1584 1338 cum
1667 1290 1915 1334 dilatoriam
1945 1289 2111 1345 opponi
2140 1288 2315 1343 quidem
2343 1287 2490 1338 initio,
2523 1287 2705 1342 probari
2734 1300 2859 1339 vero,
2889 1289 3013 1342 post-

253 1352 363 1399 nihil
389 1353 624 1408 prohibeat
651 1358 695 1396 et
722 1358 766 1396 te
795 1354 1031 1407 ingenuum
1060 1356 1105 1397 et
1130 1366 1225 1396 eam
1249 1353 1452 1396 ancillam
1477 1362 1584 1394 esse.
1670 1359 1800 1402 quam
1844 1351 1971 1390 actor
2011 1344 2338 1407 monstraverit·
2362 1343 2479 1399 quod
2524 1343 2777 1395 adseverat,
2822 1345 3010 1398 oportet.

254 1408 307 1452 D.
340 1420 476 1452 XVIII
500 1407 543 1452 lc.
574 1407 683 1452 Mai.
714 1409 806 1453 ΑΛ.
839 1422 979 1452 conss.
1401 1411 1457 1459 [a.
1491 1409 1584 1456 293]
1670 1402 1723 1445 D.
1757 1414 1846 1446 XV]
1873 1401 1915 1446 lc.
1947 1400 2075 1445 Dee.⁶
2105 1399 2394 1444 Nicomediae
2426 1397 2502 1443 00.
2536 1412 2679 1443 conss.
2826 1403 2882 1451 [a.
2915 1402 3012 1451 294]

314 1462 372 1510 11
419 1462 542 1508 Idem
571 1465 663 1508 AA.
703 1471 748 1508 et
778 1463 854 1508 00.
885 1464 1118 1507 Antoniae.
1189 1462 1236 1506 Si
1270 1463 1482 1517 scriptum
1510 1461 1585 1505 he·
1728 1456 1794 1505 20
1834 1457 1959 1502 Idem
1987 1457 2080 1501 AA.
2120 1464 2163 1500 et
2203 1454 2598 1520 CC.·Pl·ironimae.
2666 1454 2715 1499 Si
2754 1454 2808 1498 de
2838 1467 3015 1510 posses—

251 1519 399 1564 redem
427 1520 483 1563 ab
513 1519 647 1563 amita
675 1524 753 1562 tua
780 1519 847 1563 vel
876 1518 1127 1562 testamenti
1151 1518 1255 1560 vitio
1279 1518 1346 1560 vel
1377 1530 1586 1573 quacum·
1670 1513 1794 1558 sione
1834 1513 2054 1557 servitutis
2090 1512 2325 1567 emptionls
2364 1511 2666 1554 mstrumentis
2699 1512 2940 1556 subtractis
2968 1511 3016 1554 in

253 1587 338 1631 que
386 1575 474 1619 alia
523 1575 694 1618 ratione
746 1588 835 1618 non
885 1586 1017 1628 posse
1059 1573 1256 1616 obtinere
1299 1573 1587 1616 hereditatem
1668 1570 1915 1613 libertatem
1959 1569 2207 1624 proclamat
2250 1567 2495 1623 Eutychia,
2544 1581 2643 1610 cum
2686 1568 2866 1623 petitori
2908 1581 3012 1623 pre-

251 1630 431 1686 probari
458 1642 487 1674 a
515 1635 560 1673 te
586 1643 718 1686 posse
748 1629 957 1680 confidis,
997 1629 1051 1672 de
1080 1629 1164 1672 hac
1193 1628 1436 1672 hereditate
1465 1628 1585 1685 apud
1669 1625 1860 1668 bationis
1900 1638 2012 1668 onus
2048 1623 2298 1677 incumbat,
2339 1623 2583 1666 intentione
2621 1636 2704 1666 sua
2742 1623 2916 1667 defecta
2945 1624 3013 1667 his

251 1689 467 1730 rectorem
493 1685 747 1740 provinciae
776 1697 904 1740 agere
933 1689 1073 1740 potes.
1135 1682 1181 1727 S.
1221 1695 1250 1726 V
1280 1683 1322 1727 lc.
1353 1682 1463 1727 Mai.
1496 1683 1586 1728 He·
1668 1681 1810 1728 iuvari
1837 1681 2014 1723 minime
2042 1684 2204 1736 potest.
2265 1691 2365 1721 nam
2396 1678 2434 1721 si
2462 1678 2510 1721 in
2538 1679 2794 1722 servitutem
2823 1683 3014 1735 petatur,

248 1739 418 1784 raeliae
443 1739 537 1784 ΑΛ.
567 1753 710 1784 conss,
1391 1742 1450 1791 [a.
1484 1743 1580 1790 293]
1669 1737 1725 1780 ad
1755 1737 1988 1791 emptionis
2016 1736 2325 1791 probationem
2354 1748 2443 1778 non
2474 1739 2539 1778 est
2567 1735 2742 1779 indiciis
2765 1735 2862 1779 aliis
2887 1748 3015 1792 opus,

305 1793 370 1841 12
400 1793 526 1839 Idem
554 1795 647 1838 ΑΑ.
678 1800 723 1839 et
753 1793 830 1839 00.
865 1793 1096 1839 Chroniae.
1158 1794 1267 1837 Cum
1298 1806 1369 1838 res
1399 1808 1488 1838 non
1517 1795 1583 1837 in·
1669 1792 1747 1835 sed
1775 1793 2169 1835 instrumentorum
2198 1791 2367 1834 furtum
2395 1794 2645 1835 monstrare
2675 1791 2857 1836 sufficit.
2929 1803 3020 1834 ΠΙ]

247 1850 501 1895 strumentis
543 1854 778 1905 gerantur,
818 1849 896 1894 sed
935 1850 981 1893 in
1019 1850 1131 1894 haec
1169 1854 1320 1905 gestae
1354 1849 1421 1893 rei
1458 1850 1583 1894 testi-
1667 1861 1771 1892 non.
1802 1847 1908 1892 Dec.
1940 1847 2231 1891 Nicomediae
2264 1845 2341 1890 00.
2374 1860 2518 1890 conss.
2828 1851 2884 1899 [a.
2917 1850 3015 1899 294]

245 1906 439 1950 monium
466 1905 735 1959 conferatur,
765 1904 930 1949 factam
959 1906 1225 1962 emptionem
1255 1909 1301 1949 et
1328 1906 1374 1949 in
1399 1919 1584 1950 vacuam
1724 1901 1784 1949 21
1822 1902 1948 1948 Idem
1972 1904 2064 1947 ΑΛ.
2096 1908 2143 1947 et
2173 1901 2250 1947 CC.
2281 1900 2453 1960 Crispo.
2514 1903 2586 1946 Ad
2614 1903 2922 1959 probationem
2951 1905 3017 1947 uti

245 1961 567 2019 possessionem
617 1961 846 2005 inductum
902 1965 1076 2017 patrem
1128 1966 1253 2005 tuum
1306 1962 1585 2017 pretiumque
1668 1959 1850 2004 dominii
1878 1960 2024 2003 aliena
2053 1959 2365 2003 subtrahentes
2388 1959 2684 2002 instrumenta
2709 1959 2777 2003 his
2792 1961 2808 1986 ⁷
2837 1959 3015 2003 minime

245 2021 520 2062 numeratum
549 2018 707 2072 quibus
743 2020 871 2074 potes
906 2019 1002 2062 iure
1031 2018 1217 2074 proditis
1247 2018 1583 2074 probationibus
1667 2020 1877 2072 possunt,
1918 2016 2082 2071 quippe
2123 2029 2222 2059 cum
2258 2016 2418 2059 horum
2457 2015 2588 2059 lectio
2625 2028 2716 2059 non
2744 2015 3015 2070 recitantem,

245 2073 405 2118 docere
433 2073 581 2118 debes.
639 2072 694 2117 D.
735 2085 765 2117 V
787 2087 891 2117 non.
926 2073 1019 2119 Oet.
1051 2074 1150 2127 ΛΑ,
1177 2087 1320 2118 conss.
1396 2079 1452 2127 [a.
1487 2078 1581 2126 293]
1671 2078 1687 2114 1
1738 2072 1815 2116 sed
1846 2085 1974 2128 quem
2003 2078 2132 2115 tenor
2157 2071 2406 2127 scripturae
2432 2071 2644 2127 designat,
2670 2071 2862 2115 adiuvat.
2907 2072 3017 2116 Cum

305 2125 366 2176 13
406 2127 532 2174 Idem
568 2129 660 2174 ΑΛ.
701 2134 747 2173 et
777 2128 854 2174 00.
886 2128 1076 2175 Iustino.
1145 2130 1248 2173 Non
1277 2130 1477 2187 epistulis
1507 2143 1582 2174 ne-
1666 2129 1815 2185 itaque
1855 2141 1936 2172 nec
1979 2133 2124 2172 cetera
2162 2127 2477 2183 probationum
2515 2128 2678 2172 indicia
2708 2129 3015 2184 reprobentur,

245 2185 466 2230 cessitudo
506 2185 921 2240 consanguinitatis,
960 2186 1037 2230 sed
1073 2187 1295 2230 natalibus
1334 2187 1403 2230 vel
1446 2186 1581 2242 adop·
1665 2185 1761 2228 iure
1804 2185 2070 2240 competenti
2113 2184 2418 2239 praediorum,
2464 2197 2578 2240 quae
2621 2184 2668 2228 in
2716 2185 3016 2239 quaestionem

245 2239 379 2286 tionis
407 2240 698 2285 sollemnitate
727 2241 1027 2296 coniungitur,
1066 2255 1150 2285 nec
1186 2242 1395 2286 adversus
1426 2243 1581 2286 absen-
1666 2241 1870 2294 veniunt,
1915 2240 2155 2284 dominium
2199 2240 2254 2283 ad
2296 2244 2342 2282 te
2383 2241 2565 2284 ostende
2603 2241 2837 2295 pertinere.
2913 2254 3013 2285 nam

244 2301 334 2340 tem
369 2295 624 2353 hereditatis
662 2296 924 2341 dividundae
961 2298 1104 2363 gratia
1140 2299 1261 2341 velut
1300 2302 1456 2342 contra
1493 2299 1583 2341 fra—
1667 2309 1738 2340 res
1767 2296 2063 2339 vindicantem
2093 2296 2149 2339 ab
2180 2298 2378 2350 emptore
2403 2309 2508 2339 suos
2536 2299 2790 2339 numeratos
2815 2309 3014 2340 nummos

245 2357 357 2397 trem
383 2363 466 2408 pro
494 2352 658 2396 ancilla
684 2353 849 2408 petitus
889 2353 1055 2398 arbiter
1094 2353 1369 2397 substantiae
1407 2354 1584 2410 perimit
1667 2352 1999 2395 adseverantem
2036 2363 2141 2406 erga
2177 2352 2485 2406 probationem
2523 2353 2731 2395 laborare
2773 2365 2862 2395 non
2911 2365 3013 2396 con-

250 2413 270 2452 1
330 2407 573 2452 veritatem.
643 2407 741 2451 Sive
778 2409 928 2464 itaque
957 2409 1086 2464 quasi
1115 2409 1172 2451 ad
1206 2422 1413 2461 sororem,
1455 2421 1582 2464 quam
1667 2407 1805 2461 venit,
1847 2407 1884 2450 si
1922 2407 2097 2462 quidem
2124 2407 2400 2459 huiusmodi,
2440 2407 2544 2450 licet
2571 2408 2807 2463 probetur,
2847 2408 3014 2451 factum

246 2463 453 2508 ancillam
480 2466 526 2507 te
561 2476 692 2519 posse
730 2464 921 2518 probare
960 2464 1165 2518 confidis,
1207 2465 1440 2520 epistulam
1481 2466 1583 2508 emi·
1667 2462 1903 2507 intentioni
1940 2463 2110 2506 nullum
2180 2467 2345 2506 raestet
2384 2462 2712 2507 adminiculum.
2782 2462 2828 2507 S.
2869 2475 2920 2507 VI
2953 2464 3012 2507 id.

246 2519 363 2573 sisti,
403 2519 495 2563 sive
533 2519 724 2563 familiae
764 2520 1051 2564 erciscundae
1090 2521 1215 2576 quasi
1252 2534 1334 2576 pro
1371 2520 1585 2564 coherede
1668 2518 1795 2562 Dec.⁹
1826 2517 2067 2576 Sinqiduni
2098 2516 2134 2562 0
2161 2518 2200 2562 ⁷.⁹
2229 2532 2370 2562 conss.
2824 2524 2880 2572 [a.
2913 2523 3011 2572 294]

245 2575 410 2631 petitus
449 2575 615 2619 arbiter
652 2575 887 2629 doceatur,
939 2576 1229 2620 fraternitatis
1268 2577 1467 2632 quaestio
1507 2589 1585 2631 per
1726 2572 1790 2619 22
1823 2573 1948 2618 Idem
1977 2575 2070 2618 AA.
2111 2578 2158 2618 et
2187 2572 2266 2618 00.
2297 2574 2615 2632 Aqatlzooleae.
2685 2574 2755 2618 Ad
2788 2576 3013 2631 probatio-

245 2633 356 2676 haec
383 2630 481 2675 tolli
510 2643 600 2674 non
662 2631 787 2675 otuit.
831 2631 886 2675 D.
904 2631 946 2675 lc.
963 2631 1068 2676 Dee.
1086 2633 1178 2675 AA.
1197 2646 1338 2676 conss.
1396 2636 1451 2684 [a.
1485 2635 1583 2684 293]
1667 2643 1766 2674 nem
1798 2631 2020 2674 servitutis
2052 2630 2261 2685 Glyconis
2291 2635 2475 2673 matrem
2505 2631 2598 2674 eius
2630 2644 2682 2674 ac
2711 2631 2894 2675 fratrem
2920 2645 3013 2676 ser-

257 2739 259 2742 ,
303 2685 368 2733 14
408 2685 533 2730 Idem
568 2645 659 2730 Ad)
702 2693 747 2731 et
785 2685 861 2731 00.
903 2686 1130 2732 Muciano.
1198 2687 1300 2731 Non
1335 2688 1465 2732 nudis
1505 2688 1583 2731 ad·
1667 2687 1770 2730 vilia
1805 2686 1964 2730 fecisse
2002 2686 2248 2730 ministeria
2287 2700 2375 2730 non
2405 2686 2593 2741 sufficit,
2636 2700 2735 2730 cum
2775 2700 2918 2742 neque
2945 2689 3013 2732 in·

246 2741 590 2787 severationibus
627 2755 711 2786 nec
748 2744 956 2787 ementita
994 2744 1290 2799 professione,
1334 2744 1438 2787 licet
1475 2745 1584 2787 utri-
1667 2754 1909 2809 genuorum
1951 2742 2199 2786 coniventia
2239 2742 2483 2786 coniunctis
2523 2743 2849 2786 necessitudine
2885 2757 3013 2799 prae-

244 2811 328 2854 que
367 2797 668 2851 consentiant,
716 2797 794 2842 sed
829 2799 1107 2845 matrimonio
1146 2800 1339 2854 legitimo
1381 2800 1584 2855 concepti
1626 2831 1631 2854 ,
1684 2798 1833 2841 udicet
1871 2810 2014 2854 neque
2049 2798 2103 2842 de
2143 2799 2279 2842 servis
2315 2811 2370 2842 ex
2399 2799 2551 2842 eadem
2579 2804 2719 2843 matre
2750 2801 2866 2843 natis
2898 2813 3013 2844 unus

241 2854 311 2898 vel
347 2853 584 2910 adoptione
621 2854 821 2898 sollemni
859 2854 938 2898 filii
979 2855 1094 2902 civili
1131 2856 1227 2899 iure
1262 2856 1379 2912 patri
1419 2857 1583 2900 consti·
1625 2860 1631 2879 ¹
1687 2855 1915 2898 ‘bertatem
1958 2854 2145 2910 adipisci
2186 2854 2487 2910 prohibeatur.
2565 2854 2620 2900 D.
2671 2867 2789 2899 VJJJJ
2830 2855 2872 2899 lc.
2912 2855 3011 2899 Ian.

242 2913 443 2954 tuuntur.
501 2909 540 2954 si
569 2910 631 2953 ita
660 2923 716 2954 ue
745 2911 865 2954 hunc
894 2914 1050 2955 contra
1074 2924 1202 2967 quem
1229 2913 1452 2968 supplicas
1477 2913 1583 2956 alie·
1666 2911 1778 2969 ipsis
1810 2909 1887 2954 00.
1921 2924 2063 2954 conss.
2826 2916 2880 2964 [a.
2915 2916 3011 2964 294]

243 2979 347 3010 num
377 2978 473 3010 esse
504 2965 619 3010 confi
650 2979 711 3020 is,
750 2979 830 3022 per
864 2972 909 3010 te
938 2968 1006 3010 vel
1034 2981 1113 3023 per
1141 2971 1477 3023 procuratorem
1505 2969 1582 3012 ad·
1725 2963 1790 3012 23
1831 2965 1956 3010 Idem
1995 2967 2087 3010 ΑΑ.
2130 2972 2174 3010 et
2214 2965 2291 3010 CC.
2333 2965 2552 3010 Menelao.
2613 2967 2751 3010 Actor
2789 2968 2905 3022 quod
2934 2968 3010 3010 ad-

244 3021 531 3066 firmationem
575 3022 669 3066 eius
713 3021 871 3066 falsam
916 3023 1080 3079 detege.
1155 3023 1208 3067 D.
1253 3023 1295 3067 lc.
1338 3023 1443 3068 Dee.
1489 3025 1580 3068 ΑΛ.
1667 3027 1839 3066 severat
1876 3023 2066 3077 probare
2104 3035 2151 3065 se
2190 3036 2280 3065 non
2318 3035 2450 3078 posse
2488 3022 2736 3077 profitendo
2774 3035 2896 3066 reum
2934 3037 3010 3066 ne-

244 3091 388 3122 conss.
1395 3084 1450 3132 [a.
1483 3084 1581 3132 293]
1669 3078 1874 3121 cessitate
1902 3078 2179 3121 monstrandi
2209 3078 2478 3120 contrarium
2507 3091 2598 3120 non
2628 3078 2874 3132 adstringit,
2912 3092 3009 3123 cum

303 3131 366 3178 15
399 3130 525 3176 Idem
553 3132 645 3175 ΑΛ.
677 3137 722 3176 et
752 3131 828 3176 00.
860 3134 1102 3177 Antonino.
1161 3134 1240 3177 Vis
1276 3135 1392 3189 eius,
1433 3136 1507 3191 qui
1536 3149 1584 3179 se
1666 3147 1748 3188 per
1783 3146 1931 3176 rerum
1967 3138 2174 3175 naturam
2211 3133 2377 3176 factum
2413 3134 2611 3188 negantis
2652 3133 2857 3189 probatio
2889 3136 3011 3178 nulla

248 3187 471 3232 dominum
502 3187 751 3251 contendit,
791 3188 848 3230 ad
876 3188 1188 3244 imponendum
1219 3203 1329 3234 onus
1359 3191 1581 3246 probatio·
1668 3189 1739 3232 sit.
1799 3188 1854 3231 D.
1894 3200 1989 3231 VIII
2018 3188 2060 3231 lc.
2094 3187 2194 3231 Ian.
2229 3187 2306 3232 00.
2339 3201 2481 3231 conss.
2821 3194 2877 3241 [a.
2910 3194 3010 3242 294]

245 3244 313 3288 nis
343 3255 469 3287 servo
498 3243 674 3287 minime
710 3243 905 3298 prodest.
974 3257 1075 3287 cum
1110 3245 1243 3299 igitur
1279 3246 1505 3300 aufugisse
1539 3252 1583 3290 te
1724 3242 1789 3289 24
1835 3242 2050 3300 ¹⁰Imppp.
2094 3242 2258 3287 Valens
2299 3242 2546 3287 Gratianus
2583 3250 2627 3287 et
2670 3243 3010 3289 Valentinianus

245 3299 301 3343 de
329 3298 458 3343 domo
489 3297 639 3342 Severi
668 3299 939 3354 profitearis,
978 3311 1130 3343 verum
1163 3313 1246 3343 nec
1275 3301 1332 3343 ab
1362 3301 1437 3344 illo
1467 3303 1583 3346 iusto
1666 3299 1800 3343 ΑΑΑ.
1833 3299 1893 3342 ad
1920 3299 2165 3342 Antonium
2184 3313 2269 3357 pp.
2321 3300 2527 3344 Iubemus
2558 3313 2710 3344 omnes
2739 3300 3010 3358 deinceps¹¹‚

244 3355 392 3408 initio,
431 3354 508 3398 sed
546 3366 625 3408 per
662 3354 913 3398 violentiam
949 3355 1179 3399 adseveres
1219 3367 1315 3399 esse
1345 3356 1583 3406 detentum,
1668 3355 1741 3410 qui
1769 3355 2015 3409 scripturas
2043 3356 2321 3410 suspectas¹2
2346 3355 2749 3409 comminiscuntur,
2783 3371 2882 3400 cum
2906 3358 3009 3412 quid

243 3411 290 3455 in
320 3411 452 3454 uisito
494 3410 642 3466 prius,
687 3422 743 3453 an
782 3411 828 3453 in
871 3410 1192 3466 possessionem
1235 3411 1451 3455 libertatis
1490 3413 1583 3456 sine
1666 3411 1712 3454 in
1763 3410 1927 3454 iudicio
1982 3411 2278 3466 prompserint
2294 3412 2341 3463 ¹³,
2395 3412 2479 3454 nisi
2530 3412 2617 3467 ipsi
2660 3412 2961 3457 adstruxerint
2977 3416 3008 3441 ¹⁴

244 3424 346 3511 (10(10
383 3466 499 3511 malo
541 3467 805 3510 constitutus
846 3467 926 3516 sis,
961 3469 1068 3511 tunc
1097 3467 1240 3519 etiam,
1281 3480 1393 3511 onus
1421 3469 1582 3523 proba·
1667 3466 1906 3519 veritatem,
1938 3468 1988 3508 ut
2016 3465 2210 3509 nefariae
2240 3467 2326 3511 scri
2360 3470 2487 3511 turae
2517 3480 2616 3511 reos
2646 3474 2691 3512 et
2705 3470 2739 3495 ¹⁵
2767 3469 2896 3525 quasi
2924 3470 3007 3513 fal-

244 3523 378 3567 tionis
407 3522 483 3577 qui
512 3521 671 3565 debeat
699 3522 861 3574 subire,
892 3535 971 3578 per
998 3523 1249 3566 huiusmodi
1278 3527 1479 3567 eventum
1508 3523 1582 3567 de·
1668 3522 1807 3565 sarios
1848 3534 1943 3565 esse
1983 3521 2256 3566 detinendos.
2369 3558 2378 3567 .
2407 3523 2532 3581 prid.
2573 3523 2632 3567 id.
2671 3523 2771 3568 Ian.
2814 3525 3009 3570 Treviris

246 3578 500 3623 clar-abitur.
559 3577 614 3621 D.
654 3590 704 3621 VJ
728 3577 772 3621 lc.
805 3577 902 3622 Ian.
934 3579 1027 3623 ΑΑ.
1061 3592 1204 3622 conss.
1413 3593 1452 3622 a.
1486 3582 1582 3631 293]
1679 3577 1863 3621 Valente
1901 3589 1950 3620 VJ
1976 3582 2020 3621 et
2058 3576 2374 3623 Valentiniano
2405 3591 2452 3622 II
2476 3579 2569 3623 AA.
2601 3593 2745 3624 conss.
2821 3585 2876 3633 [a.
2909 3585 3006 3634 378]

303 3631 369 3680 16
399 3633 525 3678 Idem
562 3633 653 3677 ΛΑ.
700 3639 745 3678 et
784 3632 860 3678 00.
899 3632 1147 3692 Philippo²
1190 3640 1234 3678 et
1276 3633 1580 3678 Sebastianae.
1624 3630 1627 3693 1
1698 3630 1786 3696 ‚25
1826 3631 2041 3732 ¹⁶Impplp.
2075 3631 2320 3679 Gratianus
2359 3633 2702 3679 Valentinianus
2731 3641 2776 3679 et
2806 3636 3007 3679 Theodo-

246 3690 345 3734 Sive
381 3689 614 3744 possidetis
643 3689 846 3744 praedia,
889 3702 1001 3745 quae
1039 3703 1067 3733 a
1095 3695 1222 3745 patre
1252 3691 1472 3734 communi
1500 3690 1585 3734 sibi
1625 3696 1627 3708 ²
1666 3702 1760 3732 stus
1801 3688 1934 3733 ΑΑΑ.
2021 3690 2120 3733 loro
2155 3704 2239 3748 pp.
2319 3690 2470 3734 Sciant
2521 3692 2668 3734 cuncti
2721 3696 3006 3735 accusatores

245 3746 405 3789 fratres
459 3745 627 3788 emanci
660 3745 720 3788 ati
773 3745 935 3789 donata
988 3746 1303 3790 contendentes
1347 3747 1583 3800 vindicant,
1667 3757 1763 3788 eam
1803 3757 1850 3787 se
1888 3757 1979 3788 rem
2017 3745 2186 3790 deferre
2227 3746 2387 3789 debere
2422 3747 2467 3788 in
2504 3746 2727 3801 publicam
2767 3747 3005 3801 notionem,

245 3802 354 3858 ipsis
382 3800 598 3844 incumbit
646 3801 735 3844 acti
763 3802 1038 3856 probationis
1067 3802 1323 3854 necessitas,
1356 3803 1446 3846 sive
1474 3802 1583 3857 ipsis
1668 3813 1780 3855 quae
1819 3801 1989 3843 munita
2026 3800 2084 3844 sit
2120 3802 2307 3845 testibus
2337 3802 2503 3845 idoneis
2532 3803 2600 3844 vel
2628 3803 2846 3845 instructa
2875 3815 3003 3858 aper-

245 3870 299 3901 ea
327 3856 523 3913 praedia,
555 3857 678 3911 quasi
708 3868 735 3899 a
762 3861 890 3912 patre
918 3862 1064 3901 vestro
1094 3858 1179 3902 sibi
1214 3858 1389 3912 donata,
1432 3864 1583 3902 tenen·
1665 3857 1846 3900 tissimis
1887 3855 2158 3901 documentis
2198 3858 2267 3901 vel
2305 3857 2478 3900 indiciis
2516 3857 2572 3901 ad
2607 3858 2909 3912 probationem
2938 3859 3004 3901 in-

244 3914 363 3958 tibus
391 3925 468 3956 vos
498 3912 679 3955 heredes
710 3913 963 3956 constituti³
1005 3914 1143 3969 patris
1174 3914 1334 3969 petitis,
1364 3918 1414 3958 ut
1442 3915 1583 3957 inten-
1668 3911 1878 3956 dubitatis
1899 3917 1943 3956 et
1959 3912 2060 3958 luce
2077 3913 2336 3956 clarioribus
2360 3912 2623 3967 expedita¹⁷.
2664 3912 2719 3956 D.
2747 3926 2819 3956 JV
2839 3913 2883 3956 lc.
2901 3912 2999 3957 Iun.

243 3971 407 4014 tionem
444 3972 636 4013 vestram
671 3980 762 4012 non
799 3969 1049 4013 constitisse
1088 3970 1317 4025 detegant,
1359 3971 1474 4014 unde
1506 3970 1582 4013 do·
1671 3966 2062 4026 Constantinopoli
2090 3970 2288 4013 Antonio
2318 3976 2363 4012 et
2387 3967 2584 4024 Syayrio
2615 3982 2756 4012 conss.
2791 4011 2793 4013 ,
2819 3973 2874 4020 [a.
2904 3973 3000 4022 382]

1671 4106 1788 4158 iunqe
1804 4106 1842 4155 9,
1860 4112 1912 4155 31,
1928 4114 1944 4145 1
2031 4107 2099 4153 (11)
2131 4106 2322 4158 deinceps
2349 4109 2506 4147 restitui
2530 4123 2577 4148 ea·
2595 4108 2666 4148 Th.
2687 4117 2723 4148 et
2742 4109 2829 4148 ΒΣ
2850 4110 2902 4159 (κ.
2919 4111 2999 4159 πε),

1671 4176 1742 4200 om.
1772 4161 1866 4200 libri
1949 4162 2024 4211 (12)
2053 4161 2230 4201 nefarias
2249 4162 2337 4211 Th„
2362 4165 2414 4214 cf.
2438 4164 2527 4202 ΒΣ
2605 4164 2677 4213 (13)
2707 4165 2766 4203 sie
2795 4165 2887 4205 dett.
2915 4180 2996 4204 cum

1669 4217 1763 4261 ΒΣ,
1789 4215 2017 4265 promerint
2030 4216 2160 4267 PCR,
2175 4217 2439 4269 promiserint
2456 4219 2553 4258 libri
2566 4219 2640 4258 Th.
2727 4219 2798 4265 (14)
2829 4222 2888 4259 sic
2904 4221 2995 4259 dett.

1665 4291 1747 4317 cum
1769 4276 1854 4326 Th„
1884 4274 2152 4316 astrinxerint
2176 4275 2286 4316 PCR
2368 4275 2441 4324 (15)
2472 4275 2513 4313 et
2539 4274 2609 4314 le.
2638 4288 2722 4313 cum
2743 4273 2833 4313 ΒΣ
2848 4274 2903 4323 (κ.
2921 4274 3001 4325 πη),

247 4351 294 4377 02·
330 4337 412 4378 loco
447 4337 638 4390 probavit
673 4334 892 4375 Mommsen
921 4333 1124 4388 Zeitf'olqe
1163 4349 1208 4387 p.
1234 4343 1318 4376 372.
1341 4343 1431 4376 429:
1481 4337 1579 4376 ordo
1665 4348 1736 4372 om.
1771 4332 1865 4371 libri
1947 4330 2020 4382 (16)
2051 4352 2105 4366 =
2130 4331 2201 4372 Th.
2220 4332 2258 4380 9,
2274 4339 2391 4380 37,3:
2424 4331 2541 4382 iunye
2558 4330 2673 4379 9,4e,
2692 4338 2711 4370 9
2800 4329 2873 4380 (17)
2902 4331 3000 4370 idem

248 4393 562 4433 constitutionum
602 4406 773 4431 errorem
810 4390 1084 4442 compilationi
1121 4392 1172 4430 ab
1209 4391 1322 4432 initio
1360 4392 1580 4432 inhaesisse
1664 4389 1819 4428 omnino
1849 4387 1936 4426 ΒΣ
1958 4386 2013 4437 (κ.
2030 4389 2116 4438 π.);
2156 4387 2289 4426 sciant
2317 4385 2476 4435 cuncti,
2512 4383 2873 4436 praemeditentur,
2904 4389 2998 4424 ante

248 4449 415 4489 ostendit
536 4447 592 4499 (6)
624 4449 681 4487 sic
712 4448 757 4496 P,
787 4458 873 4486 1111
901 4444 982 4485 kal.
1012 4458 1097 4498 apr.
1129 4445 1229 4487 Hal.
1351 4447 1406 4499 (7)
1436 4447 1501 4486 his
1532 4448 1581 4487 M
1662 4444 1930 4495 praecaveant
1959 4454 2047 4481 eam
2076 4456 2117 4482 se
2147 4455 2232 4482 rem
2262 4441 2419 4481 deferre
2447 4440 2492 4479 in
2516 4453 2556 4492 p.
2580 4452 2635 4491 n.,
2666 4452 2704 4490 q.
2727 4453 2779 4479 m.
2811 4440 2865 4479 sit
2886 4441 2998 4480 testi-

249 4517 331 4543 cum
354 4502 412 4555 B,
441 4519 513 4545 om.
535 4503 607 4543 CR
692 4503 748 4555 (S)
776 4504 877 4543 idem
904 4502 1044 4555 leqisse
1070 4501 1346 4554 compilatores
1370 4518 1417 4543 ex
1439 4505 1579 4543 ordine
1616 4512 1618 4549 ζ
1663 4500 1759 4547 bus,
1799 4499 2000 4537 instructa
2038 4498 2312 4547 documentis,
2352 4496 2480 4546 signis
2515 4495 2565 4535 ad
2594 4495 2877 4547 probationem
2908 4495 2998 4536 luce

249 4560 562 4600 constitutionum
593 4567 765 4610 constat,
805 4560 927 4605 fuisse
958 4567 1084 4598 tamen
1114 4558 1223 4609 Sept.
1260 4558 1474 4599 Mommsen
1508 4560 1532 4598 l.
1552 4560 1576 4599 l.
1615 4583 1617 4608 3
1663 4553 1904 4594 clarioribus
1934 4554 2119 4611 expedita
2157 4553 2224 4593 Th.

250 4616 435 4665 probavit
489 4615 544 4667 (9)
562 4627 617 4654 oe.
638 4615 865 4664 Mommsen,
883 4627 942 4653 aa.
960 4614 1061 4654 Hal.
1121 4614 1195 4666 (10)
1212 4634 1267 4648 -ε
1287 4616 1357 4654 Th.
1381 4615 1442 4664 ll,
1459 4623 1516 4661 39,
1538 4624 1575 4654 7:
1614 4622 1616 4628 ’

244 4114 296 4166 (1)
326 4114 398 4163 sic,
427 4113 500 4152 sed
528 4124 561 4150 11
580 4118 654 4163 pro
675 4123 717 4160 V,
750 4109 798 4158 P,
826 4122 894 4162 pp.
918 4123 970 4150 111
991 4123 1086 4150 non.
1108 4113 1226 4151 mart.
1254 4110 1436 4162 gallieno
1458 4125 1491 4151 a.
1515 4124 1582 4151 vn

245 4173 285 4208 et
313 4167 508 4209 sabinillo
538 4181 634 4207 coss.
666 4167 737 4217 (Ξ
763 4182 802 4207 a.
828 4167 914 4217 266)
939 4166 1037 4206 Hal.
1124 4166 1178 4219 (2)
1208 4169 1267 4208 sic
1292 4167 1339 4218 S,
1369 4167 1581 4220 philippae

247 4225 371 4276 PCR,
383 4226 435 4269 cf.
447 4232 526 4264 not.
541 4232 560 4265 3
618 4225 671 4274 (3)
687 4225 746 4264 sic
757 4219 889 4263 PCR⁶
901 4237 984 4262 cum
997 4223 1084 4262 ΒΣ
1094 4225 1147 4274 (κ.
1165 4226 1244 4273 π.),
1260 4223 1505 4263 constitutae
1518 4225 1581 4263 ΕΟ

247 4281 301 4332 (4)
329 4293 362 4320 1
390 4281 505 4328 Hal„
538 4291 652 4318 xvm
683 4279 723 4318 P
801 4277 857 4331 (5)
884 4279 1018 4318 datam
1044 4293 1127 4320 esse
1153 4280 1240 4319 ΑΔ.
1265 4290 1393 4319 conss.
1420 4281 1476 4332 (a.
1495 4283 1580 4330 293)
