3086 4732
200 119 516 195 humum
1551 128 1615 188 41

209 285 554 345 quinquennium
593 279 838 332 sustinebit.
904 282 960 328 D.
990 284 1145 342 pridie
1181 283 1225 330 lc.
1254 284 1400 345 April.
1433 283 1545 330 Con-

212 343 410 388 stantino
430 343 509 397 ,oli
534 341 770 387 Anthemio
797 341 851 400 At
881 350 928 383 11
953 352 1075 400 cons²
1349 342 1411 398 [a.
1440 338 1544 394 468]

272 397 339 444 16
373 399 387 424 ¹
417 397 516 442 dem
538 399 630 442 AA.
662 392 878 452 Erythrio
900 404 985 448 pp.
1032 392 1079 434 S1
1106 392 1276 446 legibus
1305 390 1557 450 prohibitae

215 467 306 499 non
334 453 425 499 sint
454 457 661 508 speratae
688 447 872 505 nuptiae
900 451 946 491 et
981 452 1084 503 post
1112 461 1236 492 arras
1266 447 1556 504 sponsalicias

213 522 381 567 sponsa
394 509 644 565 coniugium
654 504 807 562 sponsi
823 505 1008 560 propter
1023 504 1243 559 religionis
1261 504 1558 548 diversitatem

213 566 498 620 recusaverit,
524 565 562 609 si
585 562 758 620 quidem
780 560 1018 616 probatum
1035 559 1170 603 fuerit
1194 565 1298 605 ante
1316 561 1443 604 datas
1459 569 1556 601 eas-

214 622 313 667 dem
328 635 452 668 arras
473 617 765 678 sponsalicias
789 617 876 660 hoc
890 615 1006 660 idem
1020 617 1246 662 mulierem
1263 618 1331 662 vel
1351 618 1557 672 parentes

214 678 310 723 eius
326 679 597 734 cognovisse,
622 674 707 719 sibi
729 673 920 717 debeant
942 673 1174 728 imputare.
1217 674 1255 717 si
1271 686 1373 717 vero
1400 671 1557 715 horum

213 735 356 791 ignari
380 731 667 790 sponsalicias
684 742 810 773 arras
827 730 1104 785 susceperint
1117 731 1185 773 vel
1210 732 1315 786 post
1337 739 1464 774 arras
1481 725 1556 768 da-

213 797 284 835 tas
299 789 402 835 talis
418 800 554 834 causa
567 786 866 844 paenitentiae
881 786 1197 840 intercesserit,
1208 787 1350 830 isdem
1364 786 1557 828 tantum-

214 847 346 892 modo
363 845 547 890 redditis
573 855 708 898 super
731 842 916 886 alterius
935 842 1079 898 simpli
1096 856 1240 898 poena
1263 841 1392 887 liberi
1409 840 1558 884 custo-

213 903 406 948 diantur.
437 900 557 958 quod
580 899 712 943 simili
728 899 858 942 modo
875 899 1009 942 etiam
1027 899 1080 942 de
1103 898 1278 954 sponsis
1295 909 1430 953 super
1446 893 1557 937 reci-

245 957 388 1003 iendis
402 969 485 1001 nec
498 968 556 1000 ne
572 956 685 999 arris
701 955 928 1011 praestitis
948 956 1160 998 custodiri
1178 966 1424 999 censemus.
1450 948 1558 995 DJc.

211 971 302 1059 ful.
321 1012 710 1068 Constantinopoli
725 1011 962 1056 Marciano
982 1026 1099 1056 cons.
1378 1009 1438 1064 [a.
1456 1005 1556 1060 472]

272 1067 333 1138 l?
366 1065 721 1128 ’[Λύτοκράτωρ
735 1065 1023 1111 Ἀναστάσιος
1037 1072 1114 1119 Α.]
1148 1099 1158 1109 .
1177 1100 1187 1109 .
1205 1100 1215 1110 .
1234 1102 1244 1111 .
1279 1067 1557 1118 Θεσπίζομεν

211 1138 412 1180 σιτωνην
429 1157 440 1168 .
457 1158 466 1168 .
486 1157 496 1167 .
514 1157 525 1167 .

313 1178 455 1225 ςΌταν
470 1182 521 1224 ἔν
537 1199 628 1224 τινι
644 1179 771 1224 πόλει
788 1179 983 1224 σιτώνου
998 1185 1184 1239 γένηται
1202 1184 1338 1237 χρεία,
1360 1174 1471 1219 κατὰ
1489 1171 1558 1241 δο-

321 1241 536 1294 κιμασίαν
559 1241 633 1280 καὶ
651 1236 862 1296 ἑπιλογὴν
887 1237 1001 1280 καθ’
1023 1236 1217 1290 ἑκάστην
1233 1233 1367 1279 πόλιν
1383 1236 1558 1277 ἐπισκο-

323 1310 410 1339 που
424 1296 499 1336 καὶ
515 1295 612 1336 τῶν
623 1296 673 1336 ἐν
682 1297 773 1336 τοῖς
788 1292 998 1351 κτήτορσι
1009 1291 1341 1350 πρωτευόντων
1354 1287 1558 1349 γινέσθω

321 1346 350 1405 ἡ
374 1352 450 1392 ἐπὶ
474 1345 596 1404 αὐτῷ
621 1349 833 1409 προβολή,
865 1347 914 1392 οὗ
943 1350 1058 1394 κατὰ
1082 1348 1136 1392 τὸ
1164 1347 1324 1391 δοκοῦν
1338 1349 1429 1389 τοῖς
1453 1358 1560 1410 προ-

322 1405 615 1462 βαλλομένοις
638 1404 743 1449 οὐδὲ
766 1404 840 1463 ἐφ’
867 1406 930 1449 οἷς
951 1404 1008 1450 ἂν
1032 1404 1368 1461 βουληθείησαν
1384 1414 1560 1459 προσω-

325 1477 437 1515 ποις,
460 1459 572 1504 ἀλλὰ
584 1463 744 1519 μόνων
758 1465 855 1504 τῶν
871 1465 946 1506 ἐπὶ
961 1465 1038 1517 τῆς
1053 1461 1200 1519 χώρας
1217 1463 1384 1513 ἐκείνης
1397 1456 1560 1522 τάξεω-

323 1520 422 1562 τῶν
437 1519 532 1561 τῶν
560 1522 930 1574 στρατευομένων
954 1522 1028 1560 καὶ
1044 1519 1142 1560 τῶν
1157 1514 1464 1570 ἀποθεμένων
1477 1529 1562 1566 την

323 1573 466 1627 τάξιν,
493 1572 566 1616 διὰ
581 1576 679 1617 τῶν
699 1575 947 1631 εἰρημένων
971 1569 1239 1631 προσώπων
1254 1570 1364 1628 πρὸς
1384 1568 1560 1623 τὴνωσι-

323 1635 498 1674 τωνίαν
521 1629 916 1688 προβαλλομένων,
942 1627 1096 1682 ἐπειδὴ
1114 1625 1422 1686 εὐχερέστερον
1440 1623 1562 1667 οὗτοι

322 1690 420 1729 ταῖς
429 1683 662 1739 δημοσίαις
675 1689 840 1743 χρείαις
850 1687 1184 1742 ἐντετριμμένοι
1201 1687 1248 1726 ἐκ
1257 1682 1447 1740 μακρῶν
1461 1678 1560 1738 χρό-

323 1758 419 1784 νων
428 1744 480 1784 τὸ
497 1742 573 1795 τῆς
583 1746 795 1784 σιτωνίας
810 1738 1041 1784 διανύουσι
1056 1738 1205 1799 βάρος.
1230 1736 1254 1782 ὁ
1271 1736 1320 1781 δὲ
1337 1740 1561 1794 παραβαί-

321 1813 419 1840 νων
442 1793 470 1850 ἣ
495 1798 831 1854 παραβαθῆναι
856 1798 1104 1855 συγχωρῶν
1127 1795 1210 1839 τὸν
1231 1792 1375 1846 νόμον
1399 1792 1436 1837 λ’
1462 1810 1562 1851 χρυ-

321 1859 420 1897 σίου
442 1853 595 1925 λίτρας
609 1856 838 1908 ἐπιτίμιον
852 1851 1190 1909 καταβαλλέτω.
1238 1852 1300 1908 [a.
1316 1855 1395 1895 491
1406 1876 1447 1881 —-
1458 1851 1560 1907 505]

268 1906 332 1957 18
364 1907 455 1961 ³[‘0
484 1909 616 1952 αυτὸς
643 1908 864 1961 βασιλεύς]
897 1939 936 1951 ..
953 1938 995 1951 ..
1027 1911 1310 1972 Θεσπίζομεν
1337 1939 1492 1951 ......

333 1961 384 2003 Οἱ
425 1959 677 2017 ὑφεστῶτες
718 1963 794 2002 καὶ
835 1959 894 2014 τῆ
935 1958 1235 2019 παραφυλακῃ
1288 1973 1560 2018 προσκαρτε-

331 2017 510 2074 ροῦντες
545 2016 820 2073 στρατιῶται
858 2004 908 2057 ἓν
950 2019 1041 2058 τοῖς
1083 2013 1277 2058 σεδέτοις
1313 2012 1466 2058 αὐτῶν
1509 2012 1561 2056 τὸ

331 2067 693 2129 προσφερόμενον
735 2069 849 2113 εἶδος
887 2072 934 2112 ἐκ
971 2073 1070 2114 τῶν
1108 2073 1157 2113 ἐν
1185 2073 1241 2126 τῆ
1281 2069 1410 2115 πόλει
1440 2066 1467 2124 ἢ
1505 2071 1561 2124 τῆ

333 2130 483 2186 ἐνορίᾳ
538 2124 671 2180 αὐτῆς
711 2130 1060 2185 γεωργουμένων
1111 2118 1406 2180 δεχέσθωσαν
1449 2116 1563 2183 ὑπὲρ

332 2184 428 2226 τῶν
470 2179 679 2226 ἀννόνων
723 2179 874 2226 αὐτῶν
917 2181 1158 2238 δοκιμασίᾳ
1199 2185 1279 2226 τοῦ
1316 2179 1563 2226 ἐπισκόπου

333 2242 406 2281 καὶ
444 2240 523 2282 τοῦ
566 2236 774 2297 ἄρχοντος
811 2236 838 2294 ἢ
876 2240 955 2281 τοῦ
986 2236 1159 2292 ἐκδίκου
1204 2239 1250 2290 ἐξ
1280 2232 1564 2296 ἀπολείψεως

334 2295 413 2337 τοῦ
442 2291 664 2352 ἄρχοντος,
693 2298 768 2336 καὶ
796 2295 874 2338 οὗκ
899 2291 1194 2353 ἀναγκάζεται
1223 2292 1246 2338 ὁ
1276 2293 1564 2346 συντελεστὴς

334 2348 674 2410 άπαργυρισμὸν
704 2347 893 2392 διδόναι.
1243 2354 1304 2405 [a.
1324 2348 1564 2406 491-505]

283 2404 348 2454 19
379 2405 505 2450 Idem
532 2407 584 2449 A.
616 2405 857 2449 Eustatlzio
877 2420 962 2464 pp.
1019 2406 1227 2451 Iubemus
1264 2419 1340 2451 eos
1368 2410 1561 2449 tantum-

228 2462 355 2507 modo
398 2461 457 2506 ad
498 2460 775 2505 defensorum
819 2474 972 2504 curam
1013 2462 1309 2518 peragendam
1353 2462 1563 2514 ordinari,

227 2518 303 2575 qui
339 2517 634 2562 sacrosanctis
671 2517 941 2561 orthodoxae
970 2519 1191 2574 religionis
1218 2518 1374 2562 imbuti
1403 2519 1564 2573 myste-

227 2574 302 2618 riis
340 2574 426 2618 hoc
462 2573 674 2628 imprimis
713 2573 796 2616 sub
824 2578 1046 2628 gestorum
1076 2574 1401 2626 testificatione,
1435 2585 1565 2628 prae-

228 2632 352 2674 sente
381 2642 554 2684 quoque
582 2629 907 2684 religiosissimo
937 2629 1041 2673 fidei
1056 2630 1330 2674 orthodoxae
1354 2629 1564 2682 antistite,

227 2699 307 2742 per
334 2685 630 2741 depositiones
662 2697 762 2728 cum
791 2686 1057 2728 sacramenti
1094 2686 1305 2741 religione
1338 2685 1566 2730 celebran-

227 2742 307 2785 das
335 2740 640 2797 patefecerint.
698 2741 762 2783 ita
792 2741 906 2783 enim
936 2754 1011 2785 eos
1035 2742 1333 2797 praecipimus
1358 2740 1566 2793 ordinari,

226 2803 277 2841 ut
311 2797 765 2841 reverentissimorum
801 2797 1108 2852 episcoporum
1145 2811 1227 2842 nec
1263 2811 1353 2842 non
1383 2797 1566 2841 clerico-

226 2866 324 2898 rum
364 2857 409 2897 et
450 2852 766 2896 honoratorum
809 2865 863 2896 ac
905 2865 1210 2909 possessorum
1253 2857 1298 2897 et
1337 2853 1568 2896 curialium

228 2909 404 2953 decreto
435 2909 777 2952 constituantur.
836 2908 891 2952 D.
910 2921 1013 2952 ΧΗ]
1038 2908 1082 2953 lc.
1105 2908 1215 2954 Mai.
1246 2908 1495 2953 Sabiniano
1524 2913 1570 2952 et

232 2964 464 3009 Theodoro
495 2978 639 3008 conss.
668 2984 670 2986 ·
1369 2965 1430 3021 [a.
1463 2964 1566 3021 505]

213 3102 263 3150 (1)
293 3120 350 3135 =
375 3104 520 3152 5,1,5:
553 3103 671 3154 iunye
705 3103 741 3152 1,
768 3110 894 3151 18,13.
927 3105 965 3153 5,
985 3112 1018 3151 6,
1037 3112 1070 3144 8.
1103 3107 1142 3154 5,
1169 3112 1266 3154 30‚3
1384 3104 1440 3155 (2)
1471 3118 1504 3144 c.
1526 3113 1565 3145 ιτ

213 3158 400 3197 restituta
429 3165 487 3197 est
517 3171 566 3196 ex
599 3159 663 3208 10,
687 3166 746 3207 27,
770 3165 804 3205 3,
842 3172 961 3209 qua-m
990 3159 1064 3199 hoc
1095 3159 1179 3200 loco
1208 3161 1452 3214 yeminatam
1482 3175 1567 3200 esse

215 3220 372 3253 constat
400 3227 449 3252 ex
479 3212 627 3262 Const„
654 3215 802 3253 omissa
830 3218 850 3260 ᾗ
875 3222 907 3262 1,
937 3229 1042 3266 quae
1071 3230 1197 3268 neque
1224 3217 1265 3255 in
1299 3214 1431 3255 Const.
1458 3217 1566 3256 indi·

215 3276 332 3308 catur
346 3275 384 3308 et
398 3268 535 3308 aliena
551 3276 609 3308 est
625 3271 675 3308 ab
694 3270 809 3308 huius
827 3270 935 3309 tituli
949 3280 1182 3322 aryumento
1255 3271 1310 3322 (3)
1327 3291 1383 3306 =
1405 3271 1535 3312 Conse.
1549 3287 1565 3312 .·

214 3324 376 3378 gemina
398 3333 457 3364 est
488 3325 550 3375 12,
566 3332 625 3375 37,
641 3332 682 3365 19
713 3325 884 3375 §1fin.:
912 3326 1066 3366 initium
1094 3323 1375 3378 θεσπίζομεν
1401 3327 1568 3368 tradunt

293 3509 350 3556 17
382 3509 574 3564 Quando
602 3512 665 3571 in
704 3512 881 3557 civitate
923 3513 1079 3571 aliqua
1123 3528 1239 3573 opus
1280 3515 1367 3559 erit
1401 3515 1566 3571 sitona,

231 3567 454 3632 arbitratu
492 3572 535 3611 et
572 3569 787 3613 electione
822 3570 1173 3627 ammoniusque
1219 3571 1415 3616 civitatis
1451 3573 1567 3631 epis-

231 3635 334 3681 copi
373 3627 419 3667 et
451 3636 605 3666 eorum
642 3624 721 3681 qui
753 3630 874 3669 inter
890 3639 1184 3684 possessores
1201 3627 1428 3685 primates
1463 3633 1571 3672 sunt

231 3678 329 3722 eius
369 3677 524 3722 electio
562 3680 663 3735 fiat,
704 3693 798 3724 non
832 3695 927 3739 pro
966 3681 1155 3727 arbitrio
1193 3683 1450 3741 eliqentium
1486 3697 1570 3728 nec

233 3746 294 3797 ea:
335 3732 601 3798 quibuslibet
637 3736 872 3800 personis,
914 3737 996 3781 sed
1036 3751 1098 3782 ex
1138 3738 1251 3782 solis
1293 3738 1569 3797 officialibus

233 3801 328 3832 eius
356 3788 460 3853 loci,
487 3802 578 3833 sive
606 3791 795 3836 militent
820 3792 911 3837 sive
950 3793 1108 3837 ordine
1136 3793 1446 3848 abscesserint,
1477 3809 1570 3854 per

231 3857 375 3900 supra
412 3843 557 3888 dictas
584 3859 814 3903 personas
848 3847 910 3892 ad
944 3849 1156 3894 sitoniam
1189 3850 1419 3908 eliqendis,
1458 3865 1569 3908 quo-

233 3900 361 3964 niam·
378 3899 567 3964 facilius
595 3901 643 3944 lii
665 3908 821 3960 utpote
840 3903 889 3946 in
905 3904 1101 3962 publicis
1122 3907 1316 3963 neqotiis
1339 3907 1417 3950 diu
1438 3921 1570 3951 exer-

234 3959 359 3999 citati
400 3959 592 3999 salomae
636 3971 751 4001 onus
787 3973 812 4004 e
881 3959 1046 4005 ediunt.
1159 3961 1207 4005 ui
1248 3961 1389 4021 leqem
1430 3962 1573 4007 violat

232 4010 304 4108 ve}
341 4010 508 4109 vtiolari
539 4013 776 4070 permittit,
864 4014 962 4059 XX
991 4016 1096 4059 auri
1127 3975 1349 4062 librarum
1386 4019 1570 4062 multam

232 4079 283 4110 so
303 4079 358 4110 va
380 4099 390 4109 .

296 4118 357 4168 18
400 4119 570 4166 Milites
609 4122 776 4167 subditi
816 4130 861 4168 et
895 4126 944 4169 in
971 4127 1210 4185 praesidio
1249 4130 1481 4174 constituti
1521 4131 1570 4173 in

235 4177 413 4241 sedibus
451 4177 548 4221 suis
587 4178 758 4237 species
784 4180 856 4243 ‘ab
895 4183 1112 4246 aqricolis
1149 4184 1344 4229 civitatis
1387 4186 1570 4243 eiusque

235 4246 436 4297 reqionzs
474 4247 593 4298 pro·
621 4248 816 4298 annonis
864 4249 960 4280 suis
1010 4238 1234 4304 arbitratu
1284 4241 1486 4300 episcopi
1526 4245 1571 4285 et

234 4288 459 4388 Ξέῗεῖἷῗ
475 4290 1238 4402 0tztiz-a'zz25550ffzirsztas.
1248 4310 1568 4415 „initiis”

293 4396 358 4463 20
398 4397 512 4458 Imp.
545 4399 826 4464 iustinianus
852 4403 904 4446 A.
976 4403 1119 4450 Nemo
1162 4406 1347 4461 militat,
1390 4408 1481 4452 nisi
1521 4408 1570 4451 in

236 4459 351 4498 actis
387 4454 469 4498 sub
507 4459 640 4499 trium
680 4458 929 4502 testimonio
966 4459 1189 4517 adpositis
1227 4463 1399 4507 sanctis
1439 4477 1570 4508 evan-

236 4509 366 4566 9eliis
407 4508 685 4556 Christianus
728 4512 1014 4558 orthodoxus
1057 4516 1389 4575 comprobetur,
1433 4519 1572 4576 qestis

237 4563 361 4622 apud
392 4567 648 4622 praesidem
690 4569 990 4627 excipiendis,
1042 4571 1124 4614 sub
1167 4585 1257 4629 quo
1298 4573 1572 4618 militaturus

2863 133 2954 183 14

1683 280 1749 329 20
1780 272 2103 339 [Αὐτοκράτωρ
2125 272 2439 321 ’Ῑουστινιαιῶς
2466 276 2545 332 Α.]

1739 333 1917 381 4Οὐδεὶς
1945 329 2248 390 στρατεύεται,
2277 334 2316 376 εἰ
2342 331 2404 390 μὴ
2432 328 2779 387 ἐνὸπομνὴμασι
2800 351 2958 393 μαρτυ-

1739 392 1862 450 ρηθῆ
1891 391 1966 432 ἐπὶ
1993 403 2021 429 τ
2051 388 2135 430 ιῶν
2164 390 2239 430 ἐπὶ
2267 391 2365 431 τῶν
2392 383 2536 447 άγίων
2569 384 2832 445 εὐαγγελίων
2856 396 2960 450 Χρι·

1740 436 1919 491 στιοῖνὸς
1969 441 2021 500 ὄρ
2062 441 2233 495 ὀδοξος,
2288 445 2609 497 συνισταμένης
2650 443 2725 494 τῆς
2766 446 2961 502 πράξεως

1739 500 1861 562 παρὰ
1880 500 1949 544 τῶ
1976 498 2170 555 ἄρχοντι,
2201 500 2321 541 ἔνθα
2347 497 2493 549 μέλλει
2518 494 2855 555 στρατεύεσθαι,
2887 500 2963 543 δύο

1739 541 2032 615 νομισμάτων
2061 549 2172 609 ὑπὲρ
2202 549 2335 608 αὐτῆς
2365 551 2626 598 διδομένων.
2684 554 2722 593 εἰ
2759 551 2807 594 δὲ
2837 557 2965 598 τοῦτο

1741 610 2056 680 παραμεληθῇ,
2088 607 2275 652 δίδωσιν
2303 605 2327 651 ὁ
2357 606 2508 667 ἄρχων
2523 605 2802 660 πεντήκοντα
2822 608 2966 665 λίτρας

1741 674 1816 712 καὶ
1857 686 1885 723 η
1925 663 2047 717 τάξις
2092 662 2226 708 αὗτοῦ
2269 663 2314 706 κ’
2352 668 2427 706 καὶ
2466 660 2490 706 ὁ
2527 662 2901 722 στρατευσάμενος
2933 667 2965 705 ι’

1741 729 1816 767 καὶ
1845 720 2105 780 ἐκβάλλεται
2135 724 2208 762 καὶ
2237 719 2281 762 οἱ
2308 717 2807 778 ψευδομαρτυρήσαντες
2826 734 2970 773 σωμα·

1742 782 1877 823 τικῶς
1913 778 2217 836 τιμωροῦνται
2253 779 2328 818 καὶ
2367 776 2413 817 αἱ
2442 778 2598 819 ποιναὶ
2625 778 2716 826 τοῖς
2743 773 2973 832 πριβάτοις

1744 834 1998 893 εἰσάγονται
2026 830 2221 886 κινδύνῳ
2251 834 2332 874 τοῦ
2361 830 2562 884 κόμητος.

1689 889 1750 938 21
1788 890 1932 934 ⁵Idem
1962 890 2014 933 A.
2044 888 2207 932 Menae
2227 902 2311 946 pp.
2378 887 2426 930 Si
2462 898 2671 943 praesens
2702 884 2875 940 quidem
2906 886 2974 948 sit,

1634 949 1709 1005 qui
1736 948 1970 1004 pecuniam
2001 956 2259 988 numerasse
2288 943 2356 987 vel
2385 943 2495 986 alias
2535 955 2605 986 res
2635 941 2808 985 dedisse
2837 953 2974 995 scrip-

1632 1009 1706 1048 tus
1737 1006 1816 1057 est,
1846 1002 2038 1056 aliquam
2066 1013 2168 1044 vero
2212 999 2636 1043 administrationem
2665 998 2711 1040 in
2739 997 2977 1052 provinciis

1632 1062 1770 1116 gerat,
1800 1061 1852 1102 ut
1880 1057 2060 1101 difficile
2090 1068 2185 1100 esse
2205 1056 2408 1099 videatur
2437 1054 2811 1098 denuntiationem
2842 1051 2979 1118 eidem

1633 1130 1721 1160 non
1751 1117 2008 1159 numeratae
2035 1113 2253 1169 pecuniae
2281 1113 2467 1164 mittere,
2497 1111 2718 1153 licentiam
2742 1109 2895 1152 damus
2925 1121 2979 1159 e1,

1635 1173 1712 1229 qui
1764 1175 2005 1214 memorata
2055 1169 2313 1224 exceptione
2363 1168 2429 1210 uti
2480 1167 2606 1219 velit,
2660 1166 2768 1209 alios
2811 1163 2980 1208 iudices

1636 1229 1758 1273 adire
1787 1230 1831 1271 et
1845 1240 1924 1283 per
1940 1227 2046 1270 θος6
2074 1225 2375 1275 manifestare,
2407 1223 2479 1266 cui
2504 1222 2806 1277 exceptionem
2827 1220 2980 1263 huius-

1635 1285 1755 1330 modi
1785 1283 1933 1337 obicit,
1974 1282 2138 1326 factam
2168 1294 2196 1324 a
2224 1294 2272 1325 se
2301 1292 2435 1335 super
2463 1292 2553 1322 non
2587 1283 2818 1342 numerata
2845 1288 2982 1331 pecu-

1642 1347 1659 1385 1
1722 1340 1852 1384 cunia
1890 1338 2127 1395 querellam
2156 1350 2267 1380 esse.
2327 1335 2455 1391 Quod
2490 1334 2531 1379 si
2558 1347 2648 1378 non
2677 1335 2735 1377 sit
2763 1333 2875 1376 allus
2905 1331 2982 1374 ad-

1637 1397 1909 1441 ministrator
1947 1395 2084 1439 civilis
2113 1394 2183 1437 vel
2219 1392 2424 1437 militaris
2453 1391 2520 1435 vel
2549 1403 2629 1446 per
2655 1390 2847 1445 aliquam
2877 1400 2982 1431 cau·

1639 1467 1732 1497 sam
1762 1452 1942 1496 difficile
1971 1452 2030 1495 sit
2056 1451 2097 1494 ei
2127 1450 2202 1505 qui
2225 1451 2511 1492 memoratam
2537 1446 2776 1501 querellam
2800 1444 2984 1500 opponit

1640 1510 1763 1553 adire
1805 1521 1906 1552 eum
1946 1512 1990 1551 et
2028 1520 2080 1550 ea
2116 1518 2230 1562 quae
2267 1505 2387 1548 dicta
2417 1508 2521 1548 sunt
2549 1503 2716 1568 facere,
2761 1499 2983 1544 licentiam

1641 1566 1796 1609 damus
1826 1567 1870 1608 et
1898 1577 1977 1620 per
1995 1564 2138 1608 virum
2166 1561 2564 1606 reverentissimum
2593 1570 2850 1614 ep1scopum
2880 1568 2983 1620 ean-

1642 1623 1740 1665 dem
1777 1633 1902 1665 suam
1941 1619 2245 1675 exceptionem
2282 1616 2489 1661 creditori
2525 1614 2811 1659 manifestare
2850 1617 2895 1656 et
2922 1614 2985 1677 ita

1643 1682 1666 1721 2
1731 1680 1906 1733 tempus
1945 1680 2162 1720 statutum
2205 1675 2539 1727 interrumpere.
2605 1670 2733 1725 Quod
2771 1670 2901 1713 etiam
2938 1681 2985 1711 m

1642 1733 1902 1790 exceptione
1943 1746 2035 1776 non
2080 1734 2335 1775 numeratae
2379 1729 2493 1772 dotis
2529 1728 2675 1771 locum
2712 1726 2878 1769 habere
2915 1736 2984 1767 re-

1644 1791 1844 1847 ceptum⁷
1875 1793 1955 1833 est.
2024 1787 2079 1832 D.
2110 1787 2154 1831 lc.
2182 1785 2297 1830 'Iul.⁸
2329 1782 2722 1842 Constantinopoli
2750 1782 2823 1825 dn.
2852 1779 2987 1824 Iusti-

1642 1847 1780 1890 niano
1811 1847 1862 1890 A.
1894 1857 1941 1889 11
1968 1858 2089 1889 cons.
2790 1837 2851 1894 [a.
2883 1835 2986 1892 528]

1700 1899 1767 1948 22
1800 1898 1869 1944 9‘0
1900 1898 2032 1944 αὐτὸς
2058 1897 2267 1955 βασιλεὺς
2296 1897 2434 1951 Μηνᾷ
2472 1893 2653 1954 ἐπάρχῳ
2683 1897 2989 1953 πραιτωρίων.

1642 1955 1810 2003 Οὐδένα
1840 1956 2150 2013 ἐμβάλλεσθαι
2180 1956 2229 1997 ἐν
2258 1952 2432 2022 φυλακῇ
2462 1950 2564 2006 δίχα
2585 1950 2870 2008 προστάξεως
2894 1949 2990 1992 τῶν

1644 2013 1759 2058 κατὰ
1795 2013 1880 2083 την
1910 2009 2154 2069 εὐδαίμονα
2189 2026 2361 2065 ταυτην
2389 2007 2526 2054 πόλιν
2555 2003 2582 2062 ἢ
2619 2009 2669 2050 ἐν
2703 2009 2895 2077 ἐπαρχίᾳ
2923 2006 2991 2071 ἐν;

1646 2070 1793 2123 δόξων
1831 2089 1858 2126 η
1895 2068 2213 2128 περιβλέπτων
2250 2064 2278 2120 ἢ
2326 2062 2659 2124 λαμπροτάτων
2696 2077 2929 2122 αρχοντων
2965 2077 2992 2113 η

1650 2132 1667 2171 1
1728 2130 1827 2171 τῶν
1856 2129 1905 2169 ἐν
1933 2129 2031 2168 ταῖς
2059 2123 2246 2169 πόλεσιν
2275 2120 2467 2164 ἐκδίκων
2483 2117 2758 2177 βουλόμεθα.
2812 2115 2915 2161 Ἐπὶ
2945 2114 2993 2159 δὲ

1644 2185 1743 2227 τῶν
1772 2182 2102 2239 ἐμβληθέντων
2130 2178 2158 2236 ἢ
2186 2177 2534 2248 ἐμβαλλομένων
2564 2176 2666 2220 τοὺς
2702 2171 2991 2232 θεοφιλεστά-

1644 2254 1746 2283 τους
1774 2242 1873 2283 τῶν
1900 2237 2061 2282 τόπων
2090 2239 2361 2281 ἐπισκοπους
2393 2240 2505 2292 μίαν
2532 2233 2715 2288 ἑκάστης
2751 2227 2994 2290 ἑβδομάδος

1645 2292 1814 2355 ἡμέραν
1849 2293 1932 2350 τὴν
1966 2291 2161 2352 τετράδα
2199 2290 2226 2348 ἢ
2263 2290 2348 2346 τὴν
2375 2290 2662 2350 παρασκευὴν
2689 2288 2790 2334 τοὺς
2821 2290 2870 2331 ἐν
2898 2290 2994 2329 ταῖς

1646 2351 1861 2418 φυλακαῖς
1895 2349 2218 2419 διερευνᾶσθαι
2255 2353 2331 2391 καὶ
2368 2347 2455 2390 σὺν
2491 2343 2695 2406 ἀκριβείᾳ
2735 2342 2994 2410 μανθάνειν

1616 2445 1620 2449 .
1645 2422 1723 2451 τας
1749 2409 1828 2461 τῆς
1857 2407 2010 2449 αυτῶν
2038 2406 2224 2459 κατοχῆς
2252 2406 2397 2447 αἰτίας
2424 2407 2499 2446 καὶ
2529 2404 2618 2447 εἴτε
2646 2404 2814 2445 οἰκέται
2837 2414 2978 2458 τυγχοε

1646 2479 1769 2505 νοιεν
1795 2461 1920 2505 ὄντες
1949 2461 2036 2503 εἴτε
2066 2460 2312 2519 ἐλεύθεροι,
2341 2461 2430 2502 εἴτε
2458 2463 2534 2503 ἐπὶ
2556 2458 2777 2519 χρήμασιν
2800 2458 2889 2500 εἴτε
2918 2457 2993 2499 ἐπὶ

1647 2517 1794 2562 ἄλλοις
1846 2516 2116 2577 ἐγκλήμασιν
2169 2517 2258 2559 εἴτε
2308 2517 2385 2558 ἐπὶ
2445 2514 2598 2572 φόνοις
2657 2512 2992 2570 ἐμβεβλημένοι.

1650 2580 1673 2618 2
1732 2572 2098 2633 Παρασκευάζειν
2139 2571 2242 2615 τοὺς
2285 2569 2597 2621 ἐνδοξοτάτους
2637 2574 2713 2613 καὶ
2754 2566 2991 2634 περιβλέπ·

1648 2644 1748 2673 τους
1785 2633 1860 2673 καὶ
1901 2627 2236 2688 λαμπροτάτους
2271 2625 2487 2685 ἄρχοντας
2523 2626 2689 2681 ταύτης
2723 2642 2773 2669 τε
2810 2627 2886 2679 τῆς
2925 2640 2992 2665 ευ-

1650 2685 1859 2742 δαίμονος
1895 2684 2067 2730 πόλεως
2104 2688 2178 2727 καὶ
2215 2686 2314 2727 τῶν
2343 2685 2574 2742 ἐπαρχιῶν
2603 2685 2749 2725 ἐκεῖνα
2777 2680 2994 2740 πράττειν

1650 2738 1722 2787 ἐπ’
1757 2739 1925 2793 αὐτοῖς,
1963 2737 2080 2799 ἅπερ
2116 2736 2145 2794 ἦ
2174 2739 2285 2799 πρὸς
2310 2738 2413 2782 τοὺς
2440 2737 2755 2789 ἐνδοξοτάτους
2783 2736 2995 2794 ἐπάρχους

1650 2802 1752 2865 περὶ
1793 2796 1955 2840 τούτου
1999 2797 2380 2853 καταπεμφθεῖσα
2422 2795 2534 2837 θεία
2578 2790 2705 2851 ἡμῶν
2748 2791 2994 2851 διαγορεύει

1650 2851 1861 2905 διάταξις,
1892 2851 2041 2896 ἀδείας
2070 2850 2302 2909 διδομένης
2334 2855 2426 2894 τοῖς
2454 2849 2568 2904 κατὰ
2603 2848 2762 2904 καιρὸν
2791 2846 2994 2905 θεοφιλε-

1650 2908 1827 2952 στάτοις
1856 2907 2139 2960 ἐπισκόποις,
2178 2909 2223 2950 εἴ
2253 2924 2360 2951 τινα
2396 2907 2630 2967 ῥᾳθυμίαν
2655 2905 2797 2949 ἴδοιεν
2824 2907 2994 2964 γινομέ-

1649 2981 1735 3018 νην
1764 2963 1887 3022 παρά
1915 2965 2013 3007 τιῦν
2039 2963 2155 3006 κατὰ
2183 2962 2339 3021 καιρὸν
2369 2961 2678 3014 ἐνδοξοτάτων
2705 2966 2780 3004 καὶ
2811 2958 2995 3019 μεγαλο-

1655 3105 1864 3146 Paraticla
1886 3106 1943 3144 ad
1974 3105 2105 3145 Consi.
2136 3113 2166 3154 1,
2200 3112 2220 3144 3
2310 3107 2361 3152 (4)
2390 3122 2447 3137 =
2482 3105 2613 3141 Consi.
2717 3103 2769 3150 (5)
2803 3122 2854 3135 ==
2887 3103 2927 3152 4,
2950 3109 3010 3153 30,

1654 3169 1707 3211 14,
1724 3169 1758 3202 6.
1779 3170 1816 3201 ·1:
1846 3162 1964 3214 {unqe
1993 3162 2033 3210 4,
2051 3169 2086 3210 2,
2103 3169 2156 3200 ιτ.
2188 3161 2228 3209 4,
2246 3167 2305 3209 20,
2323 3167 2377 3200 18.
2403 3160 2443 3208 4,
2461 3165 2584 3208 21,1·1.
2606 3160 2647 3208 4,
2670 3165 2730 3207 30,
2748 3159 2816 3198 15?
2847 3159 2886 3205 5,
2903 3166 2957 3209 15,
2974 3167 3009 3199 3.

1656 3218 1720 3269 10,
1747 3226 1805 3267 22,
1834 3226 1854 3256 4
1994 3216 2050 3266 (6)
2090 3215 2129 3254 ei
2159 3216 2234 3255 ins.
2269 3215 2294 3253 l.
2325 3228 2426 3267 qem.
2570 3213 2625 3265 (7)
2667 3215 2824 3253 certum
2857 3215 2881 3254 l.
2909 3229 3009 3267 yem-

1646 3273 1708 3324 (8)
1740 3273 1835 3312 Iun.
1864 3287 1942 3312 scr.
1974 3286 2059 3312 cum
2086 3273 2124 3323 5,
2148 3279 2204 3321 15,
2230 3278 2264 3312 3.
2298 3272 2364 3322 10,
2390 3277 2449 3321 22,
2476 3278 2498 3311 4
2636 3270 2692 3322 (e)
2731 3283 2765 3311 c.
2793 3279 2838 3311 22
2869 3270 2942 3322 (=
2969 3271 2995 3312 9

1651 3338 1686 3379 4,
1714 3331 1752 3379 6)
1785 3336 1894 3369 extat
1923 3329 1963 3368 in
2000 3327 2125 3368 Call„-
2156 3328 2275 3381 iunye
2304 3342 2337 3367 c.
2365 3335 2407 3368 23
2440 3327 2477 3366 h.
2509 3335 2534 3367 t.
2566 3327 2605 3378 9,
2627 3337 2662 3378 5,
2680 3335 2714 3368 2.
2746 3328 2786 3379 9,
2802 3336 2859 3379 47,
2879 3335 2923 3368 26

1649 3522 1738 3569 est,
1778 3516 1953 3562 duobus
1987 3517 2148 3562 solidis
2166 3532 2262 3577 pro
2291 3519 2349 3562 iis
2376 3520 2612 3566 solvendis.
2681 3523 2807 3580 quod
2831 3524 2874 3568 si
2900 3525 2991 3570 vio-

1650 3575 1788 3637 latum
1855 3573 1994 3627 uerit,
2032 3587 2230 3640 praeses
2273 3574 2399 3620 dabit
2438 3576 2479 3620 L
2521 3578 2662 3622 libras
2703 3585 2749 3624 et
2790 3581 2991 3637 officium

1648 3643 1744 3674 eius
1771 3628 1825 3672 Χ
1890 3634 1936 3674 et
1959 3643 2040 3695 qui
2067 3631 2117 3674 in
2144 3631 2348 3676 militiam
2375 3638 2583 3692 receptus
2610 3639 2679 3678 est
2704 3635 2759 3679 X
2778 3642 2822 3680 et
2848 3650 2991 3681 remo-

1649 3689 1777 3730 vetur
1810 3688 1857 3728 et
1889 3699 1966 3742 qui
2001 3686 2130 3743 falso
2161 3689 2311 3731 testati
2337 3693 2444 3732 sunt
2471 3702 2664 3747 corpore
2692 3704 2875 3749 poenas
2902 3692 2991 3736 sol-

1650 3744 1760 3786 vunt
1794 3744 1840 3784 et
1874 3741 2042 3786 multae
2077 3743 2251 3786 comitis
2271 3744 2480 3801 periculo
2502 3745 2703 3810 privatis
2730 3747 2988 3804 exiquntur.

1707 3792 1936 3861 22}de
1964 3798 2016 3842 A.
2046 3796 2208 3843 Menae
2235 3813 2319 3858 pp.
2390 3799 2618 3845 Neminem
2655 3801 2704 3844 in
2742 3802 2990 3846 custodiam

1652 3865 1795 3896 conici
1837 3852 2040 3898 volumus
2081 3854 2254 3898 iniussu
2297 3855 2539 3899 illustrium
2574 3857 2644 3901 vel
2683 3857 2990 3915 spectabilium

1651 3908 1721 3954 vel
1760 3907 2109 3973 clarissimorum
2137 3909 2270 3954 huius
2307 3910 2452 3955 almae
2483 3912 2608 3955 urbis
2627 3913 2990 3976 provinciarum-

1655 3969 1675 4007 1
1722 3977 1810 4021 que
1836 3970 2181 4022 maqistratuum
2210 3965 2280 4010 vel
2293 3966 2582 4023 defensorum
2612 3968 2852 4013 civitatum.
2893 3968 2990 4013 Eos

1650 4026 1799 4063 autem
1827 4020 1906 4077 qui
1932 4020 2096 4065 inclusi
2121 4026 2229 4065 sunt
2256 4021 2326 4066 vel
2352 4022 2637 4067 includentur
2663 4023 2990 4082 reliqiosissimi

1652 4075 1854 4119 locorum
1908 4076 2110 4135 episcopi
2165 4090 2258 4120 una
2314 4077 2527 4134 cuiusque
2581 4077 2870 4123 hebdomadis
2916 4080 2990 4123 die

1651 4135 1818 4188 quarta
1853 4131 1923 4176 vel
1957 4138 2092 4176 sexta
2120 4132 2363 4190 explorent
2388 4137 2434 4176 et
2459 4132 2698 4198 diliqenter
2726 4148 2888 4178 causas
2915 4135 2990 4179 de·

1654 4186 1865 4230 tentionis
1899 4201 2053 4231 eorum
2088 4187 2323 4244 inquirant
2359 4193 2404 4232 et
2430 4202 2604 4234 servine
2640 4203 2700 4234 an
2729 4190 2857 4233 liberi
2883 4190 2988 4243 sint,

1650 4247 1991 4342 Zussfflnsssspssss
2016 4256 2093 4342 ‘²523
2130 4243 2416 4343 timisti.
2430 4249 2629 4343 Ῑὲἶιῖλῗίἕ
2654 4245 2778 4343 ἕξῖῗ
2805 4258 2992 4346 αὸῑῖἔέξ

1651 4352 1945 4409 maqistratus
1971 4353 2168 4398 illustres
2195 4358 2242 4397 et
2259 4354 2525 4412 spectabiles
2538 4360 2583 4399 et
2597 4355 2834 4399 clarissimi
2855 4355 2990 4401 liuius

1652 4408 1797 4452 almae
1837 4408 1963 4453 urbis
1994 4409 2425 4467 provinciarumque
2460 4424 2515 4455 ea
2548 4411 2597 4453 in
2623 4410 2681 4453 iis
2716 4410 2834 4466 fieri,
2869 4425 2988 4470 quae

1651 4476 1785 4507 sacra
1800 4463 2060 4508 constitutio
2085 4470 2244 4508 nostra
2269 4464 2331 4510 ad
2350 4466 2551 4510 illustres
2565 4465 2836 4563 praefectos
2845 4481 2986 4526 prae-

1655 4519 1772 4562 torio
1812 4532 1867 4564 ea
1904 4519 1958 4563 de
1995 4532 2046 4563 re
2082 4521 2219 4564 missa
2239 4521 2493 4579 praecipit:
2526 4519 2635 4563 data
2687 4520 2853 4566 icentia
2882 4523 2986 4567 reli-

1652 4573 1916 4632 qiosissimis
1935 4587 2030 4634 pro
2062 4579 2258 4635 tempore
2285 4576 2531 4635 episcopis,
2567 4576 2609 4619 si
2644 4575 2755 4633 quid
2776 4586 2989 4636 praeterf
