3086 4732
166 124 236 166 m·
270 122 516 163 cmssums
1502 106 1568 164 31

165 261 240 307 καὶ,
276 254 446 311 ταύτην
481 253 718 316 ἀνίσχυρον
745 256 858 299 εἴναι
896 254 1152 311 βουλομεθα
1188 263 1260 300 καὶ
1290 258 1373 314 τὴν
1401 262 1498 302 τῶν

165 311 384 358 τοιούτων
423 311 551 356 δόσιν
578 310 657 356 οὐκ
692 312 752 355 εἰς
777 309 829 355 τὸ
859 309 1119 382 πρόσωπον,
1157 315 1216 358 εἰς
1243 311 1352 376 ὅπερ
1382 318 1495 358 ἐκτέ-

168 369 309 424 θηται
335 367 394 412 τὰ
420 370 497 422 τῆς
525 368 784 428 συγγραφῆς,
820 363 902 409 ἀλλ
950 367 1011 411 εἰς
1036 367 1120 422 τὴν
1148 366 1403 429 άγιωτάτην
1430 373 1495 412 ἐκ·

165 424 350 478 κλησίαν
391 425 619 485 ἔρχεσθαι.
689 423 744 468 D.
773 434 844 467 XV
877 422 919 466 lc.
963 423 1074 468 Nov.
1108 424 1497 485 Constantinopoli

165 481 278 525 Lam
311 480 416 524 adio
446 485 492 525 et
521 478 673 524 Oreste
700 492 762 523 vv.
794 491 855 522 cc.
887 492 1029 522 conss.
1299 484 1360 540 [a.
1392 480 1493 537 530]

222 534 254 582 4
319 534 420 591 (46)
457 531 524 578 ιὉ
553 531 680 578 αὐτὸς
705 532 910 588 βασιλεῦς
922 531 1146 591 Ἰουλιανῷ
1164 534 1341 597 ἐπάρχῳ
1367 554 1494 597 πραι-

166 596 359 651 τωρίων.
416 593 700 644 Θεσπίζομεν,
729 589 774 631 εἴ
795 603 861 631 τις
888 589 1109 634 τελευτῶν
1137 591 1296 648 εὐσεβῆ
1324 595 1495 638 ποιοῖτο

166 644 448 691 διατύπωσιν
475 642 641 702 ἣλκατά
665 643 912 688 ἐνστάσεως
929 644 1100 704 τρόπον
1121 645 1146 701 ἢ
1170 648 1281 691 κατὰ
1307 645 1495 707 ληγάτον

165 700 192 771 ᾗ
230 702 344 746 κατὰ
378 701 739 747 fideicommisson
777 697 804 754 ἢ
833 700 943 743 κατὰ
973 704 1124 748 mortis
1156 718 1290 749 causa
1324 701 1496 762 δωρεὰν

165 777 193 814 η
220 753 335 802 καθ’
377 760 528 817 ἕτερον
563 753 849 810 οἷονδήποτεῖ
878 755 1081 813 νόμιμον,
1122 761 1209 802 εἴτε
1239 757 1495 814 ἐπισκήψειε

165 815 232 859 τῶ
271 811 385 858 κατὰ
425 810 580 867 καιρὸν
621 809 849 866 ἐπισκόπῳ
893 811 1112 872 πρόνοιαν
1151 816 1374 859 τίθεσθαι
1416 815 1493 857 τοῦ

165 857 463 928 πληρωθῆναι
504 865 561 910 τὰ
599 863 712 926 παρ’
745 864 879 910 αὐτοῦ
909 870 1251 927 βεβουλευμένα,
1297 872 1385 913 εἴτε
1421 871 1494 912 καὶ

163 925 356 985 σιγήσειε
394 925 539 975 τοῦτο,
581 923 669 966 εἴτε
710 927 783 965 καὶ
830 921 1097 968 τούναντίον
1140 923 1495 986 ἀπαγορεύσειεν,

163 977 248 1025 ἀνά
328 997 358 1022 ν
382 981 498 1032 ἔχειν
525 977 626 1021 τούς
653 976 945 1038 κληρονόμους
984 980 1035 1023 τὸ
1073 984 1323 1036 ἐπιταχθὲν
1350 985 1495 1025 ποιεῖν

161 1039 236 1080 καὶ
246 995 459 1094 ναΐληροῦν
487 1035 535 1076 ἐκ
563 1033 731 1093 τρόπον
760 1033 940 1079 παντός.
1006 1039 1045 1079 εἰ
1075 1035 1124 1079 δὲ
1161 1041 1293 1081 τοῦτο
1323 1035 1495 1080 ἑκόντες

161 1090 222 1148 μὴ
248 1088 494 1144 ποιήσαιεν,
522 1091 764 1143 τηνικαῦτα
786 1090 886 1134 τοὺς
907 1092 1021 1135 κατὰ
1048 1090 1192 1136 τόπον
1206 1088 1492 1151 θεοφιλεστά-

161 1160 261 1190 τους
274 1142 539 1190 ἐπισκόπους
553 1144 926 1204 περιεργάζεσθαι
941 1150 1086 1191 ταῦτα
1108 1153 1181 1191 καὶ
1196 1146 1403 1193 ἀπαιτεῖν
1419 1143 1492 1188 αὐ-

162 1200 259 1246 τοὺς
273 1200 422 1245 πάντα
438 1200 633 1261 πληροῦν
648 1202 760 1245 κατὰ
779 1202 862 1256 τὴν
875 1202 1039 1259 βουλὴν
1051 1207 1129 1247 τοῦ
1145 1201 1492 1258 τελευτήσαντος.

165 1262 181 1301 1
239 1253 358 1301 Ἀλλ’
392 1257 431 1299 εἰ
458 1259 542 1312 μὲν
564 1255 799 1312 οἰκοδομὴν
820 1258 1046 1313 ἐκκλησίας
1069 1258 1319 1311 ἐπιτάξειεν
1346 1255 1369 1302 ὁ
1400 1255 1492 1301 δια-

159 1313 369 1370 θέμενος,
409 1312 515 1355 εἴσω
544 1318 733 1372 τριετίας
763 1311 944 1358 πάντως
974 1314 1326 1374 παρασκευάζειν
1356 1311 1493 1367 αὐτὴν

159 1367 456 1428 πληροῦσθαι,
486 1369 526 1411 εἰ
554 1367 602 1411 δὲ
631 1370 819 1420 ξενῶνος
848 1376 1040 1425 ποίησιν,
1079 1372 1186 1414 εἴσω
1225 1370 1322 1414 ἑνὸς
1350 1372 1492 1412 ἐνιαυ-

158 1426 236 1468 τοῦ
279 1421 451 1481 μόνον3
493 1427 627 1468 τοῦτο
667 1430 811 1469 ποιεῖν
851 1423 1206 1485 ἀναγκάζεσθαι,
1245 1423 1303 1469 ὧς
1338 1425 1491 1468 ἱκανοῦ

159 1482 237 1524 τοῦ
275 1479 434 1540 χρόνου
470 1477 630 1523 τούτου
669 1482 959 1525 καθεστῶτος
993 1480 1227 1540 πληρῶσαι
1256 1481 1312 1524 τὰ
1340 1485 1492 1536 βεβου-

162 1535 375 1592 λενμένα4
416 1540 508 1579 τοῖς
549 1535 898 1590 τετελευτηκόσι·
941 1534 1136 1579 δυνατὸν
1173 1533 1225 1579 ὂν
1264 1541 1338 1579 καὶ
1371 1537 1493 1579 οἶκον

157 1589 491 1648 μισθώσασθαι
519 1595 593 1634 καὶ
626 1590 727 1634 τούς
744 1589 998 1650 ἀρρώστους
1020 1591 1344 1650 ἐγκατακλῖναι,
1373 1591 1494 1649 ἄχρις

158 1637 208 1691 οῦ
264 1645 322 1690 τὰ
376 1648 453 1700 τῆς
507 1644 757 1702 οἰκοδομίας
810 1648 888 1689 τοῦ
948 1647 1140 1697 ξενῶνος
1195 1649 1491 1706 περαιωθείη.

160 1707 214 1747 la
269 1703 328 1744 Εἰ
356 1699 408 1744 δέ
431 1717 535 1744 τινα
563 1700 718 1744 δοῦναι
747 1700 855 1761 πρὸς
884 1697 1007 1752 ἅπαξ
1041 1704 1100 1745 εἰς
1128 1700 1321 1759 εὐσεβεῖς
1348 1704 1493 1746 αἰτίας

155 1757 507 1816 προσταχθεῖεν,
572 1759 841 1816 παραχρῆμα
896 1758 1278 1817 καταναγκάζειν5
1334 1756 1492 1802 αὐτοὺς

156 1815 286 1856 τοῦτο
314 1815 481 1864 ποιεῖν,
520 1818 723 1856 τουτέστι
755 1815 868 1868 μετὰ
895 1812 979 1867 τὴν
1006 1815 1082 1868 τῆς
1110 1813 1329 1870 διαθήκης
1357 1811 1491 1872 ἐμφά-

154 1884 276 1914 νισιν
325 1871 400 1911 καὶ
439 1866 492 1911 τὸ
534 1866 873 1920 καταδέξασθαι
914 1867 998 1912 τὸν
1039 1869 1199 1929 κλῆρον
1239 1868 1268 1925 ἢ
1306 1869 1358 1914 τὸ
1390 1887 1492 1929 πρε-

158 1927 206 1969 1b
264 1928 416 1980 σβεῖον
443 1924 544 1968 τοὺς
581 1921 754 1968 τούτοις
788 1929 1111 1981 τετιμημένους.
1168 1927 1227 1969 Εἰ
1255 1925 1305 1969 δὲ
1332 1926 1491 1987 παρέλ·

155 1981 236 2025 θοι
263 1977 288 2024 ὁ
317 1981 540 2039 εἰρημένος
560 1978 716 2039 χρόνος
739 1983 813 2023 καὶ
826 1979 938 2037 μήτε
965 1978 992 2036 ἡ
1017 1980 1223 2036 ἐκκλησία
1247 1979 1275 2037 ἢ
1297 1979 1322 2026 ὁ
1347 1982 1492 2034 §evah

154 2034 468 2092 οἰκοδομηθείη
487 2034 605 2106 μήτε
628 2034 877 2091 ξενοδοχοίη
890 2039 908 2064 ⁶
929 2033 953 2080 ὁ
978 2039 1112 2081 τοῦτο
1136 2040 1490 2098 ἐπιτεταγμένος,

153 2094 397 2147 τηνικαῦτα
446 2091 606 2137 αυτούς
654 2091 756 2136 τούς
806 2091 1182 2150 θεοφιλεστάτους
1224 2092 1492 2139 ἐπισκόπους

152 2145 360 2193 ἀπαιτεῖν
382 2146 440 2190 τὰ
467 2144 578 2208 ὖπέρ
602 2146 761 2192 τούτου
781 2148 1157 2206 καταλελειμμένα
1181 2155 1255 2193 καὶ
1277 2152 1337 2194 εἰς
1358 2153 1491 2194 τοῦτο

153 2200 466 2262 προσηκόντως
506 2201 849 2272 ἐπιζητούμενα,
901 2210 976 2248 καὶ
1017 2207 1255 2250 ποιεῖσθαι
1298 2210 1372 2250 καὶ
1414 2207 1492 2250 τὰς

153 2257 401 2316 οἰκοδομίας
441 2262 538 2303 τῶν
579 2258 848 2320 αγιωτάτων
886 2260 1130 2316 ἐκκλησιῶν
1165 2267 1240 2305 καὶ
1282 2262 1366 2317 τὴν
1393 2265 1491 2306 τῶν

155 2315 365 2367 ξενώνων
399 2312 428 2371 ἢ
465 2322 840 2375 γεροντοκομείων
867 2313 895 2371 ἢ
932 2314 1329 2377 ὄρφανοτροφείων
1357 2336 1490 2362 κατα-

157 2483 208 2538 (1)
238 2499 272 2526 c.
302 2492 346 2525 45
375 2492 485 2526 extat
511 2484 553 2525 in
586 2482 866 2525 Coll.Nomoc.
953 2484 1008 2537 (2)
1030 2479 1200 2539 τρόπον
1230 2486 1306 2526 ins.
1322 2485 1488 2527 Nomoc.

156 2539 212 2607 (3)
239 2533 382 2594 μόνον
411 2555 485 2582 om.
512 2539 678 2582 Nomoc.
846 2539 902 2592 (4)
931 2537 989 2580 τά
1015 2537 1343 2594 βεβουλευμένα
1373 2540 1489 2592 coll„

154 2609 198 2637 τι
229 2588 344 2636 κατὰ
356 2589 571 2648 βοῦλησιν
584 2595 752 2637 Νοπιοσ.
836 2595 893 2648 (5)
921 2591 1344 2653 καταναγκάζεσθαι
1359 2598 1492 2650 requi-

2814 116 2904 166 13

1580 257 1737 313 σκευὴν
1765 255 1792 311 ἢ
1821 262 2197 313 πτωχοτροφείων
2226 255 2252 311 ἢ
2279 261 2579 311 νοσοκομείων
2604 264 2783 313 ποίησιν
2810 261 2887 318 ἦτα

1579 317 1676 357 τῶν
1728 308 2025 367 αἰχμαλώτων
2073 308 2319 370 ’ἀγορασίαν
2359 309 2388 366 ἢ
2439 312 2595 367 ἑτέραν
2646 314 2879 371 οἱανδήποτ

1579 385 1614 412 π
1642 370 1742 420 αξιν
1779 364 1938 422 εὐσεβῆ
1977 366 2043 418 τῷ
2083 366 2396 421 τελευτήσαντι
2424 364 2634 418 δόξασαν,
2673 371 2891 429 προβάλλε

1579 387 1695 467 σθαι
1724 422 1802 467 δὲΊ
1830 419 1931 464 τούς
1959 422 2104 462 ταῦτα
2128 419 2430 476 διοικήσοντας
2452 419 2703 475 ξενοδόχους
2726 423 2752 477 ἢ
2775 426 2825 485 ὀρ
2863 448 2907 470 α.

1577 477 1818 539 νοτρόφους
1853 473 1881 530 ἢ
1917 475 2249 535 βρεφοτρόφους
2287 475 2314 531 ἢ
2341 474 2681 536 γεροντοκόμους
2708 476 2734 532 ἢ
2762 448 2909 527 ἁπλὶῶς

1577 537 1675 577 τῶν
1710 531 1910 589 εὐσεβῶν
1947 529 2156 590 πράξεων
2195 530 2416 587 διοικητάς
2454 550 2503 575 τε
2539 537 2610 574 καὶ
2641 535 2911 590 ἐπιμελητάς,

1578 587 1722 632 οὐκέτι
1752 587 2015 644 δυναμένων
2040 586 2154 642 μετὰ
2181 586 2264 640 τὴν
2292 590 2370 630 τοῦ
2395 590 2622 646 εἰρημένου
2641 588 2797 644 χρόνου
2821 591 2910 634 δια-

1579 643 1747 713 δρομὴν
1785 647 1859 685 καὶ
1902 643 1986 697 τὴν
2024 643 2258 698 εἰρημένην
2291 640 2615 701 ἀγνωμοσύνην
2651 647 2747 686 τῶν
2784 650 2912 689 τοῦτο

1576 717 1638 756 μη
1676 695 1965 754 ποιησάντων
2004 697 2239 753 ἐμβάλλειν
2268 699 2446 741 ἑαυτοὺς
2484 700 2543 742 εἰς
2570 698 2653 752 τὴν
2681 702 2775 742 τῶν
2804 703 2913 760 εἰρη-

1576 759 1729 810 μένων
1765 751 2046 822 πραγμάτων
2085 752 2302 808 διοίκησιν
2338 751 2365 808 ἢ
2403 753 2503 797 τοὺς
2545 755 2915 811 θεοφιλεστάτους

1579 815 1603 854 2
1660 813 1928 854 ἐπισκόπους
1963 807 2157 867 ἀφιστᾶν
2194 812 2270 864 τῆς
2306 809 2459 853 αὐτῶν
2489 809 2752 880 διοικήσεως.
2818 815 2916 855 Τῶν

1578 862 1909 925 λαμπροτάτων
1946 861 2181 923 ἀρχόντων
2218 868 2315 908 τῶν
2343 868 2571 923 ἐπαρχιῶν
2600 864 2795 925 ανάγκην
2823 870 2916 911 ἐπι-

1577 922 1809 964 τιθέντων
1850 925 1941 964 τοῖς
1979 919 2265 981 κληρονόμοις
2305 925 2351 963 ἐκ
2381 921 2549 981 τρόπου
2577 922 2746 966 παντὸς
2774 925 2918 966 ταῦτα

1578 981 1633 1021 2a
1690 975 1900 1035 πληροῦν.
1961 982 2050 1019 Καὶ
2092 976 2176 1037 γὰρ
2218 976 2272 1032 δὴ
2310 981 2383 1020 καὶ
2421 982 2512 1021 τοῖς
2541 977 2743 1021 παλαιοῖς
2773 977 2916 1037 διηγό-

1576 1048 1727 1093 ρευται
1765 1030 1915 1088 νόμοις
1951 1029 2148 1091 ἀνάγκην
2186 1034 2446 1076 ἐπιτιθέναι
2482 1033 2678 1093 πληροῦν
2706 1034 2783 1078 τὰς
2820 1036 2917 1078 τῶν

1576 1086 1894 1131 τελευτώντων
1909 1088 2068 1145 βουλὰς
2089 1088 2190 1132 τούς
2213 1091 2329 1143 ἔχειν
2345 1092 2608 1146 ἐφιεμένους,
2629 1086 2744 1150 ἅπερ
2761 1093 2918 1133 ἐκεῖνοι

1577 1149 1600 1188 3
1660 1143 1912 1188 κατέλιπον.
1988 1144 2094 1188 Τούς
2140 1143 2190 1188 δὲ
2228 1143 2603 1203 θεοφιλεστάτους
2641 1146 2917 1198 ἐπισκόπους,

1576 1201 1614 1242 εἰ
1651 1204 1735 1254 μέν
1772 1215 1898 1243 τινας
1941 1202 2085 1258 ῥητῶς
2121 1201 2167 1243 οἱ
2192 1200 2484 1244 τελευτῶντες
2512 1199 2800 1255 ἐπιστήσαιεν
2827 1207 2918 1245 τοῖς

1576 1254 1858 1315 πράγμασιν,
1896 1256 1991 1299 οἷον
2029 1254 2283 1311 ξενοδόχους
2311 1254 2339 1311 ἢ
2367 1256 2709 1317 πτωχοτρόφους
2738 1257 2765 1312 ἢ
2792 1274 2916 1301 νοσο-

1576 1310 1731 1367 κόμους
1768 1309 1796 1366 ἢ
1823 1310 2156 1372 βρεφοτρόφους
2193 1311 2220 1367 ἢ
2248 1311 2584 1383 ὀρφανοτόφους
2611 1311 2639 1367 ἢ
2665 1314 2917 1373 γεροντοκό-

1575 1365 2097 1427 μουςῆπαραμοναριόυς
2124 1365 2152 1423 ἢ
2177 1371 2427 1425 οἰκονομους
2455 1367 2482 1424 ἢ
2502 1366 2655 1413 ἁπλῶς
2682 1373 2779 1413 τῶν
2802 1368 2918 1413 εὐσε·

1575 1426 1675 1478 βῶν
1704 1421 1913 1484 πράξεων
1942 1422 2173 1479 διοικητάς,
2203 1428 2392 1468 ἐκείνους
2418 1429 2501 1482 μὲν
2531 1427 2609 1468 ἐᾶν
2626 1427 2814 1479 ἔχεσθαι
2842 1428 2918 1480 τῆς

1577 1477 1844 1533 διοικήσεως,
1876 1478 2034 1524 αὐτοὺς
2063 1480 2112 1523 δὲ
2138 1480 2200 1537 μὴ
2229 1479 2411 1524 διοικεῖν
2436 1486 2534 1538 μέν,
2568 1480 2652 1536 τὴν
2681 1480 2730 1524 δὲ
2759 1480 2916 1537 διοίκη-

1576 1551 1652 1577 σιν
1691 1533 1845 1579 αὐτῶν
1883 1534 2149 1580 ἐποπτεύειν
2177 1542 2250 1579 καὶ
2285 1534 2438 1597 ὀρθῶς
2465 1540 2549 1594 μὲν
2577 1539 2764 1591 ἔχουσαν
2792 1540 2916 1582 ἐπαι-

1576 1595 1694 1643 νεῖν,
1733 1591 1848 1634 κατά
1876 1609 1921 1634 τι
1942 1590 2001 1639 ,δὲ
2037 1597 2439 1652 παραβαινομένην
2468 1594 2768 1650 ἐπανορθοῦν,
2798 1599 2915 1636 κακί-

1577 1661 1681 1699 στης
1735 1646 1783 1690 δὲ
1836 1649 1912 1702 τῆς
1955 1646 2212 1703 διοικήσεως
2292 1653 2494 1703 ινομένης
2535 1653 2609 1691 καὶ
2650 1646 2918 1693 ἀπελαύνειν

1577 1705 1766 1745 ἐκείνους
1808 1707 1881 1745 καὶ
1925 1704 2095 1763 ἑτέρους
2138 1707 2243 1763 ἐγκα
2286 1706 2417 1746 ιστᾶν
2455 1706 2720 1747 ἐννοοῦντας
2755 1704 2808 1748 τὸ
2837 1708 2915 1748 τοῦ

1575 1757 1763 1817 μεγάλου
1792 1760 1904 1803 θεοῦ
1936 1757 2044 1812 δέος,
2080 1764 2153 1802 καὶ
2180 1759 2265 1814 τὴν
2294 1759 2491 1818 φοβερὰν
2519 1762 2594 1814 τῆς
2620 1757 2808 1819 μεγάλης
2844 1765 2918 1804 καὶ
2951 1761 2954 1763 “

1575 1811 1863 1870 ἀτελευτήτου
1892 1821 2076 1874 κρίσεως
2103 1813 2285 1875 ἡμέραν,
2316 1816 2424 1876 πρὸς
2452 1813 2508 1871 ἣν
2539 1812 2697 1859 αὐτοὺς
2732 1813 2918 1871 ἀποβλέ-

1575 1885 1745 1915 ποντας
1773 1869 1986 1929 προσήκει
2013 1869 2166 1915 πάντα
2195 1870 2411 1931 πράττειν
2423 1871 2535 1928 μετὰ
2564 1874 2640 1926 τῆς
2668 1871 2778 1930 πρὸς
2806 1871 2920 1915 θεὸν

1577 1931 1633 1971 3a
1690 1929 2043 1983 συντεταμένης8
2084 1925 2277 1987 γνώμης.
2349 1929 2408 1970 Εἰ
2446 1926 2495 1971 δὲ
2531 1927 2591 1984 μὴ
2625 1928 2770 1988 ῥητῶς
2797 1943 2919 1971 τινας

1574 1981 1620 2025 οἱ
1655 1982 1949 2027 τελευτῶντες
1976 1981 2267 2038 ἐπιστήσαιεν
2295 1989 2391 2027 ταῖς
2419 1981 2702 2038 διοικήσεσιν,
2737 1981 2836 2027 ἀλλ’
2870 1987 2920 2026 ἐν

1574 2040 1630 2098 τῇ
1674 2041 1771 2082 τῶν
1813 2038 2103 2099 κληρονόμων
2146 2040 2323 2094 ἐξουσίᾳ
2351 2039 2403 2083 τὸ
2447 2042 2540 2085 πᾶν
2567 2037 2835 2092 ἀπόθοιντο,
2877 2040 2921 2082 οἱ

1575 2093 1626 2137 δὲ
1663 2092 1991 2152 ῥᾳθυμήσαιεν,
2028 2098 2275 2150 τηνικαῦτα
2305 2092 2463 2139 αὐτοὺς
2498 2094 2600 2139 τούς
2628 2093 2918 2153 θεοφιλεστά-

1574 2165 1675 2194 τους
1703 2149 1971 2195 ἐπισκόπους
1999 2156 2073 2194 καὶ
2113 2150 2296 2195 διοικεῖν
2324 2156 2399 2194 καὶ
2428 2149 2770 2211 προβάλλεσθαι
2797 2169 2910 2195 πται

1573 2203 1816 2275 χοτρόφους
1857 2204 1885 2261 ἢ
1913 2204 2178 2264 νοσοκόμους
2219 2205 2247 2263 ἢ
2291 2206 2544 2262 ξενοδόχους
2581 2204 2608 2262 ἢ
2646 2204 2918 2268 ὄρφανοτρό·

1575 2277 1683 2320 φους
1710 2280 1738 2318 η
1765 2260 2099 2333 βρεφοτρόφους
2126 2261 2154 2318 ἢ
2180 2261 2523 2324 γεροντοκόμους
2558 2260 2586 2319 ἢ
2614 2261 2866 2316 οἰκονόμους
2894 2261 2920 2318 ἣ

1574 2324 1935 2378 παραμοναρίους
1975 2337 2004 2374 η
2046 2317 2288 2375 διοικητάς,
2330 2318 2572 2364 κάνταῦθα
2610 2319 2662 2363 τὸ
2700 2319 2811 2379 πρὸς
2837 2317 2919 2363 τὸν

1573 2487 1676 2527 ritur
1760 2486 1818 2540 (6)
1846 2488 1907 2528 sic
1939 2487 2055 2539 Coti„
2084 2481 2310 2538 ξενοδόχος
2336 2476 2367 2544 ᾗ
2395 2487 2559 2530 Nomoc.
2653 2488 2708 2541 (7)
2739 2489 2813 2527 καὶ
2841 2491 2915 2530 ins.

1575 2542 1739 2584 Nomoc.
1856 2542 1914 2596 (8)
1944 2544 2003 2584 sic
2030 2543 2211 2594 Nomoc.‚
2242 2545 2593 2600 συντεταγμένης
2623 2543 2722 2585 Coll.

151 2801 392 2847 personam
427 2801 544 2845 quae
579 2787 809 2847 scriptura
836 2787 1104 2842 continetur,
1141 2789 1222 2833 sed
1250 2789 1314 2833 ad
1338 2803 1494 2834 sacro-

151 2847 354 2888 sanctam
381 2843 610 2888 ecclesiam
670 2843 880 2889 ervenire.

209 2897 275 2946 45
305 2897 431 2943 Idem
468 2899 520 2943 A.
560 2898 618 2942 Iu
634 2913 742 2944 iano
771 2914 856 2958 pp.
915 2898 1167 2953 Sancimus‚
1201 2900 1244 2944 si
1270 2900 1373 2958 quis
1399 2915 1493 2945 mo-

151 2956 274 3000 riens
309 2955 441 3014 piam
491 2954 562 2999 dis
595 2955 828 3000 ositionem
874 2955 1025 3013 faciat
1082 2955 1153 3000 vel
1198 2956 1493 3001 institutionis

152 3010 285 3056 modo
327 3010 398 3055 vel
428 3024 518 3069 per
577 3016 755 3069 eqatum
796 3011 866 3056 vel
883 3025 975 3069 per
1008 3011 1397 3067 fideicommissum
1424 3013 1495 3058 vel

145 3080 236 3126 per
285 3066 445 3110 mortis
497 3079 634 3111 causa
676 3066 963 3111 donationem
1014 3067 1084 3111 vel
1116 3081 1210 3126 per
1256 3068 1494 3126 quemlibet

155 3122 293 3166 alium
321 3121 563 3179 leqitimum
591 3122 786 3175 modum,
814 3123 907 3167 sive
925 3136 1019 3180 pro
1051 3127 1249 3181 tempore
1277 3124 1490 3182 episcopo

154 3191 308 3221 curam
335 3177 600 3229 iniunxerit,
629 3191 718 3234 quo
748 3191 802 3222 ea
836 3191 951 3234 quae
977 3177 1251 3235 disposuerit
1275 3179 1491 3236 implean-

156 3237 245 3284 tur,
272 3232 364 3276 sive
391 3231 446 3275 de
473 3231 558 3275 hoc
588 3233 789 3284 tacuerit,
826 3233 918 3276 sive
945 3246 970 3275 e
997 3233 1227 3277 contrario
1257 3247 1357 3277 eum
1376 3249 1490 3292 pro-

155 3286 373 3339 hibuerit,
410 3299 585 3330 necesse
613 3300 709 3331 esse
746 3286 979 3330 heredibus
1027 3288 1186 3343 facere
1222 3294 1268 3332 et
1306 3289 1492 3347 implere

157 3340 410 3387 omnimodo
440 3355 556 3399 quae
585 3341 796 3386 ordinata
822 3347 950 3385 sunt:
988 3342 1112 3398 quod
1141 3343 1183 3386 si
1209 3349 1370 3401 sponte
1399 3358 1490 3388 non

153 3397 359 3455 faciunt,
401 3401 492 3441 tum
524 3397 850 3454 reliqiosissimi
888 3397 1088 3441 locorum
1124 3398 1324 3456 episcopi
1353 3399 1407 3443 de
1434 3400 1491 3444 iis

157 3453 403 3511 anquirant
429 3457 565 3510 atque
585 3466 663 3497 eos
685 3453 964 3506 conveniant,
993 3457 1046 3496 ut
1073 3453 1222 3497 omnia
1249 3454 1489 3499 secundum

160 3514 180 3553 1
238 3508 445 3566 defuncti
490 3508 762 3553 voluntatem
800 3508 1082 3566 impleantur.
1140 3510 1206 3552 Ac
1239 3509 1280 3552 si
1313 3509 1489 3566 quidem

156 3563 385 3608 ecclesiam
413 3563 646 3619 aedificari
668 3564 909 3621 defunctus
926 3564 1070 3616 iussit,
1099 3563 1228 3621 infra
1254 3565 1489 3608 triennium

158 3620 336 3664 omnino
366 3633 464 3663 eam
493 3619 787 3663 extruendam
812 3623 980 3672 curent,
1008 3619 1079 3663 sin
1093 3633 1330 3673 xenonem,
1361 3620 1489 3677 infra

155 3688 292 3718 unum
321 3688 486 3718 annum
515 3689 612 3718 eum
638 3676 796 3731 facere
825 3679 1059 3733 coyantur,
1090 3689 1188 3719 cum
1210 3675 1295 3719 hoc
1318 3680 1490 3740 tempus

157 3729 218 3773 ad
268 3729 584 3786 defunctorum
633 3730 904 3774 voluntatem
950 3730 1220 3788 implendam
1261 3732 1490 3788 sufficiat:

149 3789 349 3844 possunt
374 3785 490 3828 enim
517 3790 563 3829 et
589 3785 767 3829 domum
797 3785 988 3830 conduci
1014 3786 1163 3843 ibique
1201 3787 1380 3844 aeqroti
1417 3786 1487 3830 de-

148 3840 267 3900 poni
347 3846 524 3892 ossunt,
574 3840 678 3884 dum
716 3841 911 3885 xenonis
945 3842 1171 3886 extructio
1201 3843 1484 3900 perficiatur.

160 3900 220 3939 lav
306 3910 320 3938 i
362 3895 473 3952 quid
508 3909 613 3939 vero
651 3896 786 3940 semel
821 3897 932 3941 dare
968 3897 1016 3940 in
1043 3897 1154 3955 pias
1189 3911 1348 3941 causas
1379 3898 1488 3941 iussi

155 3957 273 4004 sunt,
316 3951 466 3994 statim
506 3950 556 3993 id
590 3951 748 4007 facere
789 3957 1035 4050 coqantur,
1073 3953 1122 3995 id
1154 3960 1222 3997 est
1243 3960 1486 4011 postquam

157 4011 463 4051 testamentum
501 4012 704 4064 apertum
743 4012 811 4050 est
860 4006 1216 4065 iereditatemque
1258 4009 1327 4053 vel
1368 4009 1487 4067 leqaf

160 4062 210 4106 1b
255 4067 346 4106 tum
373 4061 409 4104 ii
423 4061 583 4119 quibus
606 4076 660 4105 ea
682 4062 840 4105 relicta
859 4067 966 4106 sunt
987 4062 1308 4120 adquisierunt.
1358 4063 1490 4117 Quod

131 4118 195 4161 ‘si
233 4123 522 4162 memoratum
563 4123 734 4175 tempus
759 4118 1003 4175 praeteriit
1037 4132 1180 4175 neque
1207 4119 1392 4163 ecclesia
1421 4120 1490 4164 vel

155 4186 309 4217 xenon
337 4172 619 4228 aedificatum
648 4178 715 4216 est
741 4186 884 4229 neque
910 4173 1166 4217 xenodochi
1194 4175 1352 4238 officio
1379 4176 1487 4231 fun-

155 4228 302 4286 qitur,
345 4229 418 4271 cui
446 4227 531 4272 hoc
572 4227 849 4272 commissum
890 4233 979 4281 est,
1023 4234 1114 4272 tum
1158 4230 1359 4287 episcopi
1399 4231 1488 4288 ipsi

157 4283 360 4341 exiqant,
402 4297 518 4341 quae
557 4284 604 4327 in
646 4297 742 4328 eam
782 4297 877 4327 rem
918 4284 1077 4328 relicta
1116 4290 1225 4329 sunt
1261 4290 1307 4328 et
1345 4285 1406 4329 ad
1441 4286 1490 4329 id

157 4343 453 4397 competenter
473 4344 761 4397 expetuntur,
790 4343 836 4383 et
851 4344 1106 4397 procurent
1135 4340 1487 4396 aedificationem

156 4399 544 4438 sacrosanctarum
579 4394 864 4439 ecclesiarum
902 4400 948 4438 et
973 4408 1201 4440 xenonum
1230 4396 1298 4440 vel
1324 4410 1487 4454 qeron-

159 4449 451 4493 tocomiorum
502 4450 573 4495 vel
624 4448 1114 4508 orphanotrophiorum
1164 4452 1486 4495 institutionem

159 4502 228 4546 vel
251 4504 707 4570 ptochotrophiorum
744 4506 814 4550 vel
854 4506 1211 4551 nosocomiorum
1240 4508 1486 4551 extructio—

159 4570 256 4602 nem
285 4559 353 4604 vel
380 4566 657 4621 captivorum
694 4560 1040 4622 redemptionem
1077 4561 1147 4610 vel
1173 4562 1309 4608 alium
1338 4576 1485 4622 quem-

1578 2803 1763 2847 cumque
1809 2790 1942 2848 pium
1998 2795 2147 2835 actum
2195 2790 2275 2855 qui
2316 2791 2531 2849 defuncto
2567 2791 2821 2850 placuerit,
2863 2806 2919 2836 ac

1568 2846 1848 2904 praeficiant
1888 2860 2043 2891 eorum
2086 2846 2468 2891 administrationi
2508 2846 2803 2891 xenodochos
2851 2848 2921 2893 vel

1578 2915 1632 2946 or
1665 2901 1978 2960 hanotrophos
2006 2902 2076 2947 vel
2102 2902 2465 2962 brephotrophos
2487 2902 2557 2948 vel
2573 2906 2919 2960 qerontocomos

1576 2915 1661 3002 vel²
1674 2957 1864 3015 denique
1884 2958 2072 3017 piarum
2101 2971 2341 3003 causarum
2366 2959 2756 3003 administratores
2788 2972 2918 3003 cura-

1578 3018 1800 3070 toresque,
1829 3019 1883 3058 ut
1908 3027 1971 3058 ex
1996 3028 2141 3072 supra
2169 3014 2279 3058 dicti
2308 3015 2521 3072 temporis
2549 3014 2681 3072 lapsu
2700 3028 2918 3059 memora-

1578 3073 1712 3126 taque
1751 3070 2033 3113 contumacia
2073 3070 2153 3127 qui
2187 3069 2238 3112 id
2263 3083 2355 3113 non
2381 3070 2578 3127 fecerint
2603 3083 2695 3113 non
2724 3071 2918 3128 amplius

1574 3138 1623 3168 se
1660 3130 1932 3169 memoratae
1970 3139 2119 3169 rerum
2158 3124 2541 3168 administrationi
2575 3125 2821 3170 immiscere
2849 3127 2918 3170 vel

1574 3180 1938 3236 reliyiosissimos
1975 3180 2214 3238 episcopos
2250 3179 2306 3223 ab
2344 3193 2499 3224 earum
2529 3179 2944 3226 administratione>

1575 3239 1600 3277 2
1658 3234 1899 3279 excludere
1917 3235 2113 3292 possint,
2166 3234 2263 3279 Viri
2291 3241 2438 3279 autem
2467 3235 2705 3279 clarissimi
2724 3237 2915 3301 provin-

1574 3290 1747 3333 ciarum
1780 3289 2021 3348 praesides
2063 3290 2368 3335 necessitatem
2411 3289 2646 3335 heredibus
2677 3292 2917 3350 iniunqant

1574 3349 1631 3388 2a
1689 3344 1943 3388 omnimodo
1981 3344 2092 3389 haec
2128 3346 2354 3404 implendi.
2423 3346 2544 3391 Sane
2581 3348 2697 3391 enim
2724 3347 2815 3391 iam
2844 3362 2914 3393 ve-

1576 3400 1743 3444 teribus
1781 3399 1952 3457 leqibus
1992 3400 2222 3457 definitum
2259 3407 2328 3446 est
2364 3402 2590 3460 coqendos
2629 3417 2723 3447 esse
2750 3403 2814 3447 ad
2840 3404 2914 3448 de-

1569 3457 1833 3512 functorum
1871 3455 2143 3501 voluntatem
2171 3457 2443 3516 implendam
2470 3472 2569 3512 eos,
2609 3458 2770 3516 quibus
2797 3473 2914 3517 quae

1574 3516 1598 3554 3
1655 3511 1724 3553 illi
1748 3509 2027 3574 reliquerunt
2056 3518 2202 3557 tenere
2226 3514 2497 3571 permissum
2535 3520 2612 3558 est.
2682 3514 2844 3558 Verum
2873 3516 2914 3559 si

1573 3579 1687 3623 quos
1713 3566 1967 3623 specialiter
1995 3567 2201 3624 defuncti
2229 3569 2362 3613 rebus
2380 3574 2764 3627 praeposuerunt,
2794 3571 2914 3615 velut

1571 3620 1864 3665 xenodochos
1922 3622 2243 3682 tochotrophos
2261 3638 2528 3668 nosocomos
2551 3625 2913 3684 brephotrophos

1573 3676 1884 3734 orphanotrop
1920 3691 1970 3721 os
2011 3685 2355 3736 =qerontocomos
2387 3681 2745 3738 paramonarios
2784 3695 2910 3725 oeco-

1572 3745 1730 3775 nomos
1771 3731 1841 3776 vel
1881 3731 2070 3790 denique
2103 3735 2291 3792 piarum
2336 3749 2574 3779 causarum
2625 3735 2910 3780 administra-

1574 3792 1714 3840 tores,
1757 3787 1863 3831 illos
1905 3788 2335 3834 administrationem
2379 3790 2542 3834 habere
2575 3791 2731 3834 sinant
2767 3805 2910 3848 neque

1571 3843 1661 3900 ipsi
1698 3842 2032 3898 administrent,
2070 3845 2150 3889 sed
2188 3860 2343 3889 eorum
2383 3846 2814 3891 administrationem
2842 3847 2908 3889 in—

1571 3898 1768 3956 spiciant
1808 3902 1865 3951 et,
1907 3900 1947 3943 si
1983 3906 2104 3944 recte
2140 3915 2189 3944 se
2218 3901 2372 3954 habet,
2413 3901 2689 3954 collaudent,
2731 3902 2772 3944 si
2800 3901 2910 3965 quid

1562 3954 1966 4017 praetermittitur,
2005 3956 2257 4008 emendent,
2293 3957 2334 3999 si
2369 3970 2472 4000 vero
2494 3957 2690 4013 pessime
2717 3963 2906 4014 qeritur,

1570 4008 1674 4052 illos
1716 4009 1951 4067 expellant
1989 4012 2192 4068 aliosque
2233 4012 2486 4064 instituant,
2561 4012 2608 4055 ui
2645 4012 2800 4069 maqni
2837 4011 2907 4055 dei

1574 4064 1773 4108 timorem
1815 4064 1863 4107 in
1904 4071 2048 4110 mente
2085 4066 2280 4111 habeant
2316 4072 2360 4111 et
2389 4066 2538 4110 terribi
2559 4080 2625 4110 em
2653 4067 2806 4124 maqni
2834 4082 2905 4110 ae-

1573 4120 1775 4183 ternique
1787 4119 1942 4164 iudicii
1956 4121 2085 4174 diem,
2111 4122 2238 4166 cuius
2251 4127 2456 4181 respectu
2473 4122 2623 4165 omnia
2638 4136 2716 4166 eos
2734 4123 2903 4165 intento

1573 4179 1629 4218 3a
1683 4188 1732 4217 in
1769 4174 1897 4219 deum
1935 4177 2084 4220 animo
2098 4178 2268 4275 [acere
2297 4182 2487 4235 oportet.
2546 4175 2627 4220 Sin
2656 4182 2802 4220 autem
2831 4177 2904 4220 de-

1568 4230 1720 4286 functi
1756 4230 1906 4275 nullos
1943 4246 1966 4276 s
1999 4233 2095 4276 ecia
2112 4233 2198 4276 iter
2225 4232 2606 4285 administrationi
2624 4245 2903 4290 praeposue-

1570 4289 1691 4338 runt,
1732 4285 1814 4329 sed
1853 4285 1956 4331 here
1987 4301 2062 4330 um
2103 4287 2292 4331 arbitrio
2331 4294 2472 4332 totum
2500 4289 2827 4346 permiserunt,
2868 4287 2904 4330 ii

1571 4345 1717 4384 autem
1745 4340 1794 4384 id
1815 4343 2193 4399 praetermittant,
2233 4347 2324 4388 tum
2351 4343 2677 4400 reliqiosissimi
2703 4342 2905 4401 episcopi

1570 4400 1616 4440 et
1642 4395 1954 4442 administrent
1986 4403 2030 4442 et
2054 4397 2420 4457 ptochotrophos
2447 4398 2516 4443 vel
2542 4410 2808 4441 nosocomos
2835 4398 2906 4444 vel

1568 4451 1860 4496 xenodochos
1898 4453 1968 4498 vel
2006 4453 2402 4512 orphanotrophos
2435 4453 2504 4499 vel
2542 4451 2903 4511 brephotrophos

1569 4506 1639 4551 vel
1674 4514 2016 4564 qerontocomos
2055 4509 2126 4554 vel
2163 4514 2428 4554 oeconomos
2461 4507 2530 4553 vel
2546 4509 2903 4567 paramonarios

1570 4562 1639 4608 vel
1666 4562 2054 4609 administratores
2085 4570 2406 4624 praeponant,
2445 4564 2525 4621 qui
2562 4568 2606 4608 et
2631 4563 2721 4623 ipsi
2747 4565 2902 4623 maqni
