3094 4732
144 167 282 219 V1111
318 163 513 213 49-51
1244 136 1736 226 ——fflffi—

139 321 159 358 2
205 325 251 356 se
280 324 332 353 ex
362 318 496 350 causa
526 300 769 346 donationis
800 298 964 354 aliquid
994 292 1312 339 vindicaverint.
1347 286 1450 358 §.ed

136 371 177 411 in
207 367 286 417 his,
317 362 391 418 qui
420 358 640 402 fiscalibus
670 355 842 398 actibus
872 353 972 396 nexi
1002 354 1103 393 sunt
1131 353 1175 391 et
1234 358 1282 388 ro
1312 348 1449 408 ratio:

136 422 256 465 ciniis
300 414 632 472 proscribuntur
675 413 717 452 et
760 408 1126 456 condemnantur,
1161 415 1205 464 ‘p
1225 401 1367 450 acuit,
1413 408 1452 439 si

136 475 236 531 quid
271 469 499 536 proprium
542 477 653 508 uxor
696 463 850 505 habuit
886 463 952 505 vel
991 474 1016 503 a
1065 462 1219 521 marito
1271 452 1450 516 damin:

135 535 232 573 ante
268 527 421 569 initum
458 526 603 565 actum
615 520 645 572 ²,
687 530 739 560 ex
777 530 863 572 quo
900 516 1019 570 origo
1057 511 1225 576 fraudis
1266 521 1318 552 ac
1358 510 1453 571 Vitii

134 587 177 627 in
206 581 409 625 iudicium
438 576 624 620 deducta
654 575 742 624 est,
783 572 821 615 si
859 571 962 626 quid
998 568 1153 612 deinde
1182 578 1228 608 m
1258 574 1450 627 emanci-

134 644 256 697 patos
273 637 384 679 filios
414 631 647 675 donatione
674 627 881 685 collatum
911 629 990 674 est,
1022 627 1257 686 antequam
1287 630 1453 663 crimen

134 693 333 744 oriatur³,
371 688 672 732 intemeratum
712 681 828 738 apud
869 679 1174 734 accipientium
1213 687 1313 719 iura
1353 685 1452 729 per-

134 748 306 792 sistere:
338 757 419 788 nec
443 742 672 798 quicquam
703 737 811 781 fisco
840 737 886 779 in
915 733 1109 798 qualibet
1136 732 1453 796 causa-tenea-

135 809 206 846 tur
249 799 494 851 obnoxium,
539 795 621 839 nisi
664 792 780 849 quod
820 791 866 835 in
909 789 1098 834 domimo
1141 798 1318 844 proprio
1356 796 1456 828 cum

135 857 320 912 obligari
363 858 484 897 ortus
529 855 596 894 est
637 848 791 892 habuit
818 846 886 890 vel
922 845 1038 900 quod
1076 856 1209 900 agens
1247 844 1337 884 tam
1375 851 1455 883 suo

136 925 264 968 quam
303 909 452 953 uxoris
482 908 547 950 vel
576 905 763 948 filiorum
792 903 858 946 vel
888 902 1198 954 cuiuscumque
1229 901 1457 954 praeterea

136 974 158 1010 3
227 966 398 1010 nomine
436 961 711 1017 comparavit.
782 956 991 1013 Exceptis
1031 955 1258 1018 dumtaxat
1295 952 1454 1018 Qaesa-

135 1021 292 1074 rianis,
331 1020 376 1062 id
413 1023 480 1062 est
515 1014 813 1060 catholicianis
827 1014 857 1066 ⁴,
889 1012 961 1067 qui
991 1013 1046 1055 ab
1087 1011 1203 1054 omni
1242 1020 1350 1051 iuris
1380 1006 1455 1049 be-

136 1077 291 1121 neficio
331 1073 640 1123 excluduntur,
679 1070 763 1113 nisi
802 1068 988 1124 probata
1027 1078 1054 1109 a
1089 1078 1156 1108 me
1185 1067 1456 1120 purgataque

136 1130 364 1176 ratiocinia
392 1128 566 1181 fuerint,
596 1131 658 1179 ut,
689 1125 805 1180 quod
834 1122 1009 1165 innoxie
1034 1120 1280 1171 habuerint,
1311 1120 1455 1160 trans-

136 1185 333 1230 mittendi
376 1182 548 1238 copiam
590 1181 795 1223 habeant.
870 1177 922 1221 D.
959 1188 1028 1220 111
1066 1189 1167 1219 non.
1198 1175 1310 1230 Any.
1346 1171 1457 1216 Con·

134 1238 426 1297 stantinopoli
480 1236 672 1280 Arcadio
725 1246 814 1278 1111
874 1238 918 1277 et
980 1231 1186 1275 Honorio
1248 1239 1312 1335 1[11
1358 1227 1456 1334 ἐς]

1284 1297 1325 1327 a.

135 1309 401 1405 coiff‘lmp
439 1381 447 1390 .
484 1344 755 1389 Theodosius
783 1348 827 1388 et
860 1340 1199 1386 Valentinianus
1227 1339 1318 1382 AA.
1353 1337 1458 1381 Hie-

134 1406 202 1448 rio
311 1437 319 1446 .
392 1362 433 1456 ἅ
460 1400 573 1444 ando
623 1400 720 1455 quis
764 1398 957 1453 quolibet
1000 1395 1179 1440 crimine
1223 1394 1457 1437 damnatus

138 1418 368 1525 capissliem
413 1469 597 1512 poenam
640 1456 706 1498 vel
746 1453 1093 1509 deportationem
1137 1450 1374 1516 sustineat,
1421 1448 1459 1491 si

136 1515 307 1570 quidem
337 1513 430 1555 sine
459 1511 607 1554 liberis
637 1514 832 1553 mortuus
863 1508 931 1557 sit,
963 1509 1078 1551 bona
1103 1506 1197 1550 eius
1223 1505 1279 1549 ad
1303 1505 1458 1569 fiscum

167 1569 409 1613 erveniant:
464 1567 500 1610 si
539 1579 640 1610 vero
685 1564 763 1607 filii
806 1564 871 1608 vel
916 1565 1096 1618 nepotes
1141 1575 1194 1605 ex
1238 1560 1457 1604 defunctis

109 1583 234 1668 filiis
276 1622 418 1666 relicti
461 1626 602 1675 erunt,
645 1620 823 1663 dimidia
866 1624 990 1675 parte
1027 1617 1198 1661 aerario
1239 1616 1460 1681 vindicat-a

134 1680 219 1722 alia
249 1679 310 1722 eis
340 1681 597 1721 reservetur.
654 1676 767 1718 idem
804 1679 872 1718 est
905 1679 949 1718 et
977 1673 1015 1718 si
1044 1678 1272 1729 postumos
1303 1672 1458 1716 dereli-

138 1740 153 1776 1
216 1734 370 1789 querit.
438 1731 678 1775 Decurioni
721 1743 841 1784 vero,
888 1730 962 1785 qui
1004 1729 1090 1772 hoc
1131 1727 1378 1781 incurrerit,
1423 1727 1462 1770 si

135 1790 292 1833 liberos
322 1801 410 1832 non
439 1788 613 1840 habeat,
644 1786 853 1830 succedat
882 1785 1003 1829 curia
1026 1785 1229 1840 bonaque
1258 1784 1462 1827 universa

135 1845 328 1888 detineat
370 1847 448 1886 aut
489 1842 587 1897 ipsa
626 1854 703 1897 per
741 1854 788 1885 se
825 1845 903 1885 aut
941 1853 1021 1884 suo
1058 1840 1315 1884 ordinatura
1343 1838 1459 1894 peri·

135 1904 158 1941 2
217 1900 315 1942 culo
346 1910 527 1941 munera
555 1897 812 1941 subiturum.
880 1897 956 1940 Sin
992 1898 1141 1940 autem
1171 1894 1254 1939 erit
1283 1895 1461 1939 suboles

137 1955 304 2007 curiali,
345 1954 425 1997 etsi
455 1965 506 1995 ea
533 1952 716 1996 necdum
746 1955 978 2007 procreata
1015 1952 1125 2004 est⁶‚
1159 1950 1342 2005 integris
1382 1963 1460 2006 pa-

135 2014 159 2052 3
217 2010 296 2052 tris
313 2010 329 2036 ⁷
358 2009 544 2052 fortunis
576 2008 795 2051 fulciatur.
848 2007 896 2051 Si
924 2007 1013 2050 filia
1042 2008 1110 2051 vel
1139 2005 1254 2049 filiae
1285 2006 1460 2058 fuerint,

135 2077 239 2120 pars
282 2064 457 2107 dimidia
500 2064 556 2106 ad
593 2076 669 2107 eas
708 2063 909 2107 deveniat
938 2062 1223 2115 facultatum,
1266 2075 1369 2117 pars
1406 2062 1462 2105 ad

135 2125 161 2163 4
218 2119 383 2163 curiam
395 2123 422 2162 ⁸.
491 2119 568 2162 Sin
604 2132 746 2162 mares
787 2119 973 2162 curiales
1012 2118 1175 2161 fuerint
1211 2118 1461 2170 intermixti,

135 2174 311 2217 dimidia
346 2187 448 2230 pars
489 2174 548 2217 eis
581 2174 729 2217 curiae
759 2174 933 2217 nomine
962 2173 1205 2227 deferatur,
1245 2178 1288 2216 et
1315 2173 1461 2226 aliam,

135 2242 265 2284 quam
293 2229 338 2272 in
369 2241 595 2272 commune
627 2229 826 2272 omnibus
857 2229 1011 2271 tribuit
1041 2228 1310 2283 indulgentia
1340 2228 1461 2284 prin-

133 2289 156 2325 5
215 2284 389 2338 cipalis,
429 2297 511 2339 pro
548 2284 658 2327 virili
697 2283 891 2327 dividant
937 2284 1154 2339 portione.
1235 2283 1463 2339 “Excepta

132 2338 226 2382 sola
270 2339 507 2382 maiestatis
551 2339 829 2393 quaestione:
874 2351 1006 2394 quam
1043 2339 1082 2382 si
1149 2338 1218 2382 uis
1249 2339 1461 2394 sacrilego

130 2394 273 2437 animo
325 2393 637 2449 adsumpserit,
686 2394 803 2437 iuste
854 2406 1040 2449 poenam
1083 2352 1148 2437 aii
1183 2407 1288 2438 suos
1333 2395 1462 2438 etiam

131 2454 329 2504 posteros
353 2449 500 2491 mittit.
556 2448 610 2492 D.
636 2461 672 2492 x
696 2448 739 2492 lc.
767 2449 893 2493 Febr.
914 2448 1306 2507 Constantinopoli
1323 2448 1462 2493 leeo-

133 2504 258 2548 dosio
293 2517 368 2548 ,ΠΙ
395 2509 439 2548 et
478 2503 790 2548 Valentiniano
823 2516 868 2547 l!
894 2505 985 2548 AA.
1018 2518 1160 2548 conss.
1273 2509 1328 2558 [a.
1363 2509 1460 2558 426]

189 2559 244 2605 11
286 2556 427 2601 ιθἘοἱν
455 2574 520 2602 τις
551 2555 609 2602 ais
637 2563 710 2604 ἐπὶ
739 2558 971 2619 τυραννίδι
1002 2558 1225 2619 ἐλεγχθεὶς
1254 2558 1463 2617 δήμευσιν

239 2612 475 2674 ὑπομείνῃ,
515 2614 558 2656 οἱ
592 2618 675 2670 μὲν
711 2616 881 2668 ἔχοντες
924 2613 1061 2658 αὐτοῦ
1105 2613 1196 2674 πρά
1222 2633 1345 2671 ματα
1388 2621 1463 2659 καὶ

241 2668 464 2728 διάγοντες
493 2672 542 2712 ἐν
570 2672 625 2729 τῇ
652 2669 850 2725 βασιλίδι
880 2668 1006 2714 πόλει
1043 2672 1149 2714 εἴσω
1186 2632 1266 2714 (ζύο
1295 2674 1463 2740 μηνῶν

242 2723 489 2781 ὀφείλουσιν
519 2724 630 2767 αὐτὰ
659 2725 987 2785 προσαγγεῖλαι,
1018 2727 1061 2768 οἱ
1084 2725 1132 2768 δὲ
1154 2727 1215 2782 μὴ
1238 2725 1464 2786 διαγοντες

243 2783 291 2822 ἐν
326 2782 404 2839 τῇ’
415 2778 610 2835 βασιλίδι
646 2780 774 2824 πόλει
816 2783 920 2824 εἴσω
960 2781 1078 2824 ὀκτώ
1116 2785 1287 2836 μηνῶν.
1347 2785 1384 2825 εἰ
1413 2781 1463 2826 δὲ

241 2835 300 2892 μὴ
343 2838 474 2878 τοῦτο
516 2835 761 2891 ποιήσουσι,
803 2836 914 2893 μετὰ
955 2839 1051 2880 ’τῶν
1092 2837 1370 2895 πραγμάτων
1408 2838 1460 2881 τὸ

242 2887 565 2950 τετραπλάσιον
595 2896 845 2949 παρέχουσι.
856 2896 866 2918 ¹
876 2896 886 2918 ¹

749 3006 841 3054 L.¹²
1500 2978 1505 3054 Ι

178 3094 253 3132 nn
284 3094 448 3135 BONIS
480 3094 718 3135 MORTEM
748 3095 859 3136 smi
890 3094 1400 3139 conscisanTmM.
1502 3068 1504 3076 .

192 3166 210 3210 l
268 3165 374 3223 Imp.
421 3168 673 3211 Antoninus
710 3172 760 3212 A.
803 3170 1004 3226 Aquilae.
1077 3170 1244 3214 Eorum
1289 3173 1462 3216 demum

134 3224 246 3264 bona
272 3222 376 3264 fisco
401 3222 686 3278 vindicantur,
711 3225 786 3279 qui
813 3225 1084 3269 conscientia
1106 3226 1239 3270 delati
1261 3229 1462 3272 admissi-

135 3288 228 3340 que⁴
255 3276 443 3320 criminis
483 3283 687 3334 metuque
716 3281 890 3323 futurae
920 3282 1162 3326 sententiae
1192 3296 1346 3328 manus
1377 3284 1463 3328 sibi

142 3337 171 3395 ι,
216 3332 453 3374 intulerint.
514 3334 803 3391 ¹³Eapr0pter
833 3337 1013 3380 fratrem
1043 3338 1108 3381 vel
1139 3341 1309 3394 patrem
1338 3344 1462 3383 tuum

136 3398 174 3428 si
209 3386 326 3450 nullo
348 3386 508 3450 ⁸delato
547 3389 745 3444 crimine,
786 3392 937 3435 dolore
976 3393 1123 3448 aliquo
1155 3395 1353 3450 corporis
1382 3399 1463 3440 aut

135 3441 281 3484 taedio
320 3445 438 3506 vitae
473 3449 548 3485 aut
589 3446 737 3488 furore
766 3452 843 3489 aut
870 3449 1041 3491 insania
1072 3455 1148 3492 aut
1176 3451 1321 3506 aliquo
1353 3465 1461 3495 casu

137 3496 370 3551 suspendio
402 3501 533 3541 vitam
562 3499 706 3543 finisse
737 3503 1003 3558 constiterit,
1045 3506 1159 3548 bona
1187 3519 1340 3550 eorum
1369 3512 1461 3551 tam

136 3564 189 3593 ex
213 3556 472 3596 testamento
495 3566 624 3608 quam
647 3556 703 3598 ab
727 3557 935 3602 intestato
958 3560 1014 3602 ad
1030 3573 1310 3606 successores
1324 3565 1460 3618 perti·

137 3607 313 3651 nebunt.
355 3605 447 3651 PP.
466 3608 599 3652 111lc.
619 3608 716 3654 Ian.
743 3612 915 3657 duobus
929 3616 1089 3673 Aspris
1111 3630 1254 3661 conss.
1287 3622 1344 3671 [a.
1362 3622 1459 3672 212]

136 3749 184 3797 (ι)
223 3747 267 3785 in
303 3749 501 3798 quantum
537 3761 678 3801 capere
712 3753 872 3802 poterat
901 3754 973 3794 ins.
1007 3755 1081 3796 Th.
1222 3758 1277 3810 (2)
1310 3758 1462 3799 initum

136 3806 270 3841 actum
305 3802 585 3856 Gothofredus‚
615 3804 782 3845 initium
810 3815 944 3848 actum
975 3810 1057 3852 LC
1078 3812 1166 3862 Th„
1196 3813 1364 3853 initium
1396 3826 1461 3854 ac·

137 3860 201 3919 tus
231 3858 270 3897 R
382 3859 435 3909 (3)
474 3860 627 3900 crimen
666 3861 837 3913 oriatur]
876 3868 964 3905 orto
999 3879 1107 3907 nexu
1137 3869 1357 3919 suffugium
1390 3883 1459 3921 po-

136 3915 218 3950 tius
246 3925 366 3963 quam
395 3915 675 3955 munificentia
705 3916 894 3968 frausque
923 3922 1143 3973 temptetur
1177 3925 1250 3964 13²..
1336 3929 1390 3977 (4)
1420 3926 1462 3965 id

138 3970 196 4031 est
211 3967 493 4009 catholicianis
515 3985 585 4010 om.
606 3971 694 4022 Th„
713 3982 865 4014 tuentur
879 3975 924 4015 B
1008 3979 1061 4026 (5)
1091 3999 1146 4014 ==
1175 3980 1247 4019 Th.
1264 3981 1303 4030 9,
1322 3990 1379 4031 ⁴2,
1397 3990 1461 4022 24:

139 4038 253 4085 znnqe
282 4025 320 4073 9,
351 4032 408 4072 48,
442 4034 453 4064 i
494 4080 501 4087 .
545 4027 598 4076 (6)
628 4027 702 4066 etsi
733 4057 741 4066 .
760 4058 769 4067 .
790 4059 798 4067 .
830 4032 904 4079 est]
936 4043 1056 4081 quam
1085 4035 1354 4087 municipales
1384 4037 1462 4076 sibi

139 4077 345 4117 vindicent
374 4079 602 4120 functiones
628 4082 701 4122 Th.
788 4085 843 4134 (7)
870 4086 998 4136 patris
1028 4103 1098 4127 om.
1127 4090 1199 4129 le.
1287 4093 1342 4141 (8)
1368 4105 1463 4143 pars

139 4131 281 4179 (altera
311 4133 478 4173 dimidia
506 4135 562 4186 R)
592 4135 645 4178 ad
673 4138 828 4177 curiam
860 4155 929 4180 om.
955 4142 1027 4182 le.
1114 4146 1171 4195 (9)
1207 4154 1224 4192 ἑ
1254 4155 1273 4186 5
1303 4166 1358 4183 ==
1384 4148 1460 4188 le.

140 4191 177 4237 9,
208 4195 263 4236 42,
296 4197 314 4227 6
435 4190 510 4241 (ιο)
538 4210 594 4226 =
624 4194 665 4231 Β
695 4197 761 4243 60,
793 4203 850 4244 52,
883 4205 942 4236 17:
993 4199 1044 4249 cf
1075 4192 1187 4241 Ῥοπ.
1222 4205 1284 4251 14,
1316 4212 1372 4243 ii:
1421 4200 1466 4243 οἱ

140 4242 308 4291 ἔχοντες
344 4240 401 4283 τὰ
437 4240 676 4301 πράγματα
711 4248 789 4288 τοῦ
826 4251 1173 4306 κατακριθέντος
1201 4257 1275 4297 ἐπὶ
1303 4272 1461 4313 τυραν·

141 4293 247 4361 ιᾋιίὸιν
270 4299 316 4336 έν
351 4299 404 4363 ’,τῇ
444 4298 642 4350 βασιλίδι
678 4301 803 4343 πόλει
839 4303 944 4344 εἴσω
976 4303 1052 4346 δύο
1083 4305 1108 4358 ἢ
1136 4311 1278 4365 τριῶν
1306 4313 1463 4365 μηνῶν

142 4367 165 4401 η
206 4353 310 4391 εἰσω
346 4354 461 4393 οκτιὸ
493 4356 541 4394 ἐν
576 4359 670 4397 ταῖς
708 4359 934 4413 ἐπαρχίαις
962 4357 1184 4415 ὀφείλουσι
1214 4364 1462 4420 καταμηνύ·

142 4418 236 4455 σαι,
277 4408 491 4463 έπείτοιγε
529 4410 885 4466 τετραπλασιόνα
915 4419 1179 4471 παρέχουσιν
1216 4425 1277 4471 (id
1305 4433 1362 4463 ese
1390 4424 1461 4474 qui

143 4459 246 4519 bona
281 4464 573 4512 perduellionis
614 4468 867 4508 condemnati
908 4470 1110 4524 detinent,
1146 4476 1187 4513 in
1220 4478 1332 4527 regia
1363 4480 1463 4518 urba

144 4524 255 4576 intra.
290 4516 389 4555 duos
426 4519 489 4558 vel
530 4523 608 4558 tres
646 4535 820 4568 menses,
866 4524 929 4563 vel
969 4525 1078 4565 intra
1116 4542 1268 4570 meuses
1298 4536 1388 4572 octo
1418 4535 1462 4573 in

146 4572 363 4614 provinciis
401 4572 553 4611 deferre
592 4575 759 4627 debent,
806 4578 990 4630 alioquin
1031 4585 1302 4636 quadruplum
1343 4601 1462 4638 prae-

2101 150 2174 188 nn
2211 149 2375 188 nonis
2410 120 2863 188 rnoscnteronnu

1593 283 1623 328 2
1665 282 1733 326 Im
1766 317 1778 328 .
1817 285 2079 330 Alexander
2116 284 2167 328 A.
2208 282 2407 327 Rustico.
2476 283 2667 337 Eorum,
2735 285 2783 328 ui
2818 285 2866 327 in

1534 343 1661 383 reatu
1703 298 1819 382 ἅζεαι
1848 352 1975 383 suum
2003 340 2143 384 functi
2182 342 2305 391 sunt,
2349 337 2389 380 si
2430 350 2519 381 non
2554 339 2719 394 perdue
2755 340 2866 384 'onis

1536 405 1716 438 causam
1745 394 2049 439 sustinuerunt
2077 407 2158 439 nec
2189 394 2246 437 ob
2275 398 2439 436 metum
2468 393 2659 438 criminis
2682 397 2868 439 mortem

1535 448 1621 493 sibi
1651 449 1978 506 consciverunt,
2018 451 2137 495 bona
2165 450 2222 492 ad
2251 460 2533 492 successores
2562 450 2867 494 transmittun-

1536 510 1620 547 tur.
1680 501 1734 548 D.
1773 503 1832 547 id.
1863 503 1972 549 Mai.
2004 504 2267 550 Alexandro
2299 504 2350 547 A.
2381 503 2541 547 iterum
2578 508 2622 548 et
2649 503 2868 549 Marcello

1536 572 1681 604 conss.
2682 563 2739 612 [a.
2771 563 2868 612 2261

2140 730 2260 778 L1.¹⁴

1635 810 1709 850 DE
1739 809 2106 851 SENTENTIAM
2134 811 2317 852 PASSIS
2347 810 2419 851 ΕΤ
2448 809 2788 852 RESTITUTIS.

1597 892 1618 937 i
1658 890 1769 948 Imp.
1795 890 2050 935 Antoninus
2063 893 2114 936 A.
2142 906 2241 936 cum
2265 891 2538 936 salutatus²⁵
2567 890 2622 935 ab
2648 889 2872 936 Oolatinio

1540 947 1739 992 Advento
1783 951 1828 990 et
1872 944 2044 1010 Opellio
2087 946 2296 992 Macrino
2340 947 2598 1006 praesectis
2672 947 2873 992 raetorio

1540 1002 1800 1046 clarissimis
1838 1001 1966 1065 virts,
1996 1002 2099 1046 item
2137 1003 2291 1047 amieis
2330 1008 2375 1048 et
2405 1002 2620 1068 principa
2639 1002 2739 1046 zbus
2767 1002 2874 1060 offi-

1541 1059 1709 1103 ciorum
1753 1062 1796 1101 et
1839 1061 2073 1114 utriusque
2117 1059 2290 1102 ordinis
2333 1059 2442 1103 viris
2484 1063 2530 1102 et
2601 1057 2874 1111 rocessisset‚

1542 1114 1718 1158 oblatus
1760 1112 1876 1156 est¹⁶
1919 1112 1961 1157 ei
1999 1111 2206 1157 Iulianus
2243 1114 2507 1159 Licinianus
2544 1127 2572 1157 a
2639 1113 2767 1158 Aelio
2803 1111 2875 1158 Ul-

1535 1170 1679 1228 piano
1721 1173 1826 1212 tune
1864 1167 2015 1225 leqato
2054 1168 2102 1212 in
2139 1168 2333 1213 insulam
2361 1169 2649 1227 deportatus,
2688 1168 2876 1213 Antoni·

1540 1238 1626 1268 nus
1664 1225 1895 1281 Auqustus
1933 1223 2077 1269 dixit:
2114 1223 2318 1269 Restituo
2356 1229 2401 1269 te
2438 1225 2485 1269 in
2523 1224 2743 1280 integrum
2803 1237 2876 1268 ro-

1541 1280 1711 1325 vinciae
1747 1283 1862 1323 tuae.
1932 1278 1995 1323 Et
2022 1279 2210 1324 adiecit:
2245 1279 2305 1325 Ut
2330 1285 2479 1325 autem
2508 1280 2646 1332 scias,
2687 1280 2762 1336 qui
2820 1280 2878 1324 sit

1540 1336 1586 1379 in
1630 1336 1868 1391 integrum:
1914 1335 2156 1380 honoribus
2199 1338 2246 1379 et
2288 1336 2433 1380 ordini
2473 1341 2549 1380 tuo
2594 1339 2639 1380 et
2676 1336 2878 1380 omnibus

1544 1392 1716 1435 ceteris.
2806 1430 2809 1433 ,

1600 1446 1630 1492 2
1672 1446 1797 1491 Idem
1826 1447 1876 1490 A.
1909 1444 2079 1499 Quieto.
2142 1446 2251 1490 Cum
2290 1452 2457 1502 patrem
2493 1452 2619 1491 tuum
2647 1447 2694 1491 in
2723 1447 2877 1492 metal-

1542 1504 1632 1546 lum
1661 1504 1915 1546 damnatum
1946 1502 2081 1546 fuisse
2112 1515 2336 1558 proponas
2367 1503 2459 1547 eius
2491 1515 2547 1547 ue
2575 1503 2693 1546 bona
2721 1502 2878 1546 merito

1543 1572 1570 1602 a
1594 1559 1701 1603 fisco
1729 1563 1949 1614 occupata
1973 1563 2089 1612 sunt,
2123 1572 2210 1602 non
2240 1558 2351 1612 ideo,
2383 1571 2468 1614 quo
2526 1571 2580 1602 ex
2607 1558 2880 1614 indulgentia

1543 1627 1639 1658 mea
1668 1627 1812 1670 poena
1837 1614 2139 1658 tantummodo
2165 1614 2331 1658 metalli
2354 1614 2568 1658 liberatus
2590 1620 2722 1667 esset,
2747 1614 2881 1659 etiam
2927 1656 2929 1659 ,

1543 1671 1760 1715 bonorum
1798 1670 2123 1714 restitutionem
2160 1670 2422 1725 impetravit,
2464 1669 2550 1714 nisi
2581 1669 2774 1726 speciale
2803 1670 2879 1714 be·

1544 1727 1747 1770 aeficium
1777 1738 1912 1781 super
1940 1726 2025 1769 hoc
2055 1726 2188 1770 fuerit
2217 1726 2515 1781 impetratum.

1602 1779 1631 1828 3
1674 1780 1786 1840 Imp.
1826 1781 2088 1826 Aleaeander
2126 1783 2175 1825 A.
2219 1781 2573 1826 Stratoniciano.
2634 1780 2681 1824 Si
2713 1780 2882 1825 debitor

1545 1850 1731 1893 poenam
1747 1836 1992 1881 sententiae
2007 1850 2164 1892 passus
2182 1843 2261 1890 est,
2280 1851 2411 1894 quam
2428 1838 2644 1882 bonorum
2660 1835 2881 1893 ademptio

1545 1898 1697 1937 secuta
1737 1897 1825 1946 est,
1864 1893 2060 1949 quamvis
2100 1896 2257 1949 postea
2297 1893 2464 1938 civitati
2492 1893 2719 1936 Romanae
2754 1893 2882 1936 resti-

1545 1953 1667 1992 tutus
1696 1962 1786 1993 non
1815 1951 1953 1993 totam
1982 1949 2299 2002 substantiam,
2340 1949 2418 1993 sed
2458 1948 2622 2003 aliquid
2656 1961 2709 1991 ex
2738 1948 2881 1993 indul-

1545 2004 1692 2059 gentia
1731 2004 1943 2060 principis
1984 2009 2034 2048 ut
2069 2005 2253 2049 haberet
2282 2004 2554 2060 impetravit,
2591 2003 2706 2048 aeris
2735 2010 2882 2048 tamen

1546 2060 1677 2104 alieni
1717 2073 1771 2104 ex
1810 2060 2101 2116 praecedente
2140 2066 2336 2117 tempore
2372 2073 2517 2116 poena
2554 2059 2770 2104 liberatus
2800 2066 2881 2104 est.

1551 2120 1567 2159 1
1629 2116 1706 2159 Sin
1734 2128 1836 2160 vero
1867 2121 2039 2173 partem
2067 2117 2286 2161 bonorum
2316 2116 2507 2172 accepit,
2538 2129 2620 2171 pro
2651 2119 2752 2159 rata
2780 2129 2881 2181 por-

1545 2171 1665 2216 tione
1704 2172 1797 2216 eius
1836 2177 2023 2216 tenetur.
2093 2172 2212 2228 quod
2247 2172 2285 2217 si
2322 2172 2380 2216 ob
2417 2170 2653 2227 pecuniam
2691 2170 2884 2216 debitam

1546 2226 1654 2271 fisco
1685 2228 1802 2271 bona
1831 2227 1925 2271 eius
1955 2233 2176 2284 occupata
2205 2232 2319 2280 sunt,
2350 2227 2514 2270 mansit
2537 2238 2626 2270 una
2653 2239 2752 2270 cum
2777 2226 2883 2271 fide-

1544 2282 1791 2326 iussoribus
1822 2282 2011 2339 propriis
2043 2283 2335 2327 creditoribus
2366 2282 2602 2336 obligatus.

1601 2336 1632 2383 4
1671 2336 1796 2381 Idem
1831 2339 1882 2381 A.
1935 2337 2207 2383 Valentinae.
2274 2338 2418 2382 Tutor
2446 2337 2656 2392 filiorum,
2698 2351 2883 2394 quorum

1546 2396 1590 2436 te
1631 2394 1848 2437 bonorum
1886 2393 2213 2449 possessionem
2240 2407 2347 2438 acce
2379 2395 2468 2438 isse
2498 2393 2623 2449 dicis,
2655 2394 2703 2439 in
2729 2395 2883 2440 metal-

1544 2449 1635 2492 lum
1674 2449 1905 2492 damnatus
1946 2452 1989 2493 et
2024 2453 2182 2506 postea
2212 2463 2266 2494 ex
2295 2451 2340 2494 in
2372 2449 2565 2505 ulgentia
2591 2450 2787 2505 generali
2813 2462 2888 2495 rea

1543 2516 1744 2560 gressus,
1786 2517 2048 2560 quamquam
2087 2506 2352 2562 locupletior
2392 2506 2470 2558 sit,
2511 2505 2687 2550 actione
2718 2505 2885 2551 tutelae

1546 2560 1878 2604 administratae
1916 2561 1998 2606 tibi
2036 2575 2125 2606 non
2163 2565 2362 2615 tenetur,
2402 2562 2442 2605 si
2477 2575 2566 2606 non
2603 2562 2748 2618 gratia
2783 2574 2883 2608 sen-

1545 2616 1710 2660 tentiae
1738 2615 1860 2660 facta
1888 2617 2142 2673 specialiter
2170 2621 2336 2662 statum
2358 2617 2596 2674 pristinum
2626 2630 2726 2663 cum
2755 2618 2884 2664 bonis

1546 2672 1886 2728 recuperaverit.

1601 2726 1630 2773 5
1664 2726 1790 2771 Idem
1818 2730 1869 2772 A.
1904 2726 2097 2773 Iuliano.
2168 2729 2214 2773 Si
2255 2729 2470 2786 ademptis
2510 2729 2640 2774 bonis
2676 2729 2724 2773 in
2761 2729 2884 2774 insu-

1545 2784 1632 2827 lam
1662 2783 1790 2828 datus
1820 2783 1905 2838 sis,
1944 2784 2140 2840 quamvis
2182 2798 2236 2828 ex
2264 2786 2538 2841 indulgentia
2569 2784 2786 2830 communi
2813 2797 2884 2830 re·

1545 2839 1663 2892 disti,
1689 2839 1886 2883 actiones
1912 2844 2072 2895 tamen,
2099 2853 2397 2897 quascumque
2422 2841 2632 2894 habuisti,
2657 2845 2886 2886 remanent

1544 2895 1590 2938 in
1630 2907 1766 2938 causa
1802 2895 2017 2940 bonorum
2053 2895 2399 2953 publicatorum,
2439 2909 2521 2940 nec
2551 2910 2604 2940 ex
2633 2896 2788 2941 ordine
2815 2900 2884 2940 est

1545 2951 1661 3006 quod
1698 2950 1837 3006 petis,
1876 2955 1926 2994 ut
1955 2955 2112 2996 contra
2141 2952 2324 2996 heredes
2355 2957 2549 2996 tutorum
2578 2951 2774 2996 actiones
2803 2951 2884 2996 tibi

1545 3010 1838 3063 praestentur.

1602 3061 1632 3108 6
1673 3060 1786 3119 Imp.
1831 3060 2088 3106 Gordianus
2128 3064 2179 3107 A.
2211 3063 2427 3108 Fabiano.
2496 3063 2547 3106 In
2577 3063 2765 3107 insulam
2790 3063 2882 3108 filio

1545 3118 1776 3174 deportato
1816 3117 1987 3174 hacque
2024 3119 2195 3163 ratione
2224 3119 2399 3163 vinculo
2439 3124 2652 3183 paternae
2685 3122 2883 3175 potesta-

1543 3174 1602 3216 tis
1633 3178 1848 3229 exempto,
1880 3173 1919 3217 si
1947 3178 2103 3229 postea
2133 3188 2186 3219 sx
2215 3175 2489 3230 indulgentia
2519 3175 2604 3219 divi
2625 3174 2884 3229 Alexandri,

1546 3235 1595 3271 ut
1633 3229 1868 3285 proponis,
1909 3230 2074 3274 reditus
2112 3231 2159 3274 in
2192 3230 2390 3288 patrium
2420 3231 2563 3275 solum
2593 3230 2883 3286 praecedens-

1546 3298 1629 3340 que
1659 3285 1848 3339 dignitas
1878 3285 2086 3330 restituta
2117 3287 2195 3342 sit,
2234 3292 2433 3344 potestas
2462 3292 2610 3330 tamen
2639 3286 2787 3343 patria
2815 3299 2883 3330 re-

1545 3340 1684 3397 petita
1713 3354 1802 3385 non
1830 3341 2018 3385 videtur.

1603 3395 1630 3442 7
1679 3395 1792 3463 Imp.
1837 3395 2079 3455 Philippus
2121 3399 2172 3442 A.
2228 3403 2272 3441 et
2322 3396 2575 3456 Philippus
2620 3397 2662 3442 C.
2715 3397 2882 3443 Cassio.

1547 3451 1773 3496 Generahs
1812 3453 2087 3508 indulgentia
2125 3457 2279 3497 nostra
2316 3453 2505 3498 reditum
2543 3454 2770 3497 exsulibus
2800 3465 2880 3497 seu

1545 3508 1788 3564 deportatis
1833 3509 2005 3562 tribuit,
2049 3522 2139 3553 non
2183 3509 2315 3552 etiam
2353 3509 2453 3554 loca
2490 3509 2674 3553 militiae
2713 3508 2884 3575 pridem

1544 3566 1750 3621 adempta
1787 3565 2007 3609 concessit
2049 3577 2192 3620 neque
2233 3565 2448 3620 integram
2493 3568 2626 3622 atque
2667 3564 2884 3610 illibatam

1544 3620 1909 3664 existimationem
1939 3621 2179 3665 reservavit
2195 3621 2240 3660 ¹⁷.

1545 3761 1692 3812 stant),
1738 3769 1775 3801 et
1821 3755 1936 3802 Ῥοπ.
1967 3763 2034 3812 21,
2066 3770 2103 3802 1:
2149 3759 2195 3802 οἱ
2235 3760 2266 3800 ἕ
2285 3774 2408 3802 οντες
2448 3757 2506 3803 τὰ
2548 3755 2792 3818 πράγματα
2833 3761 2884 3802 ὄν

1501 3841 1505 3864 ,
1547 3818 1736 3883 ἐπαρχία
1762 3816 1843 3857 τοῦ
1873 3812 1946 3857 διὰ
1969 3813 2215 3884 τυραννίδα
2268 3815 2540 3880 ημευθέντοε
2564 3817 2614 3858 ἐν
2638 3819 2882 3858 Ismenu-

1545 3868 1818 3921 τινουπολοι,
1858 3871 1898 3912 εἰ
1926 3887 1993 3939 {¹⁴⁷2
2028 3885 2135 3912 εισω
2173 3887 2294 3914 οκτω
2321 3872 2481 3926 μηνῶν
2510 3867 2786 3930 προσάγωσι,
2813 3885 2881 3913 τε·

1545 3922 1854 3983 τραπλασιόνα
1885 3942 1998 3968 αυτα
2026 3942 2142 3969 κατα
2177 3924 2384 3970 άλλουσιν
2419 3929 2480 3980 (id
2510 3938 2567 3969 est
2594 3929 2639 3968 in
2668 3925 2882 3980 provincia

1546 3982 1619 4033 qui
1641 3982 1829 4023 detinent
1853 3983 1960 4023 bona
1983 3983 2137 4036 perdue
2156 3983 2280 4025 lionis
2305 3983 2671 4037 Constantinopoli
2691 3981 2880 4023 condem·

1547 4038 1655 4087 nati,
1695 4038 1775 4077 nisi
1806 4038 1916 4078 intra
1945 4051 2101 4079 menses
2130 4042 2223 4080 octo
2253 4038 2490 4090 detulerint,
2530 4039 2574 4079 in
2604 4035 2879 4090 quadruplum

1547 4106 1592 4132 ea
1621 4095 1845 4145 praestant)
2017 4096 2085 4145 (ii)
2119 4097 2164 4136 id
2192 4104 2249 4136 est
2276 4095 2312 4135 si
2341 4095 2433 4146 quis
2461 4092 2755 4147 perduellionis
2783 4103 2879 4131 con-

1547 4148 1679 4188 victus
1701 4149 2022 4201 publicationem
2049 4150 2249 4190 bonorum
2269 4149 2478 4200 meruerit,
2508 4149 2540 4189 ii
2565 4148 2639 4200 qui
2662 4147 2767 4187 bona
2793 4147 2880 4187 eius

1546 4207 1687 4243 tenent
1716 4207 1756 4244 et
1784 4205 1827 4244 in
1859 4205 1973 4257 regia
2001 4205 2102 4246 urbe
2130 4208 2434 4247 commorantur
2461 4205 2572 4246 intra
2601 4203 2702 4243 duos
2725 4215 2880 4243 menses

1546 4272 1592 4298 ea
1613 4259 1768 4300 deferre
1793 4260 1954 4312 debent,
1977 4261 2011 4300 si
2027 4262 2169 4301 nonin
2187 4261 2300 4313 regia
2315 4260 2416 4301 urbe
2432 4260 2747 4310 commorantur,
2768 4258 2891 4298 intra.

1546 4317 1638 4354 octo
1668 4328 1831 4356 menses.
1892 4317 2001 4367 quod
2030 4317 2065 4356 si
2094 4330 2177 4357 non
2208 4316 2393 4367 fecerint,
2429 4327 2521 4356 oum
2550 4313 2668 4353 bonis
2697 4313 2878 4365 quadru-

1546 4368 1660 4420 plum
1698 4375 1905 4422 praestant
2074 4375 2148 4425 (12)
2182 4373 2225 4413 B
2255 4374 2322 4424 60,
2353 4380 2396 4413 53
2426 4393 2481 4401 --
2515 4369 2576 4422 C'f
2607 4368 2704 4423 Diq
2739 4370 2806 4417 48,
2839 4377 2876 4411 21

1548 4426 1621 4475 (13)
1659 4426 1719 4479 Cf.
1750 4426 1850 4480 Diq.
1881 4429 1948 4477 48,
1980 4435 2031 4476 ιι,
2063 4436 2096 4469 s.
2128 4437 2147 4469 4
2260 4426 2334 4478 (ιι)
2365 4425 2409 4467 Β
2435 4428 2503 4476 60,
2530 4434 2573 4466 cs
2602 4447 2653 4454 -
2688 4424 2750 4477 Ql.
2778 4423 2877 4477 Diy.

1547 4483 1612 4530 45,
1631 4489 1672 4521 23
1749 4483 1822 4531 (15)
1849 4484 1906 4522 sic
1927 4483 1968 4531 C,
2000 4486 2102 4524 esset
2128 4486 2199 4523 ins.
2224 4483 2314 4533 LR,
2344 4483 2396 4534 cf.
2423 4489 2499 4522 not.
2527 4495 2605 4533 seq.
2679 4481 2753 4530 (16)
2779 4478 2879 4520 viris

1545 4535 1802 4585 processisset
1832 4542 1870 4576 et
1898 4537 2058 4576 oblatus
2082 4543 2184 4578 esset
2205 4553 2279 4578 scr.
2353 4537 2426 4587 (17)
2441 4535 2636 4576 reseravit
2662 4535 2877 4577 Mammam
