3146 4718
1523 63 1624 123 513

210 217 299 261 tica
336 218 455 260 bona
488 213 765 272 presumant;
807 212 923 268 quod
961 214 999 256 si
1036 214 1220 259 fecerint
1259 221 1302 262 et
1340 220 1538 275 requisiti

209 273 266 316 ab
317 271 502 316 ecclesia
542 269 612 313 vel
657 268 838 324 imperio
891 271 1122 314 emendare
1179 277 1536 332 contempserint,

209 328 388 384 triplum
425 324 661 371 refundant
699 328 743 367 et
779 324 943 368 nichilo
973 327 1116 371 minus
1147 329 1293 374 banno
1324 332 1539 388 imperiali

208 384 485 436 subiaceant,
525 379 642 436 quod
683 380 851 435 absque
880 382 1181 428 satisfactione
1218 386 1366 431 debita
1395 388 1536 431 nulla·

208 443 335 484 tenus
364 437 620 482 remittatur.

264 493 294 542 3
324 495 434 538 Item
471 503 744 548 quecumque
783 495 1071 540 communitas
1096 498 1164 541 vel
1223 499 1369 551 [Autloe.
1392 505 1429 552 1,
1446 510 1480 554 3,
1497 510 1536 543 13

239 562 399 594 ersona
440 560 521 604 per
560 559 725 590 annum
773 549 820 592 in
865 554 1314 598 excommunicatione
1356 560 1539 612 propter

205 564 450 650 libertatem
478 603 663 669 ecclesie
699 604 820 648 facta
848 608 1112 663 perstiterit,
1152 611 1249 665 ipso
1278 612 1372 655 iure
1401 612 1536 666 impe-

204 661 304 705 riali
340 661 487 704 banno
526 660 776 715 sublaceat,
808 675 835 704 a
865 676 950 717 quo
982 666 1234 710 nullatenus
1265 667 1536 718 extrahatur,

205 717 290 761 nisi
347 716 439 760 rius
454 715 526 780 ‘ab
557 716 745 759 ecclesia
783 718 997 764 beneficio
1022 722 1310 767 absolutionis
1340 723 1535 766 obtento.

260 771 292 818 4
353 774 565 815 tatuimus
594 774 756 825 autem,
788 779 838 817 ut
861 776 1006 820 nullus
1033 778 1171 821 eccle·
1219 778 1364 830 [Auth.
1387 783 1423 830 1,
1441 789 1474 832 3,
1493 788 1535 820 32

205 827 426 872 siasticam
453 841 692 883 personam
731 830 775 873 in
807 831 1022 875 criminali
1061 835 1289 888 questione
1317 835 1386 878 vel
1423 833 1537 878 civili

203 883 380 928 trahere
409 883 708 948 adjudicium
747 888 945 930 seculare
975 892 1204 943 presumat
1242 895 1396 934 contra
1431 903 1535 933 con-

204 938 454 1005 stitutiones
483 940 732 995 lmperiales
764 946 808 986 et
834 945 1072 989 canonicas
1097 945 1363 990 sanctiones.
1420 945 1537 1001 quod

203 1007 241 1039 si
267 995 438 1062 fecerit,
470 1001 596 1048 actor
625 1010 653 1040 a
681 998 776 1042 iure
802 1012 882 1043 suo
906 1001 1049 1055 cadat,
1081 1002 1324 1045 iudicatum
1352 1014 1442 1045 non
1470 1006 1535 1044 te—

202 1054 307 1095 neat
343 1055 388 1095 et
424 1052 558 1095 iudex
597 1054 654 1096 sit
694 1067 748 1097 ex
784 1060 891 1100 tunc
930 1057 1156 1101 iudicandi
1184 1062 1406 1113 potestate
1446 1057 1535 1112 pri-

201 1110 343 1152 vatus.
402 1109 624 1153 sancimus
655 1111 805 1160 etiam,
845 1117 918 1165 ut,
960 1113 997 1156 si
1036 1114 1112 1169 qui
1142 1114 1312 1158 clericis
1342 1114 1408 1157 vel
1438 1126 1536 1168 per-

202 1163 323 1207 sonis
347 1165 659 1209 ecclesiasticis
689 1167 898 1211 iustitiam
930 1169 1144 1225 denegare
1175 1170 1536 1225 presumpserint,

201 1220 332 1264 tertio
362 1221 564 1276 requisiti
594 1235 718 1265 suam
747 1224 1097 1268 iurisdictionem
1127 1226 1345 1269 amittant.

259 1274 297 1342 5·
323 1276 539 1321 Chat-aros
554 1278 799 1323 Paterenos
815 1280 1052 1324 Leonistas
1070 1281 1176 1337 Spe-
1223 1281 1371 1338 [Autlz.
1397 1286 1427 1332 l,
1445 1292 1535 1333 5,19

201 1337 392 1376 romstas
421 1333 703 1377 Arnaldistas
734 1335 1015 1391 circumcisos
1046 1342 1090 1380 et
1128 1350 1278 1380 omnes
1317 1337 1537 1380 hereticos

201 1388 431 1445 utriusque
455 1402 599 1442 sexus,
631 1405 908 1447 quocumque
930 1393 1106 1436 nomine
1131 1397 1406 1446 censeantur,
1436 1406 1536 1447 per-

200 1449 337 1500 petua
374 1445 663 1502 dampnamus
700 1448 900 1499 infamia,
933 1447 1181 1492 diffidamus
1212 1454 1345 1504 atque
1381 1449 1538 1494 banni-

201 1513 323 1554 mus,
353 1506 601 1554 censentes,
632 1507 682 1546 ut
710 1503 830 1547 bona
857 1503 1010 1547 talium
1041 1505 1336 1548 confiscentur
1372 1517 1452 1548 nec
1483 1505 1539 1548 ad

203 1569 277 1600 eos
307 1557 492 1601 ulterius
522 1563 814 1612 revertantur,
850 1559 915 1602 ita
945 1560 1063 1614 quod
1099 1560 1178 1603 filii
1205 1561 1263 1604 ad
1293 1561 1537 1604 successio-

202 1626 302 1656 nem
341 1626 493 1657 eorum
531 1612 770 1670 pervenire*
798 1628 888 1658 non
925 1616 1123 1671 possint,
1172 1630 1271 1659 cum
1315 1617 1443 1672 longe
1482 1616 1540 1660 sit

200 1669 376 1724 gravius
399 1675 595 1713 eternam
625 1683 756 1726 quam
781 1672 1066 1726 temporalem
1087 1671 1308 1715 offendere
1333 1673 1538 1716 maiesta-

200 1730 303 1768 tem.
359 1726 433 1780 qui
461 1730 607 1769 autem
637 1727 803 1770 inventi
833 1727 999 1770 fuerint
1024 1727 1120 1770 sola
1140 1728 1383 1783 suspitione
1412 1731 1538 1772 nota-

200 1780 326 1832 biles,
357 1781 445 1824 nisi
472 1781 530 1824 ad
557 1782 814 1824 mandatum
844 1783 1031 1825 ecclesie
1068 1783 1194 1825 iuxta
1223 1784 1539 1828 consideratio-

199 1847 301 1878 nem
345 1836 605 1890 suspitionis
654 1837 999 1892 qualitatemque
1046 1850 1265 1892 personae
1315 1840 1540 1894 propriam

199 1891 493 1935 innocentiam
525 1905 719 1947 congrua
747 1894 1009 1947 purgatione
1039 1895 1399 1946 monstraverint,
1429 1898 1540 1938 tam·

200 1959 332 2003 quam
359 1947 545 1991 infames
576 1953 620 1991 et
660 1948 829 1991 banniti
856 1949 914 1992 ab
944 1949 1149 1993 omnibus
1186 1949 1450 2002 habeantur,
1480 1951 1544 1994 ita

201 2003 342 2059 quod,
374 2003 412 2047 si
441 2003 506 2047 sic
534 2017 615 2059 per
644 2016 807 2047 annum
847 2005 1195 2060 permanserint,
1233 2017 1287 2049 ex
1327 2009 1435 2050 tunc
1465 2019 1542 2050 eos

202 2059 318 2103 sicut
347 2059 568 2103 hereticos
598 2060 983 2116 condempnamus.

220 2135 222 2138 ·
260 2112 290 2160 ὃ
332 2114 577 2157 Statuimus
618 2116 780 2159 etiam¹
819 2117 905 2160 hoc
945 2117 1090 2160 edicto
1121 2117 1168 2160 in
1227 2117 1374 2169 [Auta.
1396 2123 1540 2171 1,4,19

202 2176 466 2227 perpetuum
502 2171 704 2225 valituro,
745 2175 796 2214 ut
832 2177 1076 2227 potestates
1112 2173 1181 2216 vel
1220 2174 1424 2217 consules
1464 2188 1542 2218 seu

203 2233 413 2278 rectores,
445 2227 795 2283 quibuscumque
816 2228 1059 2283 fungantur
1078 2228 1253 2280 officiis,
1284 2242 1365 2285 pro
1392 2229 1542 2274 defen-

203 2283 328 2326 sione
365 2282 468 2326 fidei
510 2286 709 2338 prestent
745 2283 924 2338 publice
966 2284 1283 2337 iuramentum,
1328 2285 1445 2341 quod
1489 2287 1543 2331 de

202 2340 333 2382 terris
373 2351 451 2382 sue
478 2339 775 2383 iurisdictioni
812 2340 1024 2384 subiectis
1062 2341 1292 2384 universos
1322 2341 1541 2387 hereticos

204 2395 261 2438 ab
301 2395 489 2439 ecclesia
530 2395 762 2439 denotatos
802 2396 920 2439 bona
958 2395 1046 2438 fide
1084 2409 1164 2451 pro
1203 2397 1368 2441 viribus
1399 2402 1541 2442 exter-

203 2452 371 2495 minare
401 2451 665 2504 studebunt,
703 2451 768 2494 ita
808 2452 927 2504 quod
965 2453 1137 2504 amodo,
1176 2453 1542 2509 quandocumque

204 2508 302 2564 quis
345 2507 481 2551 fuerit
514 2508 562 2550 in
597 2510 862 2563 potestatem
902 2506 993 2551 sive
1031 2513 1290 2564 perpetuam
1329 2510 1396 2553 vel
1433 2514 1542 2554 tem-

203 2563 402 2619 poralem
447 2567 725 2619 assumptus,
771 2564 856 2606 hoc
903 2567 1109 2607 teneatur
1147 2565 1389 2620 capitulum
1424 2566 1542 2609 iura-

203 2622 352 2664 mento
375 2619 573 2675 firmare3
605 2620 801 2674 alioquin
817 2632 959 2674 neque
982 2633 1063 2675 pro
1087 2622 1385 2675 potestatibus
1402 2635 1544 2678 neque

204 2689 287 2731 pro
318 2675 601 2720 consulibus²
630 2676 891 2729 habeantur,
923 2689 1160 2731 eorumque
1198 2678 1439 2723 sententias
1470 2679 1543 2723 de-

207 2732 427 2776 cernimus
458 2744 514 2776 ex
542 2737 650 2775 tunc
679 2731 828 2775 irritas
860 2735 904 2775 et
931 2732 1097 2775 inanes.
1343 2756 1345 2758 -

264 2786 292 2833 7
325 2788 372 2832 Si
399 2801 502 2832 vero
533 2788 732 2831 dominus
761 2789 1014 2843 temporalis
1045 2789 1190 2844 requi·
1250 2789 1397 2842 [Autk.
1422 2794 1458 2843 1,
1475 2802 1509 2843 5,
1526 2802 1546 2833 4

205 2844 318 2889 situs
348 2848 392 2887 et
421 2844 640 2887 amonitus
680 2844 736 2887 ab
775 2844 963 2887 ecclesia
992 2847 1155 2887 terram
1193 2857 1318 2888 suam
1355 2859 1547 2902 purgare

176 2937 182 2945 .
206 2900 448 2955 neglexerit
477 2900 534 2943 ab
565 2900 761 2944 heretica
789 2901 1028 2955 pravitate,
1060 2905 1164 2955 post
1187 2914 1350 2944 annum
1377 2896 1407 2945 ‘a
1435 2909 1546 2945 tem-

207 2969 316 3011 pore
358 2955 609 2999 monitionis
649 2956 847 3011 elapsum
891 2959 1055 2999 terram
1099 2957 1239 3012 ipsius
1286 2959 1545 3014 exponimus

211 3011 440 3055 catholicis
470 3012 786 3066 occupandam,
819 3012 894 3067 qui
924 3026 1019 3055 eam
1050 3013 1545 3058 exterminatisshereti-

211 3067 274 3111 cis
304 3068 471 3122 absque
500 3068 592 3110 ulla
622 3067 971 3112 contradictione
1000 3068 1273 3123 possideant,
1305 3065 1351 3112 et
1367 3056 1415 3112 in
1444 3069 1547 3113 fidei

210 3123 403 3179 puritate
443 3128 725 3177 conservent,
774 3124 894 3167 salvo
933 3124 1029 3167 iure
1069 3124 1234 3167 domini
1272 3125 1545 3181 principalis,

211 3178 444 3222 dummodo
477 3191 611 3234 super
639 3179 724 3222 hoc
749 3179 918 3223 nullum
949 3183 1116 3236 prestet
1145 3181 1436 3236 obstaculum,
1467 3194 1548 3225 nec

211 3234 389 3289 aliquod
411 3235 766 3290 impedimentum
781 3237 1026 3291 opponat³3
1058 3235 1210 3279 eadem
1226 3237 1388 3280 nichilo
1405 3238 1547 3280 minus

211 3292 308 3345 lege
350 3296 526 3334 servata
563 3297 719 3334 contra
754 3303 852 3344 eos,
902 3292 976 3346 qui
1013 3304 1102 3334 non
1141 3292 1306 3335 habent
1349 3293 1547 3336 dominos

212 3347 497 3403 principales.
772 3393 774 3395 ,

272 3400 301 3450 8
342 3402 578 3446 Credentes
616 3405 846 3457 praeterea
885 3406 1198 3458 receptatores,
1257 3402 1511 3456 [Autk.1‚*5‚
1530 3416 1549 3447 4

214 3459 466 3502 defensores
497 3461 543 3502 et
569 3459 766 3502 fautores
788 3458 1082 3502 hereticorum
1107 3459 1340 3501 bannimus
1353 3459 1384 3511 ⁴,
1413 3459 1548 3502 firmi-

1621 220 1736 264 infra
1774 233 1959 271 annum,
2001 231 2056 262 ex
2093 223 2199 261 tunc
2237 219 2334 273 ipso
2372 217 2467 260 iure
2506 218 2563 260 sit
2602 219 2746 262 factus
2775 219 2949 262 infamis

1622 289 1705 320 nec
1733 277 1791 320 ad
1819 276 1996 333 publica
2027 274 2178 318 officia
2208 286 2286 317 seu
2316 273 2499 317 consilia
2517 275 2585 317 vel
2615 276 2672 318 ad
2701 275 2951 330 eligendos⁵

1622 333 1792 388 aliquos
1818 332 1875 377 ad
1896 330 2144 374 huiusmodi
2166 342 2246 372 nec
2269 329 2326 372 ad
2352 329 2648 372 testimonium
2673 331 2949 374 admittatur:

1623 389 1680 431 sit
1710 389 1842 431 etiam
1870 387 2147 440 intestabilis,
2177 390 2227 429 ut
2249 398 2331 429 nec
2359 386 2551 427 testandi
2579 387 2762 429 liberam
2790 387 2952 430 habeat

1622 444 1860 488 factionem
1898 456 1981 490 nec
2010 443 2068 487 ad
2102 441 2359 485 hereditatis
2399 442 2721 485 successionem
2752 442 2948 486 accedat.

1621 500 1768 544 nullus
1798 504 1999 556 preterea
2015 499 2056 544 ei
2086 510 2220 553 super
2249 509 2523 552 quocumque
2547 498 2732 552 negotio,
2765 501 2832 541 set
2855 499 2950 554 ipse

1620 555 1718 598 aliis
1747 556 2013 612 respondere
2043 558 2241 610 cogatur.
2301 552 2420 608 quod
2449 552 2487 595 si
2521 552 2632 596 forte
2660 554 2790 596 iudex
2820 555 2950 597 exsti-

1618 610 1733 664 terit,
1763 611 1857 655 eius
1888 611 2106 655 sententia
2142 610 2306 653 nullam
2336 608 2533 652 obtineat
2560 609 2831 661 firmitatem,
2868 622 2950 653 nec

1621 678 1781 709 causae
1796 667 1940 722 alique
1956 667 2014 710 ad
2039 667 2132 711 eius
2147 664 2413 709 audientiam
2435 663 2734 719 perferantur:
2766 666 2803 708 si
2818 665 2952 708 fuerit

1619 721 1884 774 advocatus,
1930 724 2023 765 eius
2053 721 2347 778 patrocinium
2383 719 2631 764 nullatenus
2671 721 2949 764 admittatur:

1619 777 1658 820 si
1687 777 1880 828 tabellio,
1919 778 2213 822 instrumenta
2253 775 2456 820 confecta
2492 788 2572 831 per
2608 775 2752 832 ipsum
2789 777 2951 820 nullius

1618 833 1794 888 penitus
1825 833 1913 876 sint
1940 834 2161 877 momenti.

1675 886 1705 935 9
1736 888 1921 944 Navigia
1950 902 2226 945 quocumque
2256 889 2454 931 locorum
2482 899 2582 943 per·
2641 887 2786 939 [Auth.
2807 892 2845 940 6,
2863 898 2951 940 2,18

1618 944 1816 997 veniant,
1857 945 1895 988 si
1934 957 2020 1000 quo
2062 957 2169 988 casu
2206 945 2486 999 contingente
2523 947 2658 998 rupta
2693 943 2858 986 fuerint
2885 943 2954 987 vel

1619 1000 1729 1044 alias
1759 1002 1815 1043 ad
1854 1006 2018 1043 terram
2057 1000 2335 1056 perveniant,
2371 1005 2463 1042 tam
2491 999 2662 1054 navigia
2697 1000 2796 1054 ipsa
2825 1012 2954 1054 quam

1619 1057 1918 1112 navigantium
1947 1057 2066 1101 bona
2104 1056 2192 1100 illis
2230 1057 2398 1111 integre
2428 1060 2717 1107 reserventur,
2757 1055 2814 1097 ad
2844 1068 2952 1110 quos

1620 1113 1896 1167 spectabant,
1928 1117 2164 1168 antequam
2189 1113 2405 1168 navigium
2433 1111 2684 1155 huiusmodi
2712 1111 2954 1166 periculum

1619 1168 1894 1223 incurrisset,
1925 1169 2101 1212 sublata
2130 1168 2306 1225 penitus
2341 1167 2460 1212 omni
2490 1167 2806 1211 consuetudine
2834 1168 2954 1210 loco-

1620 1238 1740 1278 rum,
1781 1237 1866 1280 que
1905 1225 2008 1268 huic
2039 1225 2297 1268 adversatur
2336 1223 2568 1278 sanctioni,
2608 1223 2692 1266 nisi
2729 1222 2838 1266 talia
2866 1223 2955 1266 sint

1620 1280 1811 1335 navigia,
1843 1294 1926 1336 que
1954 1281 2186 1336 piraticam
2215 1284 2470 1333 exerceant,
2500 1283 2578 1323 aut
2613 1279 2702 1322 sint
2730 1279 2858 1322 nobis
2887 1279 2954 1321 vel

1622 1336 1871 1380 Christiano
1920 1337 2087 1380 nomini
2133 1337 2326 1381 inimica.
2411 1341 2763 1390 transgressores
2808 1339 2954 1376 autem

1621 1392 1751 1436 huius
1775 1397 1926 1437 nostre
1942 1393 2268 1437 constitutionis
2291 1393 2508 1437 bonorum
2530 1391 2829 1446 publicatione
2843 1390 2953 1432 mul-

1619 1452 1782 1501 tentur,
1812 1453 1857 1492 et
1885 1449 1923 1492 si
1951 1461 2022 1492 res
2052 1449 2258 1504 exegerit,
2289 1462 2440 1493 eorum
2468 1446 2657 1490 audacia
2680 1446 2805 1490 iuxta
2833 1458 2954 1488 man-

1621 1504 1773 1547 datum
1802 1509 2002 1548 nostrum
2030 1505 2172 1548 modis
2204 1506 2432 1549 omnibus⁶
2464 1507 2786 1558 compescatur.

1679 1559 1743 1606 10
1775 1560 1935 1604 Omnes
1966 1573 2069 1604 vero
2100 1561 2315 1616 peregrini
2346 1565 2389 1604 et
2418 1560 2583 1604 advene
2617 1558 2764 1610 [Autlz.
2783 1562 2820 1611 6,
2838 1568 2897 1611 59,
2914 1567 2955 1600 ιο

1620 1616 1758 1660 libere
1806 1615 2101 1671 hospitentur,
2146 1617 2224 1660 ubi
2273 1617 2510 1668 voluerint,
2557 1619 2600 1657 et
2642 1613 2878 1669 hospitati,
2919 1613 2957 1655 si

1621 1672 1806 1716 testari⁷
1834 1671 2075 1724 voluerint,
2117 1672 2170 1715 de
2209 1673 2343 1715 rebus
2382 1673 2474 1715 suis
2505 1670 2738 1714 ordinandi
2775 1669 2957 1712 liberam

1621 1729 1816 1772 habeant
1839 1728 2117 1783 facultatem3
2150 1742 2333 1783 quorum
2349 1727 2567 1771 ordinatio
2583 1727 2848 1774 inconcussa
2865 1738 2956 1768 ser-

1622 1789 1760 1827 vetur.
1841 1784 1880 1827 si
1921 1797 2023 1827 vero
2068 1784 2269 1837 intestati
2313 1783 2599 1833 decesserint,
2645 1781 2703 1824 ad
2740 1781 2958 1836 hospitem

1623 1839 1759 1882 nichil
1788 1840 2032 1895 perveniat,
2073 1846 2140 1883 set
2167 1842 2286 1884 bona
2315 1840 2510 1895 ipsorum
2548 1850 2628 1894 per
2657 1850 2813 1881 manus
2842 1836 2957 1891 epis-

1626 1895 1725 1950 copi
1760 1895 1851 1938 loci
1888 1895 2123 1938 tradantur
2159 1896 2198 1939 si
2234 1895 2330 1938 fieri
2366 1899 2514 1951 potest
2553 1893 2790 1937 heredibus
2818 1894 2885 1936 vel
2912 1892 2959 1934 in

1623 1951 1720 2006 pias
1762 1963 1920 1994 causas
1959 1956 2206 2006 erogentur.
2274 1952 2436 2007 hospes
2465 1963 2580 2004 vero,
2625 1949 2664 1991 si
2703 1948 2868 2004 aliquid
2904 1947 2958 1990 de

1626 2006 1753 2050 bonis
1797 2007 1951 2050 talium
2001 2010 2159 2050 contra
2205 2007 2322 2051 hanc
2365 2011 2558 2051 nostram
2604 2004 2959 2049 constitutionem

1625 2063 1852 2115 habuerit,
1898 2063 2079 2118 triplum
2119 2064 2325 2119 episcopo
2366 2063 2573 2106 restituat
2618 2061 2776 2115 quibus
2821 2060 2960 2103 visum

1626 2118 1760 2162 fuerit
1789 2119 2123 2174 adsignandum,
2155 2133 2243 2163 non
2272 2120 2476 2163 obstante
2506 2122 2672 2161 statuto
2704 2117 2851 2171 aliquo
2884 2120 2961 2158 aut

1627 2175 1942 2218 consuetudine
1971 2188 2049 2219 seu
2078 2175 2210 2219 etiam
2239 2174 2477 2231 privilegio,
2509 2186 2593 2229 que
2615 2173 2829 2215 hactenus
2855 2184 2958 2215 con-

1626 2232 1810 2274 trarium
1839 2232 2122 2275 inducebant.
2193 2231 2232 2275 si
2261 2231 2336 2287 qui
2366 2236 2512 2274 autem
2542 2233 2697 2273 contra
2729 2241 2958 2283 presump-

1627 2286 1777 2339 serint,
1809 2287 1871 2330 eis
1902 2287 1956 2332 de
1984 2288 2118 2331 rebus
2148 2288 2239 2330 suis
2270 2286 2462 2330 testandi
2491 2284 2790 2329 interdicimus
2821 2283 2960 2326 facul·

1625 2346 1774 2394 tatem,
1806 2347 1857 2386 ut
1884 2343 1930 2386 in
1960 2355 2012 2387 eo
2043 2343 2297 2399 puniantur,
2329 2344 2374 2385 in
2405 2356 2490 2398 quo
2522 2342 2822 2396 deliquerunt,
2852 2340 2960 2382 alias

1625 2403 1758 2455 prout
1787 2399 1915 2454 culpe
1944 2400 2134 2455 qualitas
2165 2399 2359 2454 exegerit
2386 2397 2608 2454 puniendi.

1687 2454 1743 2500 11
1780 2455 2084 2509 Agricultores
2115 2460 2160 2502 et
2191 2456 2309 2499 circa
2333 2468 2425 2497 rem
2453 2454 2587 2497 rusti·
2648 2450 2923 2504 [Azctlz.8,16,
2941 2463 2960 2494 s

1629 2524 1724 2555 cam
1754 2511 1975 2566 occupati,
2008 2512 2110 2554 dum
2126 2511 2238 2554 villis
2267 2510 2473 2562 insident,
2504 2509 2606 2553 dum
2636 2521 2764 2562 agros
2796 2508 2962 2558 colunt,

1629 2567 1772 2611 securi
1802 2568 1890 2610 sint
1920 2580 2196 2622 quacumque
2225 2571 2353 2622 parte
2381 2570 2614 2616 terrarum,
2644 2564 2707 2606 ita
2736 2569 2785 2606 ut
2814 2564 2962 2606 nullus

1627 2623 1876 2667 inveniatur
1914 2626 2004 2665 tam
2035 2623 2200 2675 audax,
2243 2627 2293 2666 ut
2321 2634 2534 2677 personas
2551 2625 2567 2649 ⁸
2596 2621 2729 2664 boves
2758 2632 2964 2674 agrorum

1627 2680 1921 2722 instrumenta
1956 2682 2035 2722 aut
2073 2678 2112 2722 si
2149 2678 2253 2733 quid
2282 2678 2403 2720 aliud
2433 2679 2513 2729 sit,
2554 2676 2671 2732 quod
2701 2675 2758 2718 ad
2787 2688 2965 2730 operam

1628 2735 1886 2778 rusticalem
1924 2734 2165 2789 pertineat,
2202 2734 2410 2777 invadere
2449 2745 2606 2789 capere
2648 2737 2726 2774 aut
2753 2731 2965 2774 violenter

1629 2791 1805 2834 auferre
1841 2793 2079 2845 presumat.
2158 2789 2197 2833 si
2236 2790 2334 2844 quis
2373 2793 2520 2832 autem
2560 2791 2774 2831 statutum
2811 2787 2964 2830 huius-

1628 2846 1749 2890 modi
1787 2859 1899 2889 ausu
1938 2846 2171 2889 temerario
2205 2845 2366 2888 violare
2402 2843 2737 2900 presumpserit,
2774 2843 2821 2886 in
2858 2854 2963 2897 qua-

1630 2901 1833 2958 druplum
1871 2902 2024 2957 ablata
2058 2901 2284 2953 restituat,
2325 2900 2505 2943 infamie
2544 2903 2694 2942 notam
2731 2899 2829 2954 ipso
2868 2899 2966 2941 iure

1629 2959 1841 3057 incugrat,
1872 2954 2090 3012 imperiali
2113 2955 2491 3000 animadversione
2517 2954 2678 2998 nichilo
2708 2955 2852 2997 minus
2882 2967 2964 3008 pu—

1630 3027 1730 3058 men
1763 3027 1830 3057 us.

1687 3068 1753 3115 12
1786 3069 1908 3112 ⁹Nos
1934 3081 2037 3112 vero
2054 3067 2279 3110 Honorius
2305 3066 2538 3121 episcopus
2566 3078 2715 3108 servus
2740 3077 2966 3108 servorum

1632 3126 1701 3170 dei
1739 3126 1819 3168 has
1868 3125 1987 3179 leges
2025 3136 2053 3166 a
2090 3122 2320 3165 Friderico
2361 3122 2659 3165 Romanorum
2702 3121 2965 3175 imperatore

1629 3181 1721 3225 filio
1750 3186 1904 3223 nostro
1936 3178 2162 3226 carissimo
2193 3191 2272 3233 pro
2303 3177 2494 3220 utilitate
2531 3176 2723 3220 omnium
2754 3176 2964 3220 Christia-

1632 3250 1788 3281 norum
1819 3236 1957 3279 editas
1987 3235 2220 3277 laudamus
2250 3234 2546 3288 approbamus
2575 3236 2621 3276 et
2658 3231 2964 3276 confirmamus

1631 3297 1857 3347 tamquam
1885 3291 1931 3333 in
1962 3293 2158 3333 eternum
2183 3289 2406 3340 valituras,
2440 3291 2484 3332 et
2506 3289 2543 3331 si
2571 3288 2669 3344 quis
2691 3300 2801 3331 ausu
2830 3293 2964 3331 teme-

1633 3349 1764 3399 rario,
1793 3347 1968 3390 inimico
1999 3345 2181 3388 humani
2216 3345 2385 3398 generis
2417 3344 2650 3397 suadente,
2692 3355 2966 3398 quocumque

1632 3403 1763 3447 modo
1793 3403 1873 3446 has
1911 3401 2147 3456 infringere
2184 3400 2481 3455 temptaverit,
2521 3399 2860 3454 indignationem
2897 3399 2966 3442 dei

1634 3459 1946 3514 omnipotentis
1977 3463 2022 3501 et
2051 3458 2282 3499 beatorum
2297 3455 2418 3499 Petri
2448 3460 2491 3498 et
2511 3455 2639 3498 Pauli
2667 3455 2965 3510 apostolorum

213 3519 282 3557 ter
311 3517 570 3566 statuentes,
598 3518 651 3556 ut
679 3514 730 3568 si,
760 3519 993 3570 postquam
1023 3513 1209 3568 quilibet
1238 3515 1388 3557 talium
1417 3516 1572 3558 fueritv
1603 3566 1606 3568 ,
1634 3527 1683 3558 se
1712 3515 1880 3557 noverit
1908 3515 2202 3556 incursurum.

214 3569 668 3614 excommunicatione
705 3573 908 3623 notatus,
948 3569 1208 3614 satisfacere
1237 3571 1550 3626 contempserit

217 3712 267 3762 (1)
299 3712 422 3751 etiam
452 3726 523 3750 om.
540 3710 660 3750 Auth.

217 3769 272 3818 (3)
302 3767 483 3819 apponat
511 3765 636 3806 Aum.

219 3823 316 3864 dum
355 3822 476 3863 Auen.

720 3710 775 3760 (2)
806 3721 937 3762 neque
966 3723 1042 3762 pro
1071 3709 1298 3750 rectoribus
1328 3710 1402 3749 ins.
1427 3709 1549 3749 Auth-

733 3765 789 3816 (4)
819 3764 1055 3806 damnamus
1092 3766 1215 3807 Auth.
1313 3765 1367 3816 (5)
1398 3764 1551 3816 eligen-

590 3822 647 3873 (6)
685 3819 779 3861 aliis
817 3819 993 3876 Reqesta
1107 3823 1162 3873 (7)
1193 3822 1340 3861 testare
1376 3820 1553 3874 Reqesta

2910 3660 2967 3667 ψ..-

1636 3710 1691 3761 (8)
1721 3720 1935 3762 personam
1964 3706 2140 3760 Reqesta
2208 3705 2263 3757 (9)
2294 3705 2624 3754 confirmationem
2653 3705 2831 3746 Honorii
2857 3707 2965 3747 omit-

1639 3774 1722 3807 tunt
1752 3765 1926 3818 Reyesta

1266 4164 1419 4172 --——
1425 4164 1455 4169 ω-
1461 4165 1489 4169 «-.«
1495 4166 1498 4167 ⁷
1511 4164 1911 4170 *ue-m*-

1261 4556 1368 4598 'rypis
1391 4555 1423 4587 J.
1451 4556 1488 4587 B.
1512 4555 1749 4592 Hirschfeldi,
1773 4555 1923 4595 Lipsiae.
