3094 4732
167 98 245 157 nii
277 105 472 154 Lucius
509 115 932 157 AnvocA'ronun

275 251 508 296 παντελῶς
577 250 657 307 ηδὲ
685 255 764 297 τοῦ
794 253 1005 313 ἄρχοντος
1042 253 1154 309 μηδὲ
1189 259 1286 300 τῶν
1315 255 1503 300 ἐκδίκων

190 309 217 351 9
272 305 385 363 μηδὲ
423 311 501 351 τοῦ
571 313 887 366 ιακομίζοντος.
946 305 990 352 ‘0
1020 308 1070 352 δὲ
1097 310 1310 371 κερδάνας
1347 312 1502 358 διπλά-

274 377 372 406 σιον
403 362 564 407 δίδωσι
604 371 700 418 καί,
743 367 782 408 εἰ
819 368 905 422 μὲν
934 363 1082 422 ἄρχων
1120 371 1256 420 ἐστίν,
1296 372 1502 414 ἐκπίπτει

273 421 351 473 τῆς
378 417 531 480 ἀρχῆς,
571 422 610 464 εἰ
647 420 697 464 δὲ
736 423 892 481 ἑτέραν
923 421 1142 479 φροντίδα
1181 425 1308 478 εἶχεν,
1350 425 1501 482 ἐκβάλ-

275 473 400 519 λεται
428 479 507 520 τοῦ
539 483 879 535 φροντίσματος.

659 649 771 697 LXI
810 649 1002 708 (LXII).

161 729 239 771 DE
263 729 466 771 LUCRIS
493 729 911 771 ADVOGATORUM
936 734 1009 774 ET
1028 734 1501 778 CONCUSSIONIBUS

353 785 703 827 OFFICIORUM
733 786 862 827 SIVE
892 790 1303 833 APPARITORUM.

219 866 243 912 1
285 865 417 924 ¹Imp.
453 867 775 913 Constantinus
804 871 879 913 A.2
906 874 1173 928 proconsuli
1202 875 1402 931 Africae.
1455 873 1502 917 Si

83 951 87 954 <
160 922 259 978 quis
289 935 338 966 se
367 935 395 966 a
423 923 674 968 ducenariis
704 926 772 968 vel
811 929 1075 972 centenariis
1106 930 1204 973 vel³
1241 930 1339 974 fisci
1367 929 1499 973 advo-

160 978 271 1043 catis
301 978 470 1023 laesum
500 993 597 1025 esse
620 983 862 1036 cognoscit,
892 984 1014 1027 adire
1043 985 1210 1029 iudicia
1239 989 1284 1029 et
1311 987 1501 1042 probare

157 1033 363 1078 iniuriam
391 1049 481 1080 non
503 1041 713 1091 moretur,
745 1043 796 1081 ut
818 1039 865 1082 in
892 1053 989 1083 eum
1010 1041 1084 1097 qui
1112 1042 1337 1086 convictus
1367 1041 1503 1085 fuerit

158 1092 427 1147 competenti
454 1094 689 1137 severitate
718 1094 977 1139 vindicetur.
1039 1096 1093 1140 D.
1120 1097 1240 1141 Vtid.
1259 1098 1371 1142 Nov.
1406 1097 1499 1140 Pri-

156 1147 286 1191 veriS.
345 1161 437 1192 acc.
470 1161 542 1192 XV
566 1149 608 1193 lc.
640 1149 775 1194 Mart.
811 1150 1095 1210 Kartkaqine
1127 1152 1421 1198 Constantino
1447 1157 1500 1207 A,

157 1213 247 1246 1111
274 1207 322 1247 et
346 1203 523 1249 Licinio
555 1218 647 1249 HJJ
673 1220 815 1251 conss.
1185 1214 1242 1262 [a.
1276 1214 1371 1253 314.
1401 1213 1498 1261 315]

213 1256 246 1303 2
277 1257 410 1315 ⁴Imp.
430 1260 718 1306 Constantius
739 1266 790 1306 A.
820 1263 1073 1308 Eubulidae
1103 1266 1272 1309 vicario
1297 1266 1498 1324 Africae.

155 1313 340 1359 Praeter
377 1317 608 1361 sollemnes
647 1322 692 1362 et
731 1320 966 1364 canonicas
1006 1321 1324 1376 pensitationes
1363 1322 1500 1365 multa

155 1383 183 1414 a
211 1371 589 1427 provincialibus⁵
617 1375 918 1431 indignissime
940 1378 1224 1432 postulantur
1246 1379 1303 1421 ab
1330 1377 1498 1421 officia-

154 1426 272 1472 libus
303 1433 348 1472 et
377 1429 655 1474 scholasticis
692 1445 782 1475 non
821 1432 949 1476 modo
989 1433 1036 1476 in
1067 1433 1317 1477 civitatibus
1349 1435 1498 1488 singu-

154 1482 231 1538 lis,
278 1485 357 1529 sed
400 1489 444 1529 et
485 1488 812 1540 mansionibus,
857 1489 960 1531 dum
999 1489 1107 1544 ipsis
1147 1495 1192 1533 et
1235 1489 1499 1534 animalibus

159 1544 179 1583 1
225 1542 465 1585 eorundem
488 1544 722 1588 alimoniae
746 1544 840 1588 sine
869 1545 1014 1600 pretio
1039 1545 1357 1590 ministrantur.
1389 1546 1498 1590 Pro-

155 1595 364 1642 vinciales
393 1599 544 1655 itaque
575 1601 724 1644 cuncti
759 1600 928 1644 iudices
967 1604 1178 1645 tueantur
1207 1614 1289 1646 nec
1317 1603 1499 1646 iniurias

153 1651 321 1698 inultas
359 1655 552 1699 transire
593 1657 862 1712 permittant.
922 1656 975 1700 D.
1009 1669 1079 1701 III
1104 1657 1146 1701 lc.
1179 1657 1265 1701 Iul.
1308 1658 1497 1702 Leontio

155 1714 202 1752 et
231 1707 450 1755 Sallustio
482 1725 627 1755 conss.
1306 1718 1362 1766 [a.
1397 1718 1494 1766 344]

212 1761 243 1812 3
275 1765 442 1866 “Impp
474 1767 700 1811 Arcadius
744 1773 790 1811 et
828 1767 1066 1812 Honorius
1094 1769 1184 1811 AA.
1219 1768 1498 1827 Pompeiano

153 1823 420 1886 proconsui
447 1823 638 1880 Africae
650 1825 679 1866 ⁷.
752 1823 966 1877 Quotiens
1008 1824 1260 1879 compulsor
1299 1825 1499 1880 arguitur

152 1889 200 1920 m
230 1876 573 1933 depraedatione
604 1878 858 1932 convictus,
891 1881 1023 1923 etiam
1052 1893 1143 1923 non
1174 1880 1379 1923 consulta
1410 1881 1496 1923 cle-

152 1933 319 1976 mentia
346 1936 501 1978 nostra
529 1947 719 1990 poenam
756 1937 918 1979 subeat
955 1935 1127 1990 legibus
1160 1940 1496 1991 competentem.

153 1987 209 2032 D.
236 1988 358 2047 prid.
389 1989 432 2034 lc.
464 1989 565 2034 Ian.
618 1989 869 2034 Mediolani
900 1989 1150 2035 Stilichone
1179 1997 1225 2036 et
1251 1992 1497 2036 Aureliano

154 2057 300 2090 conss.
1325 2062 1366 2092 a.
1399 2053 1480 2092 400

140 2133 149 2141 .
210 2099 242 2147 4
274 2100 421 2168 Impp.
454 2101 693 2146 Honorius
731 2107 776 2147 et
815 2102 1093 2147 Theodosius
1120 2104 1212 2147 ΛΑ.
1255 2051 1497 2148 Hbdriand

148 2170 230 2224 pp.
278 2156 528 2202 Ounalibus
554 2163 598 2202 et
617 2158 902 2202 naviculariis
920 2160 1211 2216 omnibusque
1238 2161 1497 2216 corporibus

153 2216 218 2257 ita
247 2214 472 2258 subveniri
499 2215 713 2267 volumus,
744 2220 796 2257 ut
824 2215 934 2258 nihil
963 2216 1294 2271 apparitoribus
1322 2217 1497 2260 univer-

155 2282 306 2314 sorum
326 2270 522 2315 iudicum
546 2270 693 2324 liceat,
726 2271 844 2326 quod
859 2271 917 2314 ad
939 2271 1148 2327 praedam
1172 2272 1498 2326 provinciarum

156 2325 360 2382 pertinet.

618 2443 757 2491 LXII
791 2442 1029 2504 (12X111).⁸

620 2526 696 2564 DE
726 2525 1037 2565 PRIMIPILO.

216 2605 240 2653 1
279 2605 348 2650 Im
374 2622 425 2665 p.
469 2606 739 2652 Valerianus
783 2612 828 2651 et
872 2605 1103 2650 Gallienus
1146 2608 1237 2651 ΛΑ.
1283 2607 1495 2652 Domitio.

159 2663 338 2707 Commo
371 2676 398 2707 a
427 2663 721 2720 primipilatus
764 2667 866 2719 post
894 2663 1319 2708 administrationem
1349 2664 1499 2708 deberi

157 2719 388 2775 incipiunt,
412 2725 457 2763 et
483 2721 519 2763 si
542 2719 595 2772 is,
627 2720 701 2772 qui
726 2732 778 2763 ea
796 2720 1026 2775 percipere
1042 2719 1204 2772 debuit,
1228 2721 1350 2776 prius
1366 2722 1498 2765 rebus

159 2775 366 2820 humanis
396 2776 628 2831 eximatur,
658 2775 896 2819 heredibus
926 2776 1080 2832 petitio
1111 2777 1232 2820 salva
1261 2776 1330 2820 sit.

215 2829 246 2877 2
278 2830 425 2890 Impp.
443 2832 754 2876 Diocletianus
782 2831 1151 2876 etMaximianus
1176 2834 1266 2876 AA.
1298 2833 1499 2878 Alexan-

158 2887 255 2932 dro.
317 2888 515 2932 Obtentu
555 2888 745 2932 nominis
784 2887 991 2944 primipili
1031 2888 1176 2931 civiles
1216 2889 1412 2933 actiones
1442 2889 1499 2933 ad

160 2944 271 2988 alios
301 2944 470 2989 iudices
502 2943 836 2988 transferendae
866 2958 957 2988 non
987 2950 1104 2988 sunt.

217 2997 247 3046 3
280 3000 405 3044 Idem
421 3002 512 3045 AA.
532 3000 746 3045 Domnae.
793 3000 971 3045 Utilitas
1001 3001 1180 3056 publica
1209 3000 1499 3055 praeferenda

161 3058 228 3099 est
264 3057 536 3111 privatorum
576 3056 900 3101 contractibus:
949 3061 992 3100 et
1030 3057 1128 3099 ideo
1174 3057 1213 3100 si
1252 3058 1499 3101 constiterit

159 3111 270 3155 fisco
312 3112 591 3157 satisfactum
631 3124 727 3156 esse
766 3112 822 3156 ob
854 3125 1033 3156 causam
1063 3112 1293 3168 primipili,
1331 3114 1498 3168 poteris

162 3167 400 3223 obligatam
437 3168 522 3212 tibi
558 3167 882 3225 possessionem
923 3169 1037 3213 dotis
1074 3168 1203 3211 titulo
1234 3173 1407 3224 petere,
1448 3174 1499 3212 ut

162 3223 270 3268 satis
301 3224 396 3268 doti
423 3223 520 3268 fieri
548 3225 703 3280 possit.

163 3370 211 3418 (1)
241 3387 298 3403 =
329 3367 402 3408 Th.
435 3367 474 3416 8,
504 3375 560 3415 10,
591 3374 628 3406 1:
662 3366 778 3418 iunqe
811 3368 874 3417 10,
906 3375 959 3416 19,
993 3375 1007 3406 1
1040 3374 1076 3405 et
1105 3380 1208 3417 quae
1237 3367 1297 3405 ibi
1325 3367 1496 3406 laudan·

163 3431 231 3466 tur·
295 3429 348 3470 (2)
379 3421 553 3462 Aeliano
583 3423 656 3461 ins.
690 3421 796 3474 leqes
825 3423 1049 3476 iunqendae
1116 3421 1170 3471 (3)
1200 3420 1279 3470 vel]
1312 3434 1357 3459 ac
1380 3434 1496 3473 prae-

162 3480 282 3534 cipue
316 3479 388 3520 Th.
503 3479 554 3529 (4)
586 3498 641 3512 =
676 3477 746 3517 Th.
779 3478 817 3527 8,
848 3487 902 3529 10,
935 3487 955 3518 2
1071 3477 1122 3527 (5)
1155 3476 1266 3516 Afris
1306 3479 1377 3517 ins.
1423 3475 1493 3518 le.

163 3537 220 3588 (6)
249 3556 305 3571 =
336 3535 409 3576 ΤΙι.
441 3536 590 3583 8,10,3
628 3534 665 3573 Β
696 3535 763 3583 56,
796 3542 847 3584 ιτ,
874 3543 941 3575 60:
974 3535 1091 3585 iunqe
1121 3533 1160 3583 9,
1192 3541 1250 3578 ιθ,
1282 3542 1295 3573 ι
1328 3542 1365 3573 ec
1394 3547 1496 3585 quae

162 3593 221 3633 ibi
250 3592 470 3632 laudantur
536 3591 590 3641 (7)
620 3588 869 3641 Pompeiano
899 3602 973 3629 suo
1002 3587 1074 3628 sal.
1112 3590 1304 3638 10,72,12
1364 3589 1419 3637 (8)
1450 3588 1495 3628 Β

163 3649 230 3700 56,
261 3657 316 3699 17,
347 3655 393 3688 64
420 3661 529 3699 seqq.
604 3647 660 3697 (9)
692 3643 927 3685 aurelianus
963 3645 1034 3694 Oa,
1064 3643 1248 3683 traianus
1286 3644 1349 3683 vel
1378 3656 1494 3684 aure—

162 3703 299 3743 lianus
327 3703 384 3752 K,
414 3701 624 3741 tracianus
659 3698 714 3742 0⁶
800 3701 874 3751 (10)
904 3701 949 3742 Β
980 3703 1044 3748 56,
1075 3708 1128 3750 17,
1160 3709 1217 3741 65.
1236 3709 1276 3742 67
1345 3704 1412 3748 (11)
1444 3712 1494 3738 ne

164 3759 265 3811 qnid
293 3757 484 3812 publicae
514 3756 607 3797 laet.
640 3756 779 3796 nuntii
809 3768 858 3796 ex
886 3755 1158 3808 descriptione
1181 3755 1248 3796 vel
1276 3755 1325 3795 ab
1355 3755 1496 3794 invitis

163 3815 370 3868 accipiant
401 3814 475 3855 Th.
506 3814 546 3865 8,
575 3822 612 3855 11
683 3815 758 3864 (12)
789 3831 846 3847 ==
876 3813 948 3854 ΤΙι.
967 3814 1110 3863 8,11,4
1176 3811 1248 3863 (13)
1278 3811 1385 3851 bella
1406 3811 1494 3860 Th„

161 3980 362 4040 publicet
387 3979 484 4023 sine
512 3978 620 4022 ullis
647 3978 861 4035 impensis
884 3977 998 4035 sive?
1036 3975 1204 4019 raesidi
1227 3976 1318 4020 sive
1348 3974 1498 4030 defen-

164 4041 190 4082 9
214 4077 218 4079 ,
246 4035 426 4081 soribus
452 4034 544 4079 sive
572 4035 729 4077 nuntio
754 4037 974 4090 praestan
1007 4034 1057 4075 is.
1116 4030 1202 4084 Qui
1231 4032 1403 4075 lucrum
1430 4029 1500 4086 fe-

165 4093 289 4146 cerit,
320 4091 506 4150 duplum
534 4089 669 4134 solvit
695 4095 762 4141 et,
791 4089 832 4131 si
850 4102 1043 4146 praeses
1071 4093 1160 4138 est,
1190 4087 1500 4144 maqistratum

165 4148 352 4201 amittit,
382 4147 422 4190 si
450 4146 587 4190 aliam
616 4144 1049 4188 administrationem
1078 4142 1246 4195 habuit,
1276 4157 1330 4186 ea
1359 4153 1500 4184 remo-

193 4209 306 4249 etur.

165 4219 192 4250 v
221 4258 370 4303 LXIII
401 4257 433 4304 2
464 4257 578 4315 Imp.
610 4255 892 4300 Iustinianus
915 4255 966 4297 Α.
999 4253 1180 4297 Iuliano
1201 4267 1284 4312 pp.
1347 4251 1501 4295 Sanci-

167 4329 279 4369 mus,
308 4317 348 4360 si
377 4315 479 4373 quis
506 4315 553 4357 in
574 4310 818 4372 provincia
842 4310 911 4354 vel
933 4309 1276 4367 maqistratuum
1295 4320 1502 4366 quorum-

169 4371 277 4415 libet
296 4371 365 4416 vel
386 4369 620 4415 consulum
644 4366 957 4426 promotiones
981 4364 1049 4410 vel
1068 4364 1302 4421 qenerales
1327 4365 1504 4426 formas

170 4427 601 4486 qloriosissimorum
627 4423 965 4482 praefectorum
993 4420 1060 4464 vel
1096 4420 1214 4463 alius
1249 4434 1310 4464 ea:
1338 4423 1504 4461 nostris

171 4482 512 4541 maqistratibus
533 4480 777 4531 renuntiat,
806 4476 876 4521 vel
899 4476 1031 4535 etiam
1053 4475 1416 4519 constitutionum
1438 4473 1506 4517 vel

171 4551 406 4582 sacrorum
421 4536 861 4582 commonitoriorum
877 4532 945 4577 vel
967 4530 1242 4589 qeneralium
1257 4530 1505 4592 litterarum

175 4594 244 4641 vel
271 4594 404 4640 etiam
434 4594 668 4638 erectionis
696 4587 993 4650 imperialium
1022 4592 1271 4631 statuarum
1305 4587 1503 4629 insinua-

1502 99 1607 160 487

2599 113 2703 171 XII
2727 116 2929 167 61—63

1647 255 1679 303 4
1725 256 1849 302 Idem
1887 258 1980 302 AA.
2022 257 2258 325 Dionysio.
2335 262 2441 306 Cum
2487 275 2541 306 ex
2585 265 2679 307 sola
2722 266 2931 322 primipili

1592 325 1728 357 causa
1757 315 1932 366 liberos,
1965 314 2098 358 etiam
2127 328 2164 358 si
2188 317 2387 371 patribus
2412 318 2593 363 heredes
2621 333 2709 363 non
2726 322 2928 377 existant,

1588 369 1731 412 teneri
1771 371 1894 414 divus
1926 370 2226 414 Aurelianus⁹
2256 375 2473 428 sanxerit,
2515 375 2552 418 si
2580 388 2723 430 neque
2753 390 2930 422 succes-

1589 425 1709 468 sistis
1738 427 1858 481 patri
1887 429 2032 471 vestro
2064 440 2147 471 nec
2178 428 2406 484 quicquam
2438 443 2491 473 ex
2527 431 2654 474 bonis
2685 433 2776 475 eius
2805 438 2930 478 tene-

1589 480 1666 533 tis,
1711 495 1986 548 consequens
2027 487 2094 528 est
2122 495 2151 527 a
2178 486 2375 540 paternis
2407 486 2696 530 creditoribus
2725 501 2804 532 vos
2842 502 2931 534 non

1590 548 1827 582 convemri.

2019 738 2182 787 LXIII
2220 740 2502 801 (LXIIII).¹⁰

1586 828 1874 877 PUBLICAE
1902 832 2210 874 LAETITIAE
2226 835 2340 875 VEL
2367 835 2668 877 CONSULUM
2692 838 2926 878 NUNTIA-

1586 884 1762 925 TORES
1777 882 1891 922 VEL
1913 883 2324 926 INSINUATORES
2341 886 2837 937 CONSTITUTIONUM
2853 895 2926 934 ET

1586 940 1844 980 ALIARUM
1874 941 2172 982 SACRARUM
2202 944 2316 984 VEL
2346 945 2926 988 IUDICIALIUM-LITTE-

1585 996 1785 1036 RARUM
1814 996 1897 1037 EX
1927 998 2341 1040 DESCRIPTIONE
2360 1000 2474 1041 VEL
2505 1005 2577 1042 AB
2607 1002 2819 1044 INVITIS
2848 1005 2926 1044 NE

1813 1053 1950 1099 QUID
1980 1054 2286 1095 ACCIPIANT
2316 1057 2709 1098 IMMODICUM.¹¹

1644 1148 1666 1194 1
1710 1147 1925 1208 ¹²Imppp.
1946 1147 2193 1194 Gratianus
2220 1149 2563 1196 Valentinianus
2591 1159 2635 1197 et
2652 1153 2928 1200 Theodosius

1584 1205 1717 1249 AAA.
1750 1205 1892 1250 Floro
1906 1219 1984 1264 pp.
2044 1205 2265 1262 Quidquid
2294 1211 2546 1251 nostrorum
2575 1223 2784 1265 umquam
2812 1224 2924 1255 nun-

1585 1261 1688 1304 tiari
1728 1262 1924 1318 coeperit
1961 1275 2296 1319 prosperorum,
2341 1263 2459 1307 bella
2475 1266 2509 1291 ¹³
2547 1265 2585 1308 si
2624 1266 2846 1322 desinent,
2887 1269 2925 1311 si

1586 1317 1787 1361 oriuntur
1816 1318 2051 1371 victoriae,
2077 1319 2204 1363 fastis
2234 1320 2272 1363 si
2305 1319 2447 1363 honor
2477 1320 2606 1365 datus
2635 1322 2771 1365 fuerit
2798 1336 2923 1378 rega-

1584 1373 1731 1416 lium¹⁴
1750 1375 2019 1428 trabearum,
2051 1376 2321 1431 compositae
2345 1377 2469 1431 pacis
2493 1377 2530 1419 si
2555 1379 2638 1420 erit
2653 1377 2875 1423 efferenda
2890 1381 2925 1406 ¹⁵

1585 1430 1895 1486 tranquillitas,
1926 1443 2078 1485 sacros
2104 1431 2251 1476 vultus
2280 1431 2556 1476 inhiantibus
2580 1434 2617 1476 si
2645 1434 2760 1478 forte
2781 1449 2923 1491 popu-

1584 1486 1639 1530 lis
1670 1485 1962 1540 inferimusffi,
1992 1487 2104 1531 haec
2130 1489 2223 1531 sine
2243 1487 2475 1532 immodico
2492 1490 2524 1515 ¹⁷
2555 1491 2697 1544 pretio
2727 1492 2925 1536 nuntiari

1590 1547 1605 1585 1
1668 1543 1900 1598 excipique
1928 1543 2163 1587 sancimus.
2225 1543 2435 1588 Gerulum
2465 1545 2663 1589 iubemus
2696 1560 2792 1591 esse
2823 1561 2921 1592 cas-

1583 1598 1820 1642 tissimum:
1851 1599 2019 1643 indices
2052 1601 2319 1644 nummarios
2344 1613 2440 1644 esse
2472 1602 2780 1656 prohibemus:
2810 1604 2922 1648 iudi-

1585 1667 1658 1698 ces
1690 1655 1924 1699 statuimus
1955 1668 2051 1699 esse
2077 1655 2306 1711 sollicitos,
2336 1670 2392 1700 ne
2415 1658 2536 1713 turpi
2567 1659 2756 1703 colludio
2787 1673 2922 1716 quae-

1585 1713 1609 1752 2
1667 1715 1792 1754 ratur
1822 1723 1875 1754 ex
1904 1711 2076 1755 miseris
2108 1713 2298 1766 pretium
2325 1713 2594 1767 gaudiorum.
2655 1714 2782 1769 Quod
2811 1717 2850 1759 si
2877 1717 2924 1760 id

1585 1767 1800 1822 sacrilega
1827 1766 1962 1811 fuerit
1989 1767 2340 1812 dissimulatione
2369 1768 2593 1823 violatum,
2624 1776 2668 1814 et
2704 1771 2922 1828 accipien-

1583 1825 1673 1865 tem
1716 1823 1901 1878 pudoris
1953 1823 2321 1880 fortunarumque
2372 1826 2568 1869 manebit
2617 1827 2835 1871 excidium
2879 1833 2924 1871 et

1586 1883 1812 1932 cogentem
1855 1892 1938 1935 par
1982 1892 2127 1936 poena
2169 1880 2374 1924 multabit
2415 1884 2460 1924 et
2503 1882 2698 1926 officium
2740 1884 2922 1940 triginta

1583 1933 1797 1979 librarum
1843 1935 1942 1980 auri
1985 1936 2216 1980 vexatione
2259 1936 2499 1991 quatiatur.
2581 1938 2635 1982 D.
2685 1951 2776 1984 IIII
2816 1955 2920 1984 non.

1583 1989 1712 2034 Febr.
1762 1990 2156 2050 Constantinopoli
2193 1990 2470 2037 Merobaude
2506 2006 2553 2037 II
2590 2000 2635 2038 et
2673 1994 2921 2040 Saturnino

1584 2058 1725 2089 conss.
2734 2057 2790 2105 [a.
2825 2044 2920 2104 383]

1641 2099 1672 2147 2
1707 2097 2050 2162 18Αὐτοκράτωρ
2075 2103 2387 2148 Ἰουστινιανὸς
2414 2103 2671 2164 Αὔγουστος
2696 2103 2920 2163 Ἰουλιανῷ

1583 2155 1762 2217 ἐπάρχῳ
1792 2161 1890 2201 τῶν
1919 2165 2224 2217 πραιτωρίων.
2286 2163 2577 2217 Θεσπίζομεν,
2617 2163 2662 2205 εἴ
2690 2178 2755 2207 τις
2785 2167 2920 2222 ἐμφα-

1582 2217 1693 2267 νίζει
1723 2214 1835 2256 κατὰ
1863 2212 2019 2274 χώραν
2051 2214 2078 2269 ἢ
2106 2213 2343 2275 ἀρχόντων
2372 2216 2650 2271 οἱωνδήποτε
2679 2215 2706 2274 ἢ
2732 2216 2921 2263 ὑπάτων

1582 2269 1846 2337 προαζωγάς
1872 2269 1901 2325 ἢ
1926 2270 2123 2330 γενικούς
2146 2269 2310 2315 τύπους
2331 2275 2429 2339 τῷν
2454 2271 2762 2325 ἐνδοξοτάτων
2785 2274 2920 2333 ὑπάρ-

1583 2343 1678 2379 χων
1707 2343 1733 2379 η
1763 2331 1834 2367 καὶ
1877 2327 2026 2386 ἑτέρου
2057 2327 2178 2371 τινὸς
2216 2330 2314 2370 τῶν
2354 2335 2582 2388 ημετέρων
2618 2329 2863 2390 ἀρχόντων,
2894 2330 2920 2386 ἢ

1582 2386 1657 2424 καὶ
1686 2380 1936 2433 διατάξεων
1957 2381 1984 2438 ἢ
2013 2384 2160 2426 θείων
2177 2391 2562 2445 κομμωνιτωρίων
2583 2377 2612 2439 ἢ
2644 2385 2920 2457 ἴραμμάτων

1581 2439 1771 2497 γενικῶν
1799 2443 1954 2494 μέντοι
1983 2442 2238 2497 ἑμφανίσεις
2276 2445 2451 2484 ποιοῖτο
2479 2439 2506 2496 ἢ
2534 2447 2608 2484 καὶ
2636 2441 2921 2503 ανδριάντων

1583 2493 1832 2547 βασιλικῶν
1870 2494 2177 2555 καθιδρύσεις,
2226 2495 2288 2552 μὴ
2328 2497 2444 2540 εἶναι
2478 2495 2624 2552 τούτῳ
2665 2506 2920 2558 παρρησίαν

1583 2555 1833 2610 περαιτέρω
1864 2552 1912 2602 ἕξ
1939 2549 2229 2608 νομισμάτων
2259 2550 2334 2610 ἐφ’
2369 2553 2550 2608 ἑκάστη
2568 2554 2755 2610 μηνύσει
2793 2554 2819 2610 ἢ
2849 2554 2915 2614 ἐφ’

1583 2606 1755 2660 ἑκάστω
1794 2606 1924 2661 τύπῳ
1954 2605 1980 2661 ἢ
2010 2607 2172 2667 ἑκάστῃ
2202 2605 2400 2660 διατάξει
2428 2606 2454 2663 ἢ
2523 2615 2602 2665 clep
2632 2627 2918 2667 κομμωνιτω·

1583 2669 1664 2724 ρίῳ
1704 2660 1730 2716 ἢ
1773 2665 2001 2720 γράμματι
2042 2665 2204 2722 γενικῷ
2250 2660 2278 2718 ἢ
2323 2661 2608 2724 ἀνδριάντων
2654 2665 2919 2727 καθιδρύσει

1582 2719 1853 2774 κομίζεσθαι
1897 2717 2012 2762 καθ’
2060 2718 2250 2774 ἑκάστην
2294 2723 2524 2778 ἐπαρχίαν,
2569 2724 2628 2766 εἰς
2669 2720 2725 2777 ἢν
2774 2726 2919 2767 ταῦτα

1583 2773 1849 2831 παρέλαβεν,
1891 2771 2030 2828 ὥστε,
2059 2771 2227 2819 ὁπόσας
2262 2773 2320 2819 ἂν
2348 2778 2439 2829 ἔχοι
2475 2775 2624 2821 πόλεις
2658 2778 2684 2831 ἦ
2715 2782 2917 2838 ἐπαρχία,

1581 2831 1722 2888 μηδὲν
1752 2828 1877 2884 αὐτῷ
1906 2829 2146 2890 διαφέρειν,
2183 2830 2294 2874 ἀλλὰ
2331 2830 2432 2875 τοὺς
2469 2833 2518 2884 ἕξ
2555 2834 2711 2889 μόνους
2749 2838 2916 2891 κομίζε-

1590 2894 1601 2930 1
1667 2888 1782 2930 σθαι
1817 2889 2012 2944 χρυσοῦς.
2071 2889 2128 2929 Εἰ
2169 2885 2220 2929 δέ
2255 2905 2301 2930 τι
2337 2887 2472 2932 πλέον
2511 2893 2747 2944 κομίζοιτο,
2785 2893 2918 2934 τοῦτο

1584 2939 1911 3003 τετραπλάσιον
1939 2940 2186 2986 ἀποδοῦναι

1695 3005 1729 3030 ¹9
1744 2996 2012 3041 κωλυόντων
2040 3001 2117 3042 τοῦ
2148 3017 2197 3042 τε
2226 2997 2435 3058 ἄρχοντος
2463 3006 2536 3042 καὶ
2566 3004 2643 3043 τοῦ
2674 3001 2917 3046 ἐπισκόπου

1694 3059 1767 3097 καὶ
1794 3056 1890 3097 τῶν
1909 3052 2109 3112 πρώτων
2124 3058 2199 3109 τῆς
2226 3054 2397 3099 πόλεως
2419 3061 2493 3097 καὶ
2523 3054 2664 3111 πάσης
2692 3057 2918 3111 πολιτικῆς

1613 3117 1636 3155 2
1695 3115 1768 3153 καὶ
1805 3109 2015 3165 δημοσίας
2053 3112 2282 3166 βοηθείας.
2347 3107 2392 3153 Ὁ
2426 3115 2509 3167 μὲν
2551 3111 2635 3170 γὰρ
2679 3116 2917 3157 ἐπίσκοπος

1693 3163 1778 3211 ὑπὸ
1817 3163 2119 3224 ἀγανάκτησιν
2158 3168 2285 3209 ἔσται
2321 3165 2575 3223 βασιλικήν,
2619 3165 2643 3210 ὁ
2681 3167 2729 3211 δὲ
2766 3168 2915 3228 ἅρχων

1694 3226 1767 3264 καὶ
1804 3224 2054 3265 ἐκπεσεῖται
2091 3225 2167 3276 τῆς
2205 3219 2332 3282 ἀρχῆς
2371 3227 2444 3265 καὶ
2484 3221 2815 3279 δημευθὴσεται
2843 3230 2916 3268 καὶ

1587 3366 1638 3404 ad
1667 3363 1776 3404 bella
1806 3362 1862 3414 K,
1893 3364 1966 3402 aut
2005 3362 2112 3402 bella
2147 3364 2181 3404 O
2321 3365 2392 3413 (14)
2423 3366 2482 3405 sic
2516 3365 2701 3407 Cuiacius
2735 3367 2820 3417 Th„
2851 3366 2915 3407 vel

1586 3420 1765 3460 consulis
1796 3420 1869 3460 ins.
1901 3418 1986 3459 ΚΟ
2046 3421 2117 3470 (15)
2146 3422 2204 3459 sic
2235 3420 2322 3470 Th„
2352 3420 2558 3460 offerenda
2589 3421 2685 3463 libri
2748 3424 2821 3473 (16)
2850 3423 2914 3461 in-

1582 3478 1756 3516 feremus
1792 3473 1861 3514 Th.
1950 3478 2021 3525 (1·1)
2050 3475 2267 3514 immodico
2298 3477 2464 3517 om.le.
2551 3478 2625 3528 (18)
2658 3480 2697 3518 in
2733 3479 2767 3518 O
2798 3481 2914 3530 prin-

1581 3534 1724 3584 cipium
1750 3546 1871 3583 usque
1897 3531 1954 3570 ad
1976 3533 2098 3571 verba
2126 3529 2289 3571 τύπους
2315 3531 2413 3572 τῶν
2438 3541 2474 3571 et
2490 3534 2726 3586 subscriptio
2757 3543 2916 3575 extant:

1581 3589 1683 3628 unde
1714 3587 1869 3627 collatis
1889 3587 1930 3626 Β
1953 3596 2124 3639 apparet
2154 3589 2266 3627 initio
2291 3589 2581 3628 constitutionis
2602 3592 2807 3642 repetitam
2831 3605 2913 3630 esse

1586 3646 1619 3693 1,
1651 3652 1683 3694 4,
1703 3651 1762 3693 26,
1781 3651 1814 3683 6.
1833 3651 1875 3683 7:
1907 3657 1954 3682 ex
1984 3643 2059 3682 hac
2089 3644 2210 3695 iyitur
2237 3657 2301 3694 pr.
2329 3652 2364 3683 et
2393 3649 2411 3690 ᾖ
2434 3653 2446 3683 1
2474 3644 2624 3684 initium
2650 3646 2913 3685 restituimus:

1582 3701 1698 3752 iunqe
1728 3700 1766 3749 3,
1794 3707 1828 3747 2,
1855 3707 1874 3738 4
1905 3706 1941 3737 et
1978 3713 2081 3750 quae
2122 3699 2179 3738 ibi
2217 3697 2436 3738 laudantur
2533 3699 2611 3750 (19)
2643 3715 2750 3752 seqq.
2792 3714 2839 3740 ex
2869 3700 2913 3740 Β

1583 3757 1647 3805 56,
1679 3763 1732 3804 17,
1764 3763 1806 3795 6Ἰ
1838 3755 2020 3794 restituta
2048 3762 2139 3793 sunt

1590 3973 1751 4016 tionem
1778 3974 1949 4030 faciat,
1989 3987 2081 4016 non
2119 3974 2252 4017 licere
2291 3975 2331 4017 ei
2360 3974 2481 4018 ultra
2508 3989 2594 4019 sex
2628 3975 2799 4019 solidos
2820 3991 2914 4034 pro

1587 4042 1857 4085 ‘canaquaque
1884 4029 2216 4072 renuntiatione
2245 4030 2313 4072 vel
2333 4043 2425 4086 pro
2464 4044 2734 4087 unaquaque
2760 4033 2916 4088 forma

1587 4084 1655 4128 vel
1683 4097 1954 4147 unaquaque
1982 4085 2298 4128 constitutione
2327 4086 2395 4128 vel
2414 4099 2546 4129 sacro
2577 4088 2914 4131 commonitorio

1587 4139 1655 4183 vel
1682 4139 1966 4196 qeneralibus
2003 4139 2164 4184 litteris
2194 4140 2261 4183 vel
2297 4145 2547 4184 statuarum
2586 4142 2805 4186 erectione
2826 4156 2917 4200 per

1585 4194 1789 4252 sinqulas
1813 4195 2074 4251 provincias
2103 4196 2164 4239 ad
2190 4209 2303 4252 quas
2332 4210 2384 4239 ea
2404 4197 2598 4253 pertulit
2626 4198 2821 4255 exiqere,
2850 4203 2915 4251 ut,

1588 4256 1885 4307 quotcumque
1890 4251 2158 4308 provinciae
2174 4252 2373 4295 civitates
2395 4252 2497 4302 sint,
2529 4251 2642 4295 nihil
2663 4254 2759 4296 eius
2779 4254 2916 4298 inter-

1595 4311 1609 4349 l
1669 4306 1750 4358 sit,
1789 4305 1870 4349 sed
1905 4320 1989 4351 sex
2020 4306 2321 4351 tantummodo
2351 4307 2522 4350 solidos
2559 4308 2728 4365 eaiqat.
2787 4307 2919 4362 Quod

1587 4362 1627 4405 si
1683 4361 1754 4405 lus
1767 4362 1983 4419 exeqerit,
2013 4362 2143 4406 huius
2157 4362 2458 4419 quadruplum
2479 4362 2656 4408 reddat.
2696 4363 2781 4408 hoc
2802 4364 2916 4408 inhi-

1589 4375 1750 4461 beb'unt
1777 4421 1822 4460 et
1846 4431 2036 4475 praeses
2064 4422 2109 4461 et
2135 4431 2159 4460 e
2192 4418 2373 4474 iscopus
2401 4423 2444 4461 et
2474 4419 2696 4475 primates
2722 4419 2847 4464 urbis
2874 4424 2918 4464 et

1590 4476 1613 4515 2
1674 4485 1801 4515 omne
1830 4473 2032 4529 officium
2054 4472 2150 4530 pub
2168 4473 2296 4516 icum.
2366 4471 2621 4532 Episcopus
2650 4476 2764 4519 enim
2792 4477 2917 4533 prin-

1590 4528 1702 4585 cipis
1729 4526 2080 4585 indiqnationem
2109 4529 2329 4579 incurret,
2362 4543 2551 4586 praeses
2578 4536 2622 4574 et
2649 4532 2916 4588 maqistratu

1590 4582 1882 4629 removebitur
1910 4590 1954 4630 et
1980 4584 2108 4628 bonis
2131 4583 2374 4641 publicatis
2401 4585 2686 4643 relegabitur,
2717 4587 2918 4645 officium
