3034 4776
183 158 249 208 VI
285 157 452 206 9--15

229 300 258 349 9
294 300 433 343 ¹Idem
461 301 536 344 A.²
574 298 635 342 ad
667 297 899 363 populum.
957 299 1017 343 Ut
1040 296 1271 340 verborum
1301 294 1496 337 inanium

172 356 438 401 excludimus
467 354 704 409 captiones,
734 357 800 396 ita
827 353 938 397 haec
961 349 1182 397 observari
1207 348 1493 400 decernimus,

170 419 218 455 ut
261 410 379 466 apud
423 408 656 464 quemlibet
699 407 885 452 iudicem
924 409 991 451 vel
1034 406 1163 450 etiam
1192 404 1311 459 apud
1340 403 1495 468 duum-

169 469 282 511 viros
314 465 638 520 qualiscumque
667 462 845 507 testatio
884 459 1211 518 amplectendae
1239 459 1494 503 heredltatis

169 521 444 573 ostendatur,
500 517 674 561 statutis
723 518 871 572 prisco
911 518 1008 560 iure
1050 514 1321 570 temporibus
1367 528 1494 559 coar—

167 578 314 631 tanda,
354 589 405 619 eo
444 573 607 626 addito,
651 576 714 624 ut,
757 573 927 616 etiamsi
964 572 1081 615 intra
1117 571 1305 615 alienam
1342 571 1493 625 vicem,

165 634 210 677 id
238 635 305 676 est
331 631 488 686 prioris
516 628 693 684 gradus,
720 627 1035 693 properantius
1065 629 1318 679 exseratur,
1358 627 1493 670 nihilo

164 689 306 732 minus
361 691 505 728 tamen
559 683 804 727 efficaciam
846 694 1016 738 parem,
1072 682 1199 738 quasi
1244 683 1336 728 suis
1379 683 1497 727 sita³

166 741 407 791 curriculis,
438 738 744 796 consequatur.
804 738 860 783 D.
885 737 929 782 lc.
947 737 1076 782 Febr.
1103 737 1356 784 Laodiceae
1384 737 1494 783 Con-

162 799 328 843 stantio
358 799 409 841 A.
441 807 489 839 ιι
513 801 558 840 et
588 794 829 840 Constante
857 796 909 839 A.
941 795 1109 839 conss.⁴
1305 799 1364 849 [a.
1396 797 1493 847 339]

796 912 857 960 Χ.

162 995 386 1042 QUANDO
409 994 526 1035 NON
548 993 883 1035 PETENTIUM
902 993 1117 1034 PARTES
1139 991 1494 1033 PETENTIBUS

629 1049 1014 1091 ADGRESCUNT.

217 1132 240 1179 1
278 1131 410 1190 ‘Imp
444 1130 703 1177 Gordianus
733 1133 785 1176 A.
816 1130 1092 1176 Marcianae.
1152 1130 1364 1186 Quotiens
1393 1129 1493 1185 plu-

159 1191 279 1234 ribus
319 1188 467 1233 liberis
509 1192 711 1232 cessante
741 1188 936 1244 legitima
966 1186 1248 1231 successione
1276 1187 1492 1230 bonorum

192 1245 381 1290 ossessio
421 1243 638 1297 defertur,
683 1244 947 1288 beneficium
986 1243 1121 1287 edicti
1156 1242 1361 1298 perpetui
1397 1242 1492 1298 qui·

157 1260 342 1346 Busdam
372 1300 674 1345 omittentibus
703 1300 772 1343 his
803 1300 908 1344 solis
939 1300 1040 1354 qui⁶
1068 1301 1286 1345 bonorum
1315 1311 1492 1354 posses-

158 1359 323 1402 sionem
376 1359 650 1413 agnoverunt
700 1356 949 1412 portionem
995 1369 1086 1399 non
1162 1355 1371 1398 etentium
1414 1354 1490 1398 ad-

158 1426 355 1458 crescere
377 1413 425 1457 in
448 1412 629 1457 dubium
651 1425 740 1457 non
763 1412 895 1456 venit.
949 1410 1005 1456 D.
1030 1411 1089 1455 id.
1144 1425 1217 1455 an.
1239 1409 1491 1469 Pereqrino

158 1474 202 1514 et
227 1469 476 1515 Aemiliano
514 1481 657 1513 conss.
1303 1470 1361 1521 [a.
1393 1470 1490 1520 244]

767 1584 872 1633 XI.⁷

156 1666 233 1707 DE
270 1666 541 1708 BONORUM
575 1667 945 1764 POSSESISnIxOSNE
985 1666 1294 1707 SECUNDUM
1325 1665 1492 1707 TABU-

214 1803 238 1850 1
279 1803 410 1864 ⁸Imp.
442 1804 705 1850 Alexander
733 1807 785 1849 A.
828 1804 1006 1849 Vitali⁹.
1075 1804 1302 1848 Pendente
1340 1803 1491 1860 appel-

157 1861 322 1904 latione
362 1874 388 1904 a
432 1861 669 1915 sententia,
714 1874 802 1916 qua
838 1861 1001 1904 falsum
1038 1864 1352 1904 testamentum
1389 1873 1492 1915 pro·

158 1917 406 1961 nuntiatum
432 1922 511 1970 est,
537 1917 706 1961 incerto
731 1917 891 1970 adhuc,
915 1930 973 1960 an
997 1916 1232 1961 defunctus
1252 1917 1492 1960 intestatus

158 1973 414 2026 decesserit,
449 1973 743 2028 proximitatis
774 1974 949 2017 nomine
976 1973 1195 2017 bonorum
1222 1972 1493 2029 possessioni

157 2029 282 2073 locus
311 2043 399 2073 non
429 2034 509 2072 est.
577 2028 632 2073 D.
666 2041 735 2073 ιιι
752 2031 783 2056 ¹⁰
811 2029 853 2073 lc.
884 2028 994 2073 Mai.
1026 2028 1234 2073 Maximo
1266 2041 1311 2072 ιι
1338 2038 1379 2073 et
1409 2029 1492 2072 Ae-

158 2085 280 2129 liano
311 2099 453 2129 conss.
1305 2089 1361 2138 [a.
1394 2088 1491 2137 223]

213 2139 244 2187 2
276 2140 388 2207 Imp.
423 2140 681 2185 Gordianus
709 2142 761 2185 A.
796 2141 1015 2186 Cornelio.
1063 2142 1289 2185 Bonorum
1318 2140 1492 2196 quidem

155 2209 480 2252 possessionem
518 2211 572 2240 ex
602 2198 743 2240 edicto
774 2197 990 2252 praetoris
1019 2210 1110 2241 non
1138 2198 1223 2240 nisi
1250 2197 1493 2241 secundum

156 2265 230 2296 eas
275 2253 470 2305 tabulas,
524 2266 638 2307 quae
681 2256 850 2308 septem
894 2253 1070 2296 testium
1113 2252 1250 2307 signis
1295 2253 1492 2307 signatae

158 2313 176 2350 1
237 2313 360 2360 sunt,
398 2308 489 2364 peti
527 2322 658 2364 posse
693 2309 739 2351 in
777 2308 960 2352 dubium
1003 2322 1093 2353 non
1128 2309 1260 2352 venit.
1327 2308 1493 2352 Verum

154 2364 191 2407 si
218 2364 406 2407 eundem
434 2377 662 2408 numerum
687 2364 882 2408 adfuisse
905 2364 999 2408 sine
1023 2363 1202 2420 scriptis
1227 2367 1491 2408 testamento

155 2419 332 2464 condito
363 2419 512 2463 doceri
540 2425 699 2476 potest,
730 2420 826 2463 iure
852 2419 969 2463 civili
989 2423 1302 2464 testamentum
1323 2419 1491 2463 factum

152 2475 288 2519 videri
315 2488 369 2519 ac
399 2476 640 2519 secundum
669 2476 1043 2532 nuncupationem
1072 2477 1291 2520 bonorum
1315 2488 1490 2532 posses—

153 2531 319 2576 sionem
348 2532 509 2576 deferri
537 2533 756 2588 explorati
783 2532 893 2576 iuris
925 2536 1005 2577 est.
1066 2531 1160 2577 ΡΡ.
1188 2544 1268 2575 XII
1289 2531 1331 2576 lc.
1353 2531 1490 2576 Mart.

153 2588 301 2633 Attico
331 2594 376 2633 et
403 2587 703 2633 Praetextato
734 2602 878 2632 conss.
1304 2593 1360 2641 [a.
1394 2592 1490 2640 242]

749 2705 892 2753 XII.¹¹

156 2787 230 2826 DE
259 2786 530 2827 BONORUM
567 2785 938 2827 POSSESSIONE
973 2786 1196 2828 CONTRA
1224 2787 1478 2828 TABULAS

273 2843 431 2889 QUAM
459 2843 718 2884 PRAETOR
747 2842 972 2884 LIBERIS
1000 2843 1374 2884 POLLICETUR.

214 2925 236 2971 1
275 2924 387 2983 Imp.
418 2924 679 2970 Alexander
708 2926 759 2970 A.
792 2924 934 2983 Rufo.
992 2924 1146 2969 Liberi
1179 2929 1335 2970 contra
1362 2926 1492 2969 tabu·

152 2982 219 3025 las
262 2982 507 3038 parentium
557 2982 775 3025 bonorum
825 2981 1107 3038 possessione
1150 2982 1344 3026 admissa
1386 2981 1493 3026 solis

152 3039 411 3094 parentibus
451 3041 494 3082 et
530 3038 681 3082 liberis
710 3039 857 3093 legata
884 3042 1112 3094 praestare
1141 3038 1305 3082 debent
1333 3050 1492 3082 secun-

155 3095 257 3137 dum
295 3094 499 3138 edictum.
558 3092 652 3138 ΡΡ.
684 3106 778 3138 ιιιι
802 3093 860 3138 id.
897 3095 990 3139 Oct.
1021 3092 1230 3139 Maximo
1262 3106 1309 3138 ιι
1336 3100 1383 3140 et
1408 3095 1493 3139 Ae-

155 3151 277 3194 liano
308 3164 451 3195 conss.
1303 3154 1360 3203 [a.
1393 3154 1490 3203 223]

212 3204 243 3251 2
283 3204 407 3250 Idem
444 3208 494 3250 A.
539 3205 741 3251 Hilarae.
809 3206 1022 3252 Postumo
1066 3212 1193 3262 nato,
1239 3207 1315 3262 qui
1351 3219 1494 3262 neque

155 3262 283 3306 heres
311 3262 540 3306 institutus
576 3276 603 3306 a
639 3269 765 3319 patre
794 3275 938 3318 neque
967 3263 1225 3307 nominatim
1255 3263 1492 3307 exhereda-

155 3323 227 3360 tus
258 3322 337 3372 est,
375 3323 681 3362 testamentum
710 3320 949 3375 rumpitur:
988 3323 1033 3363 et
1062 3319 1101 3363 si
1131 3323 1287 3363 contra
1316 3320 1492 3363 tabulas

156 3374 374 3418 bonorum
400 3376 619 3429 possessio
647 3375 808 3419 infanti
821 3377 855 3402 ¹2
884 3388 911 3419 a
941 3379 1088 3420 tutore
1115 3375 1258 3432 petita
1292 3379 1385 3429 est,
1423 3389 1492 3420 se-

158 3429 349 3473 cundum
378 3430 552 3474 tabulas
580 3432 802 3486 possessio
839 3431 986 3476 locum
1015 3432 1182 3477 habere
1210 3446 1299 3478 non
1328 3436 1492 3489 potest.

158 3484 211 3528 D.
243 3484 286 3529 lc.
316 3483 453 3530 Mart.
486 3485 665 3531 Iuliano
694 3493 739 3531 et
770 3487 975 3546 Crispino
1007 3501 1150 3533 conss.
1306 3493 1362 3542 [a.
1394 3492 1491 3541 224]

732 3602 904 3651 ΧΙΙΙᾺ*ι

158 3684 233 3723 DE
269 3683 541 3725 BONORUM
574 3683 943 3725 POSSESSIONE
985 3685 1207 3727 CONTRA
1237 3686 1489 3727 TABULAS

227 3739 473 3791 LIBERTI,
503 3738 1101 3838 QUAgORgrnggIX'IPSUKEL
1118 3742 1152 3767 ¹⁴
1182 3742 1410 3783 LIBERIS

213 3875 238 3924 1
275 3876 388 3935 Imp.
423 3875 681 3922 Gordianus
707 3877 760 3921 A.
793 3876 1081 3925 Herculiano.
1126 3880 1255 3925 Licet
1275 3893 1330 3925 ex
1353 3893 1490 3925 causa

157 3931 479 3978 fideicommissi
522 3934 815 3978 manumissus
859 3934 935 3990 sit,
990 3948 1119 3991 quem
1166 3950 1221 3981 ex
1262 3937 1489 3982 voluntate

157 4078 207 4126 (ι)
239 4077 355 4130 iunye
372 4077 410 4126 6,
430 4085 486 4126 23,
503 4085 554 4116 15.
571 4078 607 4127 6,
626 4085 685 4126 37,
703 4083 741 4115 21
836 4074 892 4127 (2)
922 4074 1030 4116 idem
1059 4090 1094 4117 a.
1126 4081 1338 4130 confirmat
1366 4082 1404 4130 5,
1433 4087 1492 4130 70,

158 4134 196 4181 7,
213 4140 247 4182 3,
264 4146 349 4171 cum
366 4132 469 4172 hanc
485 4133 795 4172 constitutionem
817 4131 1072 4173 Constantino
1091 4136 1299 4177 adscribat
1341 4137 1395 4187 (3)
1413 4135 1493 4175 sita

159 4187 388 4237 Mommsen,
427 4187 570 4227 scitam
607 4187 765 4238 Rffli',
801 4186 922 4226 sitam
961 4199 986 4227 a
1021 4187 1135 4241 CMv,
1174 4190 1229 4230 sit
1266 4203 1341 4231 usa
1376 4191 1491 4232 edd:

156 4243 230 4282 καὶ
258 4238 319 4296 μὴ
350 4242 398 4282 ἐν
422 4244 511 4284 τοῖς
535 4242 708 4283 οἰκείοις
730 4236 904 4299 χρόνοις
928 4246 1140 4298 γενομένη
1170 4249 1222 4295 Β,
1259 4245 1300 4286 εἰ
1327 4247 1403 4287 καὶ
1431 4241 1493 4298 μὴ

157 4299 207 4338 ἐν
234 4301 326 4339 τοῖς
354 4294 480 4339 ἰδίοις
515 4293 686 4356 χρόνοις
726 4293 969 4356 ἐχρήσαντο
999 4299 1055 4356 τῇ
1085 4296 1383 4359 διαμαρτυρίᾳ
1413 4303 1499 4342 ΒΣ

157 4355 211 4405 (4)
241 4354 473 4395 constantio
597 4367 724 4395 conss.
755 4355 940 4407 supplevi
967 4369 1015 4395 ez·
1049 4356 1086 4406 6,
1117 4364 1174 4408 23,
1206 4368 1256 4399 15.
1291 4361 1331 4409 6,
1362 4366 1420 4410 37,
1452 4366 1491 4399 21

158 4410 212 4459 (5)
241 4410 287 4450 Β
318 4411 383 4460 40,
414 4418 446 4462 7,
478 4419 494 4452 1
589 4411 645 4462 (6)
674 4408 773 4451 solis
799 4409 875 4462 qui
902 4408 954 4461 P,
983 4409 1057 4461 qui
1085 4411 1163 4453 soli
1198 4414 1270 4455 CR
1359 4413 1416 4466 (7)
1444 4413 1492 4455 Β

159 4466 225 4510 4ο,
258 4473 276 4504 7
305 4486 361 4494 -—
397 4466 455 4521 Cf.
487 4465 588 4520 Diq.
620 4468 686 4518 37,
716 4475 752 4508 11
838 4464 897 4518 (s)
928 4466 1047 4519 {unqe
1077 4468 1116 4519 6,
1139 4477 1195 4520 24,
1220 4478 1240 4510 3
1328 4469 1386 4522 (9)
1414 4468 1492 4509 mi-

159 4516 226 4556 liti
257 4521 374 4561 addit
402 4523 442 4572 6,
472 4529 528 4573 24,
560 4530 580 4564 s
703 4522 782 4574 (ιο)
811 4533 861 4562 vx
889 4522 930 4573 6,
960 4529 1019 4574 24,
1048 4530 1069 4564 3
1190 4526 1260 4576 (11)
1297 4525 1359 4579 Cf.
1389 4523 1493 4579 Diq.

162 4573 227 4622 37,
259 4582 278 4614 4
372 4575 442 4626 (12)
471 4576 624 4616 infanti
655 4576 764 4628 10⁰0,
793 4576 965 4617 infantis
994 4576 1160 4619 nomine
1189 4578 1248 4620 Pb

164 4631 231 4679 40,
262 4637 297 4681 τ,
326 4637 359 4669 4.
389 4639 410 4672 5
443 4653 493 4661 —
530 4631 590 4685 ij.
622 4632 723 4686 Diq.
754 4634 821 4685 37,
852 4642 889 4674 14
1031 4635 1103 4687 (14)
1133 4634 1197 4675 vel
1227 4636 1356 4688 SCR,
1386 4637 1427 4676 et
1455 4635 1498 4675 P

1496 136 1597 196 248

1569 1296 1752 1354 pedoni.
1827 1255 1884 1342 ἔί

2178 128 2406 207 QUANDO
2443 156 2559 196 uon
2593 154 2905 197 mmmmm

1578 292 1717 347 patris
1756 304 1856 335 cum
1892 305 2044 338 sorore
2072 298 2116 339 te
2146 294 2453 339 manumisisse
2480 295 2707 351 proponis,
2745 299 2908 347 tamen,

1578 347 1617 390 si
1645 349 1878 391 extraneos
1907 349 2084 406 scripsit
2112 351 2308 404 heredes,
2337 350 2476 406 partis
2506 350 2724 406 legitimae
2754 357 2910 396 contra

1577 402 1752 446 tabulas
1802 402 1896 447 eius
1948 405 2163 450 bonorum
2215 406 2539 462 possessionem
2581 407 2793 462 petendo,
2841 407 2910 451 vel

1579 463 1733 502 contra
1773 462 2162 516 nuncupationem,
2203 463 2240 506 si
2274 464 2584 506 testamentum
2613 462 2706 506 sine
2734 462 2910 519 scriptis

1580 513 1803 558 conditum
1842 521 1931 569 est,
1967 517 2085 561 intra
2122 522 2322 574 tempora
2351 517 2493 561 edicto
2523 518 2786 573 praestituta
2815 530 2911 563 eam

1577 575 1747 626 partem
1775 571 1940 626 poteris
1970 573 2183 618 obtinere.
2243 572 2335 617 ΡΡ.
2376 584 2427 616 VJ
2461 571 2504 617 lc.
2536 572 2641 617 Dec.
2679 572 2910 620 Gordiano

1578 628 1628 669 A.
1660 632 1705 670 et
1731 626 1893 671 Aviola
1922 641 2065 672 conss.
2724 633 2780 682 [a.
2812 632 2910 684 239]

1635 679 1666 727 2
1700 680 1850 740 ¹⁵Imp.
1884 682 2158 728 Theodosius
2187 687 2237 728 A.
2270 683 2590 742 Asclepiodoto
2611 698 2695 743 pp.
2754 683 2911 730 Patro-

1577 751 1661 781 nus
1698 737 1843 781 liberti
1882 740 2136 784 muneribus
2174 741 2324 784 electis
2359 743 2405 784 et
2433 739 2579 795 operis
2611 744 2767 784 contra
2781 739 2816 768 ¹⁰
2843 744 2911 784 ta-

1578 793 1706 838 bulas
1736 793 1953 838 bonorum
1975 796 2260 859 possessione
2295 796 2537 853 repellitur.
2602 794 2658 840 D.
2690 807 2790 840 xm
2806 796 2842 824 ¹⁷
2868 794 2911 840 lc.

1577 847 1716 894 Mart.
1750 847 2143 910 Constantinopoli
2181 851 2362 898 Victore
2390 865 2511 897 cons.
2725 855 2783 904 [a.
2814 854 2913 904 424]

2143 1079 2341 1127 XIIII.¹⁸

2049 1159 2128 1202 UN
2131 1161 2207 1203 DE
2235 1161 2442 1204 LIBERI.

1916 1241 2229 1288 Diocletianus
2264 1249 2311 1289 et
2335 1243 2648 1290 Maximianus
2679 1242 2774 1289 AA.
2808 1240 2917 1286 Sar-

1925 1311 2034 1342 avus
2087 1303 2191 1343 tuus
2234 1300 2399 1344 relictis
2440 1301 2584 1345 tribus
2627 1300 2917 1368 emancipatis

1575 1353 1676 1397 filiis
1701 1353 1889 1398 decessit
1911 1354 2045 1410 hique
2069 1356 2284 1400 bonorum
2310 1357 2634 1411 possessionem
2655 1355 2774 1401 unde
2788 1356 2917 1401 liberi

1577 1414 1848 1466 acceperunt
1921 1424 1971 1454 ro
1983 1412 2020 1437 ²⁰
2055 1411 2261 1468 portione
2290 1412 2473 1457 heredes
2502 1425 2578 1457 eos
2609 1411 2808 1457 extitisse
2836 1423 2917 1469 pa-

1574 1467 1661 1510 lam
1691 1470 1772 1510 est.
1831 1444 1877 1510 D
1916 1501 1926 1511 .
1959 1479 2051 1510 IIII
2082 1480 2186 1512 non.
2218 1466 2357 1512 Mart.
2387 1466 2596 1513 Maximo
2627 1480 2674 1512 ιι
2707 1473 2755 1513 et
2779 1467 2821 1514 A
2852 1469 2918 1513 ui-

1576 1522 1669 1566 lino
1701 1536 1844 1566 conss.
2731 1528 2788 1578 [a.
2875 1527 2917 1577 6]

1632 1576 1663 1624 2
1694 1577 1821 1623 Idem
1849 1579 1941 1623 AA.
1983 1584 2031 1624 et
2067 1578 2145 1624 CC.
2180 1579 2373 1625 Zosimo.
2441 1580 2513 1624 Ex
2548 1584 2811 1625 testamento
2850 1581 2919 1625 vel

1575 1635 1632 1678 ab
1676 1634 1887 1680 intestato
1934 1635 2150 1679 existente
2192 1635 2285 1680 filio
2323 1636 2393 1681 vel
2435 1641 2597 1693 nepote
2632 1650 2714 1682 suo
2754 1635 2916 1681 herede

1577 1704 1703 1735 nemo
1728 1695 1879 1748 potest
1903 1691 2115 1736 intestato
2139 1692 2268 1737 heres
2294 1693 2497 1738 existere.
2550 1692 2606 1738 D.
2631 1705 2706 1738 711
2729 1691 2789 1738 id.
2805 1690 2917 1738 Mai.

1575 1748 1667 1792 AA.
1699 1761 1842 1792 conss.
2731 1753 2789 1803 [a.
2820 1751 2917 1802 293]

1633 1800 1663 1850 3
1704 1803 1860 1863 2¹Imp.
1909 1802 2197 1849 Constantius
2241 1806 2293 1850 A.
2338 1804 2400 1850 ad
2436 1805 2673 1850 Leontium
2715 1805 2920 1850 comitem

1579 1858 1786 1904 Orientis.
1856 1859 1942 1915 Qui
1980 1873 2028 1904 se
2065 1861 2206 1916 patris
2245 1865 2351 1917 post
2387 1873 2518 1905 avum
2552 1862 2814 1906 intestatum
2841 1859 2919 1906 de·

1574 1915 1772 1960 functi22
1800 1929 1856 1960 ne
1885 1919 1934 1960 at
1961 1916 2178 1972 heredem,
2209 1917 2371 1960 mortui
2382 1918 2421 1943 2³
2460 1918 2530 1961 avi
2557 1918 2734 1974 paterni
2742 1918 2781 1945 ²⁴
2819 1929 2918 1962 sus-

1577 1972 1722 2027 cipere
1760 1929 2000 2016 facufftates
2038 1986 2129 2016 non
2166 1976 2337 2029 potest,
2375 1974 2561 2017 maxime
2599 1973 2918 2029 emancipatus,

1574 2028 1662 2127 gisi
1698 2041 1779 2085 per
1817 2029 2034 2128 bonoruxtn
2064 2029 2389 2130 ptsssessioneffcrii
2416 2029 2473 2129 ac}
2502 2029 2755 2129 huiusituiodi
2784 2029 2920 2130 hene-t

1610 2098 1726 2128 c1um
1768 2097 1996 2140 pervenen
2019 2119 2029 2130 .
2147 2120 2156 2129 .
2197 2097 2293 2129 νιιι
2331 2098 2346 2129 ι
2381 2120 2391 2129 .
2463 2098 2574 2144 pri.
2680 2098 2826 2130 mento
2875 2099 2902 2129 e

2728 2144 2786 2193 [a.
2819 2143 2918 2193 349]

1633 1239 1656 1287 1
1699 1239 1836 1299 ¹¹’Imp

1579 2139 1784 2185 Catulino
1815 2154 1959 2186 conss.

2179 2309 2323 2361 XV.²⁵

1730 2392 1887 2433 UNDE
1917 2392 2186 2434 LEGITIMI
2213 2394 2288 2434 ET
2318 2393 2476 2434 UNDE
2507 2391 2769 2435 coenan.

1636 2472 1660 2519 1
1697 2472 1811 2532 Imp.
1841 2473 2106 2520 Alexander
2133 2476 2184 2520 A.
2223 2474 2367 2533 Ulpio.
2414 2474 2789 2520 Consobrinorum
2814 2473 2919 2520 'tuo-

1576 2542 1673 2573 rum
1701 2530 2012 2575 intestatorum
2041 2532 2183 2580 bona,
2225 2531 2263 2576 si
2301 2531 2358 2575 ad
2392 2531 2551 2587 prioris
2580 2531 2918 2577 necessitudinis

1576 2585 1792 2629 neminem
1816 2586 1911 2629 iure
1936 2585 2265 2643 pertinuerunt,
2312 2591 2450 2644 tuque
2487 2601 2639 2632 eorum
2673 2589 2917 2644 possessio-

1577 2655 1676 2687 nem
1705 2643 1933 2698 agnovisti,
1963 2646 2172 2700 persequi
2199 2658 2288 2688 non
2317 2644 2580 2700 prohiberis.
2648 2644 2704 2689 D.
2735 2655 2830 2689 ιιιι
2856 2644 2917 2689 id.

1578 2697 1677 2743 Ian.
1708 2697 1891 2743 Iuliano
1922 2706 1968 2744 et
1998 2699 2205 2764 Crispino
2237 2714 2379 2744 conss
2730 2704 2787 2754 [a.
2818 2703 2917 2754 224]

1634 2752 1665 2800 2
1705 2754 1775 2798 Im
1844 2790 1853 2799 .
1900 2755 2211 2801 Diocletianus
2253 2762 2299 2800 et
2338 2755 2654 2800 Maximianus
2695 2758 2788 2801 AA.
2834 2755 2920 2802 So·

1577 2811 1712 2855 zioni.
1810 2825 1883 2854 um
1910 2812 2214 2867 propiorem²⁶
2250 2812 2478 2856 sobrinum
2490 2813 2542 2865 2⁷,
2581 2812 2628 2856 id
2668 2816 2738 2858 est
2764 2817 2920 2859 natum

1577 2880 1603 2910 a
1636 2867 1922 2919 consobrina,
1961 2868 2096 2912 rebus
2134 2868 2339 2911 humanis
2370 2868 2632 2912 intestatum
2662 2869 2918 2914 defunctum

1577 2936 1816 2979 proponas,
1855 2923 2074 2979 intellegis
2110 2924 2203 2968 sine
2233 2923 2397 2967 auxilio
2427 2924 2644 2968 bonorum
2672 2925 2918 2981 possessio-

1576 2979 1644 3023 nis
1675 2980 1769 3023 eius
1799 2983 1844 3023 te
1869 2980 2192 3024 successionem
2216 2979 2438 3024 vindicare
2459 2993 2548 3024 non
2575 2993 2721 3036 posse.
2767 2980 2823 3024 D.
2848 2993 2922 3025 VII

1576 3034 1619 3080 lc.
1653 3034 1752 3080 Iun.
1785 3035 2089 3081 Laodiceae²⁸
2114 3037 2208 3080 AA.
2239 3049 2381 3081 conss.
2728 3040 2785 3089 [a.
2819 3040 2916 3089 290]

1634 3089 1664 3139 3
1698 3091 1824 3136 Idem
1852 3094 1944 3136 AA.
1976 3098 2021 3136 et
2048 3090 2126 3136 CC.
2158 3092 2309 3137 Felici.
2354 3091 2603 3147 Nepotibus
2632 3092 2704 3136 avi
2732 3091 2920 3137 materni

1577 3161 1658 3204 pro
1701 3147 1816 3192 virili
1857 3149 2063 3203 portione
2106 3149 2237 3192 etiam
2273 3148 2370 3193 iure
2410 3148 2649 3193 honorario
2693 3147 2917 3194 successio

1578 3204 1789 3248 defertur.
1849 3204 1904 3249 D.
1935 3203 1994 3248 id.
2030 3203 2122 3249 Oct.
2157 3203 2295 3248 Sirmi
2323 3205 2414 3248 AA.
2446 3218 2589 3249 conss.
2729 3209 2786 3258 [a.
2819 3207 2916 3256 293]

1633 3259 1665 3306 4
1696 3260 1821 3305 Idem
1851 3262 1960 3305 AA.>
1984 3266 2030 3305 et
2069 3259 2146 3305 CC.
2188 3259 2413 3319 Syriscae.
2480 3259 2584 3305 Non
2621 3261 2727 3315 hoc,
2765 3274 2825 3305 an
2851 3263 2917 3305 te-

1576 3318 1722 3362 nuerit
1751 3317 1848 3373 quis
1878 3329 1951 3362 res
1988 3316 2279 3361 hereditarias
2318 3329 2403 3361 nec
2438 3329 2520 3370 ne,
2556 3317 2652 3361 sine
2691 3317 2918 3362 voluntate

1577 3373 1874 3430 adquirendae
1905 3373 1989 3418 sibi
2012 3373 2285 3426 hereditatis,
2317 3372 2614 3428 quaerendum
2644 3377 2726 3426 est,
2756 3372 2834 3418 sed
2859 3385 2917 3417 an

1578 3430 1755 3474 admisit
1778 3430 2066 3474 hereditatem
2094 3431 2162 3473 vel
2187 3430 2400 3474 bonorum
2418 3429 2757 3485 possessionem.
2788 3427 2845 3473 D.
2862 3440 2921 3473 11

1577 3486 1620 3530 lc.
1651 3485 1752 3531 Ian.
1785 3485 1923 3530 Sirmi
1950 3486 2044 3530 AA.
2077 3499 2221 3530 conss.
2729 3489 2787 3539 [a.
2819 3488 2916 3538 293]

1632 3540 1662 3589 5
1695 3541 1821 3587 Idem
1850 3543 1943 3586 AA.
1974 3546 2020 3586 et
2049 3540 2126 3586 CC.
2159 3540 2357 3586 Platoni.
2418 3539 2598 3584 Certum
2635 3544 2706 3585 est
2742 3540 2917 3597 quidem

1578 3597 1851 3655 cognationis
1880 3598 1976 3642 iure
2007 3597 2117 3641 citra
2147 3597 2456 3641 admissionem
2490 3597 2707 3641 bonorum
2739 3609 2916 3654 posses-

1577 3655 1713 3699 sionis
1765 3654 1981 3698 neminem
1995 3653 2033 3680 ²⁹
2082 3666 2215 3710 posse
2259 3653 2517 3698 succedere:
2570 3652 2770 3698 defuncti
2810 3665 2916 3697 vero

1578 3709 1755 3767 cognati
1791 3709 2029 3754 succedere
2067 3709 2269 3754 nolentes
2305 3711 2457 3765 petere
2492 3709 2711 3754 bonorum
2739 3721 2915 3766 posses-

1576 3767 1742 3812 sionem
1771 3778 1861 3811 non
1890 3768 2148 3821 urguentur.
2205 3764 2263 3810 D.
2293 3777 2377 3810 XII
2411 3764 2456 3810 lc.
2485 3763 2624 3810 Mart.
2667 3764 2806 3875 Sisimi
2817 3761 2915 3872 235}

1576 3836 1719 3868 conss.
2744 3834 2785 3865 a.

1576 4077 1650 4128 (15)
1671 4096 1727 4111 =
1747 4075 1820 4116 Th.
1838 4077 1878 4128 4,
1894 4084 1929 4127 4,
1946 4084 1990 4117 τε
2021 4077 2140 4130 iunye
2156 4077 2195 4128 6,
2213 4084 2273 4128 36,
2291 4085 2312 4119 s
2347 4076 2419 4118 Th.
2437 4077 2475 4124 2,
2491 4084 2547 4128 19,
2565 4085 2583 4117 ἰ
2669 4073 2746 4127 (16)
2767 4074 2912 4115 contra

1586 4129 1723 4174 VboR.
1755 4131 1843 4182 Th„
1872 4142 1898 4171 a
1925 4133 2071 4172 contra
2112 4131 2211 4173 VaP
2318 4133 2392 4183 (17)
2420 4145 2506 4172 xm
2545 4132 2587 4173 V
2611 4130 2726 4182 Hal,
2755 4142 2810 4171 111
2838 4126 2913 4182 Lb,

1575 4199 1608 4228 x
1642 4187 1716 4229 ΤΙι.
1748 4189 1787 4238 4,
1818 4195 1853 4239 4,
1883 4196 1917 4239 7,
1945 4200 2013 4228 vn
2046 4188 2118 4229 Th.
2149 4189 2188 4240 2,
2219 4196 2276 4238 19,
2309 4197 2325 4228 τ
2454 4187 2530 4238 (18)
2566 4186 2628 4239 Of.
2660 4185 2760 4240 Diy.
2792 4187 2859 4236 38,
2891 4196 2910 4228 c

1577 4242 1654 4296 (19)
1684 4243 1920 4295 B40,3,19
1993 4245 2075 4296 (20)
2104 4256 2180 4295 pro
2220 4244 2267 4294 V,
2296 4257 2372 4296 pro
2397 4246 2486 4283 rata
2521 4242 2594 4284 CR
2665 4243 2739 4294 (21)
2764 4260 2818 4278 ε
2838 4242 2910 4283 Th.

1577 4302 1616 4348 8,
1647 4308 1703 4349 18,
1734 4308 1776 4340 5:
1818 4300 1936 4353 iunqe
1966 4301 2005 4351 6,
2035 4308 2095 4350 30,
2125 4309 2164 4341 15
2333 4301 2412 4351 (22)
2449 4299 2542 4351 post
2579 4309 2616 4339 a.
2656 4297 2686 4339 i.
2726 4297 2911 4339 defuncti

1577 4370 1650 4396 om.
1686 4355 1726 4395 T
1721 4355 1761 4394 h.
1890 4355 1968 4407 (23)
1998 4354 2185 4396 defuncti
2218 4355 2291 4396 Th.
2428 4352 2506 4406 (24)
2535 4352 2700 4405 paterni
2728 4369 2801 4395 om.
2837 4353 2908 4395 Th.

1575 4411 1654 4463 (25)
1683 4410 1729 4452 B
1757 4413 1826 4461 40,
1856 4419 1877 4454 s
1908 4433 1962 4441 —
1996 4412 2058 4466 Cf:
2087 4410 2154 4452 Di
2179 4441 2190 4453 .
2220 4411 2288 4463 38,
2319 4418 2352 4452 7.
2384 4419 2405 4451 s
2537 4410 2618 4460 (26)
2646 4410 2706 4450 sic
2741 4409 2785 4461 G,
2814 4420 2910 4462 pro-

1573 4466 1754 4520 priorem
1783 4466 1825 4507 R
1993 4466 2074 4522 (27)
2101 4479 2147 4507 so
2175 4465 2268 4507 rino
2297 4480 2388 4516 scr„
2429 4467 2480 4518 cs:
2510 4464 2612 4518 Diy.
2644 4465 2712 4515 38,
2739 4473 2798 4514 10,
2828 4473 2860 4515 ι,
2890 4472 2908 4506 ’1

1577 4522 1716 4564 Festus
1743 4537 1780 4564 v.
1811 4522 1988 4575 Propius
2092 4525 2173 4575 (28)
2203 4521 2303 4575 ipsi!
2330 4532 2400 4561 1111
2431 4521 2472 4561 et
2500 4532 2553 4560 111
2582 4521 2659 4561 ins.
2690 4520 2909 4562 Mommsen

1341 4580 1415 4631 (13)
1447 4580 1493 4622 Β
1576 4578 1657 4631 (29)
1689 4577 1747 4618 sic
1778 4576 1822 4619 V
1827 4576 1915 4630 tOE,
1946 4577 2104 4620 nemini
2138 4577 2194 4621 C*
