3054 4796
109 1703 111 1705 ’
164 1699 249 1744 Iul.
280 1697 419 1741 Laeto
450 1708 498 1739 ΙΙ
522 1700 567 1740 et
597 1694 778 1739 Cereale
807 1708 952 1739 conss.

179 232 241 281 V1
281 230 358 276 46.
398 228 459 273 47

171 388 250 430 pro
280 375 405 427 parte
432 366 635 410 heredem
663 365 938 418 instituerat,
978 365 1041 407 ita
1074 358 1302 421 reliquisse
1330 368 1493 420 propo-

170 443 247 473 nas
306 426 342 467 si
385 424 477 465 sine
521 420 668 462 liberis
710 419 941 462 institutus
981 419 1093 461 diem
1137 414 1325 463 01118801,
1368 423 1496 466 18(1110

169 461 388 537 0011010111,
428 488 555 531 (1110111
593 486 647 516 ex
685 473 776 515 filia
812 476 1088 528 susceperat,
1127 466 1333 532 heredem
1367 465 1494 510 insti-

168 541 334 587 tuerat,
388 529 683 575 condicionem
730 527 996 583 adscriptam
1039 524 1376 586 fideicommisso
1421 521 1496 565 de-

168 594 324 637 fecisse
359 586 636 631 manifestum
674 587 760 635 est,
800 583 887 625 nisi
930 582 1017 624 alia
1056 578 1255 621 defunctl
1289 576 1495 621 voluntas

169 647 387 692 evidenter
423 638 694 698 probabitur.
761 635 856 679 PP.
897 649 1000 679 non.
1044 633 1147 677 Dee.
1184 632 1414 740 Ζαίεφὲαηιῖ
1425 638 1498 740 9ςῖ

238 718 250 739 ,·
276 715 332 745 no
363 711 502 743 conss.
683 708 689 721 '
1324 702 1364 732 a·
1463 704 1471 730 ί

169 704 240 748 Ru
294 755 416 800 Idem
456 751 545 796 AA.
590 746 835 791 Gallicano.
910 745 1018 786 Cum
1061 747 1234 798 patrem
1276 743 1498 787 familias¹

170 807 485 858 fideicommissi
513 804 697 855 nomine,
729 800 846 856 quod
872 800 916 843 in
942 799 1055 843 diem
1083 801 1278 842 certam²
1307 800 1497 855 reliquit,

170 871 232 913 ita
274 878 423 911 cavere
461 858 734 918 praecepisse
773 868 1022 911 proponas,
1067 855 1107 900 si
1144 868 1171 899 a
1209 856 1367 899 marito
1407 869 1497 899 non

172 923 438 972 divertisset,
475 912 785 959 iurisdictionis
826 911 1037 966 originem
1079 911 1290 967 perinde³
1334 912 1498 954 servari

171 991 353 1034 aequum
383 979 459 1025 est,
491 984 542 1013 ac
571 970 609 1013 si
636 968 744 1011 nihil
773 980 906 1022 super
936 979 988 1010 ea
1016 980 1064 1011 re
1089 968 1304 1023 scriptum
1325 967 1497 1011 fuisset.

174 1042 191 1078 1
252 1034 344 1077 Nec
381 1027 622 1081 exemplum
655 1023 790 1078 legati
825 1023 895 1066 vel
932 1023 1213 1076 hereditatis,
1252 1024 1297 1066 in
1337 1023 1497 1079 quibus

171 1089 365 1134 condicio
395 1082 563 1128 divortii
590 1091 919 1134 nonnumquam
947 1079 1113 1123 remitti
1142 1079 1268 1130 solet,
1299 1079 1406 1122 huic
1434 1079 1498 1123 rei

171 1141 504 1199 comparandum
542 1142 629 1189 est,
672 1148 772 1178 cum
807 1135 1052 1179 absurdum
1082 1135 1140 1178 sit
1167 1134 1264 1178 ideo
1295 1135 1500 1190 perpetui

170 1200 298 1244 edicti
325 1195 487 1251 neglegi
514 1193 720 1245 formam,
761 1193 865 1246 quia
893 1191 1035 1246 patris
1066 1191 1136 1234 sui
1164 1191 1382 1235 voluntati
1410 1204 1498 1234 non

171 1256 503 1309 obtemperatur.
576 1246 668 1290 PP.
707 1247 977 1291 Antioohiae
1013 1259 1071 1290 Χ]
1114 1246 1156 1290 lc.
1199 1247 1314 1304 Auq.
1360 1247 1499 1290 Anto-

169 1312 272 1355 nino
300 1310 350 1352 A.
383 1318 427 1350 II
451 1310 495 1350 et
525 1302 636 1347 Geta
664 1315 713 1346 Il
738 1316 882 1346 conss.
1311 1306 1367 1355 [a.
1400 1306 1498 1354 205]

225 1364 253 1412 3
285 1364 395 1420 Imp.
424 1359 678 1404 Antoninus
706 1360 757 1402 A.
789 1358 975 1402 Aurelio
1004 1358 1147 1402 militi.
1202 1357 1278 1402 Si⁴
1309 1370 1363 1401 ea
1392 1371 1498 1403 con-

168 1422 334 1466 dicione
371 1417 627 1460 Auluzanus
666 1415 811 1470 legata
849 1417 1115 1458 testamento
1159 1414 1381 1470 praestari
1423 1427 1499 1458 vo-

166 1477 265 1528 luit,
302 1475 339 1518 si
378 1487 476 1516 cum
513 1471 684 1515 focaria
726 1483 808 1514 sua
844 1475 1073 1525 matreque
1114 1470 1208 1514 eius
1238 1473 1499 1524 moraretur,

165 1538 208 1577 et
234 1544 314 1588 per
343 1543 440 1573 eum
469 1527 604 1579 stetit,
643 1527 878 1582 quominus
908 1526 1126 1570 voluntati
1162 1527 1391 1570 testatoris
1419 1539 1499 1582 pa-

164 1592 296 1639 reret,
336 1599 433 1628 cum
469 1589 627 1639 sponte
656 1582 904 1638 scripturae
932 1583 1185 1626 testamenti
1213 1595 1303 1626 non
1331 1584 1499 1627 obtem-

163 1642 391 1700 peraverit,
421 1640 479 1684 ad
507 1639 764 1695 petitionem
794 1652 884 1683 non
913 1638 1175 1682 admittitur.
1234 1637 1328 1682 PP.
1365 1651 1415 1682 VI
1439 1638 1499 1682 id.

1329 1709 1369 1739 a.
1402 1698 1500 1747 215]

217 1753 248 1800 4
292 1752 404 1810 Imp.
449 1750 713 1796 Alexander
755 1752 808 1795 A.
854 1750 1068 1794 Liciniae.
1152 1699 1366 1806 Legatu[m
1411 1751 1502 1795 sive

162 1808 543 1853 fideicommissum
572 1820 599 1851 a
626 1812 789 1862 patruo
819 1811 899 1851 tuo
933 1806 1139 1850 relictum
1167 1807 1250 1850 tibi
1280 1808 1363 1852 sub
1395 1820 1500 1851 con-

163 1866 344 1916 dicione,
390 1865 428 1908 si
469 1863 560 1907 filio
606 1864 700 1907 eius
744 1863 994 1919 nupsisses,
1041 1877 1140 1906 cum
1179 1869 1354 1907 mortuo
1392 1863 1500 1917 filio,

162 1922 416 1978 priusquam
454 1920 782 1963 matrimonium
823 1933 923 1962 cum
962 1932 1013 1962 00
1050 1920 1356 1974 contraheres,
1396 1933 1500 1964 con-

163 1978 274 2021 dicio
311 1976 540 2027 defecerit,
580 1975 704 2018 nulla
741 1976 915 2019 ratione
952 1974 1036 2019 tibi
1074 1975 1225 2019 deberi
1262 1976 1501 2019 existimas.

163 2032 254 2077 PP.
283 2031 326 2076 lc.
344 2032 450 2076 Dee.
474 2031 741 2076 Alexandro
757 2034 809 2075 A.
834 2037 880 2075 et
894 2030 1113 2075 Marcello
1138 2044 1281 2075 conss.
1327 2035 1384 2085 [a.
1403 2035 1501 2084 226]

215 2087 245 2135 5
278 2087 424 2146 Impp.
454 2086 769 2132 Diocletianus
804 2093 849 2132 et
875 2085 1192 2131 Maximianus
1218 2088 1311 2131 AA.
1346 2092 1392 2132 et
1423 2086 1501 2132 CC.

163 2145 392 2188 Faustino.
454 2143 503 2187 Si
540 2156 724 2187 uxorem
762 2147 886 2186 tuam
925 2147 1123 2198 tempore
1162 2143 1417 2199 nuptiarum
1455 2144 1503 2187 in

163 2201 305 2256 patria
329 2204 552 2255 potestate
573 2200 712 2243 fuisse
732 2201 1017 2253 monstretur,
1040 2199 1367 2243 fideicommissi
1383 2213 1501 2244 com-

162 2256 336 2300 modum
366 2256 406 2300 ei
434 2256 591 2311 relicti,
623 2269 722 2299 cum
750 2256 965 2311 nupserit,
996 2255 1116 2299 nullo
1147 2255 1235 2299 alio
1266 2255 1379 2298 diem
1408 2256 1503 2299 eius

164 2313 315 2356 cedere
357 2312 621 2368 prohibente
661 2311 780 2368 patri
825 2312 1071 2367 quaesitum
1117 2324 1207 2354 non
1250 2311 1502 2366 ambigitur.

169 2373 183 2411 l
245 2369 370 2423 Quod
409 2368 447 2411 si
486 2380 514 2411 0
549 2373 675 2423 patre
714 2370 818 2411 ante
852 2368 1031 2423 nuptias
1061 2367 1341 2422 emancipata
1370 2367 1505 2412 fuerit

163 2438 215 2468 ac
253 2429 409 2479 postea
447 2423 708 2477 decesserit,
749 2424 988 2480 superstite
1027 2428 1155 2478 patre
1185 2425 1231 2466 et
1259 2424 1418 2467 marito
1448 2437 1503 2468 00

163 2480 311 2524 11110118
351 2480 569 2523 actionem
605 2479 936 2523 fideicommissi
971 2479 1057 2523 sibi
1094 2483 1414 2534 competentem
1444 2479 1503 2523 ad

163 2537 344 2580 heredes
383 2549 489 2580 suos
527 2536 784 2579 transmisit.
855 2534 901 2579 S.
941 2547 989 2578 VJ
1016 2534 1057 2578 lc.
1090 2534 1220 2579 Febr.
1253 2534 1391 2579 Sirmi
1423 2535 1500 2581 CC.

164 2606 304 2636 conss.
1330 2606 1369 2634 a.
1403 2595 1483 2635 294

220 2646 250 2694 6
291 2646 355 2702 (7)
401 2647 534 2705 ⁵Imp.
581 2646 866 2691 Iustinianus
906 2647 958 2690 A.
1004 2645 1206 2691 Iohanni
1241 2596 1327 2705 ppf
1394 2595 1504 2692 0111111

164 2704 339 2759 (1111110111
376 2705 640 2748 testamento
675 2703 851 2747 condito
882 2703 1130 2748 libertatem
1160 2716 1241 2747 suo
1272 2716 1396 2748 servo
1427 2704 1502 2748 de-

164 2761 337 2816 reliquit
365 2761 447 2803 sub
479 2759 751 2813 condicione,
792 2760 828 2803 si
860 2772 941 2803 suo
972 2759 1122 2803 heredi
1154 2762 1324 2803 certum
1352 2773 1502 2804 nume-

164 2830 259 2859 rum
295 2816 534 2860 solidorum
571 2819 771 2870 praestet
799 2816 866 2859 vel
901 2815 1032 2859 aliam
1063 2815 1284 2871 quandam
1314 2817 1506 2872 speciem

164 2873 231 2916 vel
258 2872 469 2916 vicarium
498 2873 712 2926 8011111116,
751 2872 828 2915 ille
867 2875 1015 2915 autem
1053 2884 1205 2915 servus
1235 2885 1326 2915 non
1354 2874 1400 2915 in
1430 2885 1502 2915 eo-

167 2929 264 2972 dem
291 2929 390 2972 loco
421 2927 705 2980 constitutus,
739 2927 817 2971 ubi
847 2928 981 2971 etiam
1009 2927 1137 2971 heres
1166 2927 1335 2981 fuerat,
1374 2928 1506 2971 herili

165 2988 426 3028 testamento
456 2984 628 3039 cognito
658 2984 931 3039 properabat
955 2982 1013 3027 ad
1034 2983 1241 3027 heredem
1265 2996 1366 3027 cum
1389 2984 1503 3040 ipso,

169 3040 282 3095 quod
309 3041 455 3083 iussus
484 3045 581 3084 erat
610 3039 716 3083 dare
741 3039 905 3094 heredi,
937 3039 1014 3083 sed
1038 3040 1085 3083 in
1109 3039 1252 3083 medio
1280 3040 1504 3084 latronum

166 3097 232 3139 vel
268 3097 459 3140 hostium
497 3096 751 3140 incursione
788 3098 1064 3152 peremptum
1103 3099 1171 3139 est
1206 3095 1325 3151 quod
1351 3101 1503 3152 porta-

167 3152 265 3195 bat:
297 3152 593 3208 quaerebatur
617 3153 734 3195 inter
757 3152 976 3208 antiquos,
1002 3152 1041 3196 si
1064 3152 1350 3207 praepeditur
1372 3153 1503 3196 liber-

169 3212 252 3260 tas,
282 3208 383 3263 quia
410 3209 495 3252 hoc
526 3208 630 3252 dare
659 3221 811 3252 servus
840 3222 931 3252 non
954 3211 1103 3264 potest
1131 3212 1317 3264 propter
1341 3221 1504 3252 memo-

176 3267 193 3304 1
238 3267 382 3306 ratum
403 3264 633 3308 fortuitum
663 3277 830 3308 casum.
871 3264 1027 3320 Itaque
1051 3268 1246 3308 veterum
1280 3264 1506 3309 dubietate

174 3318 420 3371 quiescente
458 3320 586 3364 nobis
626 3322 820 3376 placuit,
861 3326 911 3364 ut
952 3325 996 3364 et
1033 3321 1214 3364 libertas
1255 3320 1504 3365 omnimodo

177 3376 393 3427 competat
434 3381 475 3417 et
515 3377 808 3431 commodum,
850 3377 968 3433 quod
1004 3377 1157 3420 heredi
1186 3376 1255 3420 vel
1294 3382 1505 3421 extraneo

177 3431 201 3470 2
257 3428 529 3492 relinquitur,
558 3444 646 3474 non
676 3433 976 3476 abstrahatur.
1021 3433 1092 3476 Ex
1121 3445 1397 3488 quacumque
1425 3434 1504 3488 igi-

175 3487 250 3525 tur
293 3496 427 3548 causa
469 3487 747 3540 impediatur,
791 3489 881 3533 sive
923 3502 1004 3545 per
1042 3488 1248 3532 heredem
1291 3490 1382 3533 sive
1423 3502 1506 3544 per

178 3551 299 3590 eum,
336 3551 408 3602 cui
446 3540 549 3603 dare
578 3542 739 3597 aliquid
767 3544 915 3589 iussus
947 3551 1028 3599 est,
1062 3545 1152 3589 sive
1184 3557 1265 3601 per
1295 3545 1505 3589 fortuitos

178 3595 691 3660 casus‚·1n·libertatem
729 3601 900 3654 quidem
939 3602 1036 3657 ipse
1074 3601 1322 3645 omnimodo
1352 3614 1505 3658 perve-

178 3654 283 3702 mat,
313 3663 398 3715 n1S1
424 3663 520 3704 11180
550 3664 697 3696 8011118
725 3657 865 3699 11011111
895 3657 1135 3713 adimplere
1176 3657 1502 3702 condicionem:

178 3705 394 3749 obnoxms
433 3710 578 3749 tamen
616 3710 909 3756 constituatur
946 3719 1049 3770 post
1076 3714 1326 3757 libertatem
1354 3714 1504 3758 heredi

178 3847 229 3897 (1)
256 3843 384 3911 filiam
412 3861 490 3888 scr.
603 3848 657 3900 (2)
687 3848 752 3890 die
780 3855 890 3892 certa
921 3855 1015 3896 libri
1126 3854 1180 3906 (3)
1209 3853 1382 3907 proinde
1413 3855 1510 3897 libri

178 3903 232 3951 (4)
262 3913 330 3940 0111
359 3916 433 3943 zns.
451 3901 669 3944 Mommsen
752 3907 808 3960 (5)
838 3910 953 3963 iunqe
982 3914 1021 3962 6,
1051 3920 1111 3963 27,
1142 3921 1184 3952 5:
1216 3912 1393 3951 ordinem
1423 3926 1456 3952 c.
1483 3920 1505 3953 6

178 3966 214 3997 et
243 3966 262 4022 ⁷.
302 3959 481 4010 quamvis
518 3959 717 4000 invertant
758 3961 832 4003 CR
867 3979 950 4005 cum
978 3966 1024 4008 B
1062 3969 1118 4018 (si
1153 3968 1310 4020 quidem
1346 3967 1505 4008 silentio

183 4013 433 4054 Hezmbachii
457 4014 571 4064 fides
609 4016 796 4058 habenda
837 4020 922 4070 est),
962 4024 1135 4064 ordinem
1165 4032 1353 4074 nostrum,
1391 4037 1506 4076 quem

178 4076 331 4108 tuentur
367 4069 400 4109 S
437 4070 585 4123 aliique
624 4072 730 4124 libri,
772 4088 904 4115 verum
942 4092 1022 4118 esse
1062 4095 1108 4119 ex
1145 4079 1504 4131 subscriptionibus

178 4123 400 4177 eolliqitur:
438 4128 560 4167 verba
597 4129 696 4168 enim
732 4140 842 4169 011110
869 4133 1046 4173 secundo
1082 4136 1391 4175 additamentum
1421 4149 1505 4176 esse

179 4179 416 4221 Haloandri
436 4196 480 4221 eo
503 4185 715 4235 probatur,
744 4186 853 4236 quod
875 4187 1051 4239 reliquae
1076 4191 1371 4231 constitutiones
1392 4191 1503 4244 prid.

1481 199 1583 258 276

880 0 2505 32 *ww-mmmmm
2533 0 2606 8 -..-
2676 0 2857 9 w„
2870 0 3054 55 „e-W!

2111 221 2188 258 DE
2223 218 2412 258 USURIS
2445 217 2516 255 ΕΤ
2550 218 2742 258 ΕΒΠΟΤ.
2781 216 2909 256 LEG.

1578 354 1648 398 vel
1685 354 1728 398 ei
1764 353 1837 398 cui
1874 353 1981 400 dare
2007 355 2155 400 iussus
2186 359 2273 407 est,
2310 354 2395 397 nisi
2431 359 2476 397 et
2510 354 2604 409 ipse
2634 355 2805 398 oblatas
2835 367 2912 410 pe-

1580 410 1733 453 cunias
1769 422 1861 454 non
1897 411 2095 467 suscepit
2132 410 2266 467 (quod
2302 410 2418 452 enim
2457 409 2591 453 semel
2634 411 2910 466 repudiatum

1581 471 1648 509 est
1677 466 1733 508 ab
1764 477 1831 520 eo,
1867 465 2157 522 redintegrari
2193 465 2370 510 minime
2410 464 2720 519 concedimus),
2759 471 2912 522 quate-

1581 534 1664 564 nus
1702 521 1790 565 hoc
1827 521 1944 576 quod
1981 522 2088 567 dare
2122 523 2271 568 iussus
2301 523 2372 565 est
2398 519 2647 564 omnimodo
2677 521 2915 577 adimplere

1583 576 1874 631 compellatur
1910 577 1979 621 vel
2012 579 2060 622 111
2097 579 2195 635 ipso
2234 577 2478 632 mancipio,
2517 576 2556 620 si
2590 578 2731 631 extat,
2771 577 2841 620 101
2867 577 2915 621 111

1582 633 1885 676 aestimatione
1922 633 2015 677 eius
2054 648 2144 679 non
2183 633 2371 689 amplius
2411 644 2542 687 quam
2583 631 2631 675 in
2667 631 2916 686 quindecim

1582 687 1747 732 solidos
1790 687 2071 743 imputanda,
2110 690 2177 733 vel
2219 690 2266 732 in
2302 689 2390 732 alia
2431 699 2502 739 re,
2543 687 2582 730 si
2617 691 2663 731 01
2697 687 2798 743 ipsa
2836 700 2916 744 ap-

1581 745 1755 801 pareat,
1799 744 1868 788 101
1909 745 1948 788 81
1985 758 2075 793 non
2113 746 2297 799 existat,
2336 757 2441 788 vera
2479 743 2574 787 eius
2612 743 2918 787 aestimatione

1581 799 1861 856 praestanda.
1919 799 1974 844 1).
1996 800 2122 858 prid.
2159 801 2202 845 lc.
2233 800 2342 844 Mai.
2387 798 2779 858 Constantinopoli
2803 803 2919 857 post

1582 855 1862 954 eonslulqatum
1902 854 2142 914 Lampadii
2183 863 2229 901 et
2267 855 2438 901 Orestis
2477 869 2540 899 vv.
2579 867 2641 898 00.
2691 867 2812 899 anno
2849 868 2917 954 ες-

1583 925 1668 956 eun
1703 924 1729 954 o
1761 945 1769 953 .
2730 914 2787 963 [a.
2819 913 2871 954 53
2900 913 2922 962 ]’

1639 964 1668 1013 7
1701 963 1767 1021 (6)
1805 965 1928 1010 Idem
1964 967 2014 1010 A.
2048 966 2245 1012 Iohanni
2273 981 2357 1025 pp.
2432 965 2480 1010 Si
2515 967 2666 1022 plures
2703 977 2920 1022 personae

1582 1036 1716 1067 unam
1746 1021 2050 1066 condicionem
2077 1023 2258 1079 implere
2287 1022 2453 1066 fuerint
2491 1023 2652 1074 iussae,
2693 1020 2814 1078 apud
2840 1021 2919 1066 Ul-

1612 1080 1763 1123 ianum
1800 1077 2108 1134 dubitabatur,
2145 1083 2350 1122 utrumne
2388 1091 2538 1122 omnes
2578 1078 2707 1121 simul
2737 1076 2920 1121 eandem

1603 1147 1730 1179 acere
1775 1133 1956 1187 debent,
2002 1145 2060 1176 an
2103 1134 2265 1190 singuli
2308 1134 2438 1190 quasi
2475 1134 2557 1179 soli
2598 1133 2780 1189 implere
2823 1145 2920 1176 00111

1588 1196 1605 1234 1
1668 1190 2005 1245 001111101111111111.
2066 1190 2254 1233 Videtur
2289 1195 2436 1234 autem
2473 1190 2602 1234 nobis
2632 1201 2921 1245 unumquem-

1585 1260 1668 1303 que
1697 1246 2006 1290 necessitatem
2034 1245 2200 1289 habere
2230 1246 2529 1290 condicionem
2557 1246 2740 1302 implere
2769 1250 2813 1288 et
2869 1257 2922 1289 ro

1583 1303 1786 1360 portione
1825 1301 1910 1346 sibi
1940 1301 2220 1356 contingente
2249 1302 2471 1358 accipere,
2513 1300 2724 1357 quidquid
2753 1314 2808 1345 ex
2868 1313 2924 1344 oc

1585 1358 1862 1404 commodum
1906 1360 1995 1411 est,
2048 1362 2099 1400 ut
2145 1357 2192 1400 hi
2234 1357 2433 1412 quidem,
2488 1358 2562 1413 qui
2612 1371 2706 1402 com
2740 1356 2925 1400 leverint

1582 1417 1729 1468 iussa,
1768 1414 1826 1457 ad
1863 1414 2037 1457 lucrum
2074 1417 2307 1466 vocentur,
2347 1413 2422 1469 qui
2459 1419 2607 1457 autem
2635 1425 2720 1468 neg
2738 1411 2923 1465 exerint‚

1584 1472 1667 1515 sibi
1695 1472 1938 1527 imputent,
1980 1470 2020 1513 si
2057 1469 2114 1513 ab
2153 1469 2404 1519 huiusmodi
2439 1469 2668 1513 commodo
2708 1467 2923 1524 repellen-

1583 1532 1671 1572 tur.
1736 1527 1792 1572 D.
1825 1527 1920 1570 111⁸
1957 1525 2001 1570 lc.
2038 1527 2110 1570 Au
2145 1560 2154 1568 .
2199 1523 2594 1583 Constantinopoli
2619 1530 2734 1584 post
2765 1537 2924 1568 eonsu-

1585 1584 1726 1628 latum
1754 1581 1997 1641 Lampadii
2024 1587 2070 1626 et
2138 1582 2272 1626 restis
2299 1595 2364 1626 vv.
2395 1593 2458 1625 ee.
2735 1584 2792 1634 [a.
2824 1582 2924 1632 531]

1644 1637 1674 1688 8
1706 1639 1725 1665 ⁹
1726 1669 2922 1684 .............................

2091 1926 2384 1973 XXXXVII.
2394 1924 2428 1949 ¹⁰

1621 2006 1696 2046 DE
1726 2005 1924 2046 USURIS
1954 2007 2028 2049 ΕΤ
2055 2006 2370 2048 FRUCTIBUS
2399 2005 2747 2047 LEGATORUM
2776 2004 2891 2046 VEL

1963 2062 2544 2104 FIDEICOMMISSORUM.

1645 2143 1666 2189 1
1722 2143 1867 2202 Impp.
1915 2142 2107 2189 Severus
2159 2150 2203 2188 et
2253 2144 2509 2188 Antoninus
2561 2146 2654 2188 AA.
2704 2141 2928 2187 Maximo.

1585 2200 1856 2256 Legatorum
1887 2213 1967 2244 seu
1994 2199 2437 2244 fideicommissorum
2464 2212 2623 2244 usuras
2653 2211 2710 2243 ex
2738 2210 2790 2242 eo
2819 2202 2928 2242 tem-

1585 2269 1708 2311 pore,
1754 2269 1840 2311 quo
1858 2259 1890 2284 ¹¹
1933 2257 1987 2299 lis
2034 2260 2284 2300 contestata
2329 2259 2416 2309 est,
2462 2256 2576 2311 exigi
2613 2266 2747 2310 posse
2787 2253 2928 2298 mani-

1585 2313 1748 2356 festum
1778 2314 1858 2356 est.
1928 2313 2006 2355 sed
2046 2316 2090 2354 et
2127 2312 2303 2356 fructus
2333 2325 2478 2356 rerum
2508 2317 2554 2355 et
2581 2310 2805 2355 mercedes
2834 2322 2927 2354 ser-

1585 2382 1752 2422 vorum,
1781 2368 1855 2423 qui
1878 2381 1933 2412 ex
1946 2372 2212 2412 testamento
2229 2368 2457 2422 debentur,
2484 2367 2685 2412 similiter
2707 2365 2930 2424 praestari

1587 2425 1742 2468 solent.
1803 2423 2054 2482 Proposita
2084 2424 2209 2482 prid.
2241 2423 2284 2468 lc.
2316 2426 2430 2483 Auq.
2461 2423 2677 2468 Anullino
2708 2428 2754 2468 et
2781 2421 2927 2466 Fron-

1589 2486 1691 2525 tone
1720 2493 1865 2524 eonss.
2740 2482 2797 2531 [a.
2833 2481 2927 2531 199]

1642 2534 1675 2582 2
1705 2535 1820 2603 Imp.
1850 2535 2108 2580 Antoninus
2136 2536 2188 2579 A.
2225 2534 2396 2580 libertis
2428 2535 2644 2581 Cassiani.
2703 2535 2927 2579 Adversus

1587 2606 1676 2647 eos,
1708 2606 1784 2649 (1111
1813 2593 1896 2636 sub
1927 2594 2115 2636 obtentu
2137 2591 2244 2647 legis
2266 2591 2494 2635 Falcidiae
2517 2591 2662 2647 legata
2683 2595 2927 2644 morantur,

1591 2653 1608 2692 1
1670 2648 1951 2693 notissimum
1989 2650 2057 2692 est
2095 2648 2203 2692 iuris
2240 2649 2464 2692 auxilium.
2524 2647 2573 2691 Si
2604 2648 2739 2704 igitur
2766 2660 2926 2704 propo-

1587 2705 1673 2749 sita
1702 2704 1990 2760 stipulatione
2020 2717 2174 2748 cavere
2205 2718 2304 2747 cum
2330 2703 2619 2749 satisdatione
2641 2703 2826 2760 potestis
2850 2716 2928 2747 vos

1585 2760 1894 2812 restituturos,
1936 2765 2105 2815 quanto
2151 2760 2339 2816 amplius
2382 2773 2515 2815 quam
2552 2773 2632 2815 per
2668 2772 2764 2804 eam
2790 2759 2833 2804 10
2862 2771 2929 2804 0111

1585 2818 1691 2862 licet
1719 2816 1980 2872 acceperitis
1997 2817 2045 2869 ²²,
2081 2815 2216 2860 iudex
2245 2816 2321 2872 qui
2348 2815 2693 2860 fideicommissis
2722 2815 2792 2860 ius
2852 2814 2930 2860 icit

1588 2877 1611 2916 2
1671 2873 1813 2917 solida
1847 2873 1972 2916 vobis
2010 2872 2157 2927 legata
2200 2872 2421 2928 praestari
2463 2872 2645 2916 iubebit.
2721 2871 2849 2926 Quod
2891 2871 2930 2915 si

1588 2928 1925 2972 satisdationem
1966 2928 2150 2983 implere
2193 2941 2283 2971 non
2325 2927 2549 2983 poteritis,
2601 2927 2768 2971 arbitro
2824 2927 2928 2971 dato

1589 2985 1701 3028 diem
1739 2984 1864 3028 vobis
1902 2984 2155 3040 praefiniet,
2194 2984 2312 3027 intra
2347 2996 2476 3040 quem
2506 2983 2648 3027 altera
2676 2987 2803 3039 parte
2833 2995 2927 3027 ces-

1588 3044 1715 3084 sante
1754 3040 1955 3096 partibus
1992 3039 2083 3084 suis
2123 3039 2345 3095 fungetur.
2411 3042 2458 3084 et
2495 3039 2535 3083 si
2570 3038 2817 3083 constiterit
2843 3038 2930 3095 legi

1589 3096 1816 3141 Falcidiae
1845 3097 1991 3140 locum
2020 3109 2111 3140 non
2139 3109 2251 3148 esse,
2288 3100 2333 3140 et
2361 3108 2522 3139 usuras
2552 3100 2597 3139 et
2623 3094 2798 3138 fructus
2860 3099 2930 3139 ost

1587 3152 1710 3197 litem
1741 3156 2036 3197 contestatam
2064 3152 2332 3210 percipietis.
2379 3150 2584 3195 PP.xv1
2609 3149 2653 3196 lc.
2685 3150 2786 3194 Iun.
2848 3164 2928 3194 uo-

1588 3209 1671 3253 bus
1699 3209 1862 3267 Aspris
1891 3222 2036 3252 conss.
2741 3210 2798 3260 [a.
2830 3209 2928 3259 212]

1647 3262 1676 3312 3
1707 3263 1823 3323 Imp.
1853 3263 2118 3309 Alexander
2145 3266 2197 3308 A.
2228 3262 2444 3308 Paterno.
2503 3262 2550 3307 Si
2586 3261 2785 3307 homines
2820 3262 2928 3307 certi

1588 3334 1668 3378 per
1696 3320 2082 3365 fideicommissum
2110 3320 2192 3364 tibi
2220 3320 2363 3364 relicti
2390 3319 2595 3374 fuerunt,
2631 3321 2735 3375 post
2761 3330 2927 3362 moram

1588 3377 1786 3434 periculo
1816 3377 2028 3421 debitoris
2063 3374 2392 3421 fideicommissi
2429 3375 2622 3419 fuerunt.
2683 3373 2929 3432 Proposita

1590 3446 1670 3478 XII
1696 3432 1738 3477 lc.
1770 3433 1915 3492 April.
1950 3433 2130 3477 Iuliano
2160 3439 2205 3477 et
2237 3431 2444 3496 Crispino
2475 3444 2618 3475 conss.
2742 3434 2798 3483 [a.
2824 3433 2927 3482 224]

1646 3489 1678 3535 4
1723 3487 1837 3548 Imp.
1886 3487 2145 3533 Gordianus
2187 3489 2238 3532 A.
2284 3487 2520 3545 Dionysio.
2593 3486 2644 3530 In
2687 3485 2843 3542 legatis
2885 3490 2932 3530 et

1588 3546 1937 3590 fideicommissis
1968 3545 2141 3588 fructus
2170 3547 2276 3600 post
2302 3543 2393 3587 litis
2429 3542 2809 3596 contestationem,
2838 3554 2928 3586 non

1590 3616 1643 3646 ex
1673 3602 1743 3646 die
1771 3602 1926 3645 mortis
1958 3614 2005 3645 se
2035 3605 2223 3652 uuntur,
2265 3600 2354 3643 sive
2385 3598 2430 3642 in
2459 3611 2551 3642 rem
2581 3599 2671 3642 sive
2698 3597 2747 3642 in
2775 3610 2927 3654 perso-

1588 3671 1691 3702 nam
1719 3660 1890 3714 agatur.
1952 3656 1995 3699 P
2035 3690 2045 3700 .
2075 3670 2180 3700 non.
2199 3655 2321 3714 Sept.
2355 3653 2587 3699 Gordiano
2613 3655 2665 3698 A.
2695 3659 2741 3698 et
2767 3653 2929 3698 Aviola

1589 3728 1734 3759 eonss.
2739 3713 2797 3763 [a.
2828 3712 2926 3761 239]

1592 3858 1645 3898 id.
1677 3856 1784 3897 Mai.
1825 3855 1883 3896 ad
1909 3855 2130 3895 Iohannem
2171 3855 2294 3895 datae
2323 3867 2454 3895 omnes
2486 3853 2543 3893 ad
2570 3867 2609 3892 a.
2640 3859 2702 3893 531
2729 3852 2928 3906 pertinent

1590 3914 1647 3964 (6)
1673 3913 1735 3953 sic
1747 3908 1822 3960 Rb,
1851 3910 1960 3951 servi
1973 3910 2116 3952 PGRa
2193 3910 2248 3961 (7)
2279 3922 2388 3950 anno
2407 3907 2585 3948 secundo
2601 3907 2676 3948 del.
2702 3907 2772 3961 (qs.
2791 3915 2869 3948 ποι.
2887 3909 2927 3958 5)

1589 3969 1647 4019 (8)
1681 3979 1754 4007 1111
1781 3981 1873 4016 scr„
1918 3967 1972 4020 cf.
2011 3966 2251 4020 Zeitsclzrift
2282 3966 2362 4018 fla'r
2396 3964 2682 4018 Rechtsyesch.
2714 3971 2746 4005 11
2785 3977 2830 4015 p.
2859 3970 2924 4004 179

1588 4026 1645 4075 (9)
1673 4023 1885 4064 secundum
1917 4023 2041 4063 libros
2070 4023 2218 4063 excidit
2250 4021 2414 4063 Graeca
2441 4020 2663 4061 constitutio
2775 4016 2850 4069 (lo)
2880 4017 2926 4058 Β

1588 4081 1657 4131 44,
1682 4087 1717 4129 2,
1741 4086 1786 4120 86
1809 4093 1919 4131 seqq.
2006 4078 2077 4131 (11)
2107 4091 2154 4118 οο
2182 4081 2306 4130 temp.
2335 4089 2418 4128 quo
2453 4076 2539 4127 CR,
2568 4087 2650 4126 quo
2677 4076 2857 4125 tempore
2886 4072 2930 4113 Ρ

1588 4137 1661 4186 (12)
1689 4135 1749 4175 sic
1778 4135 1891 4186 deta,
1930 4134 2168 4186 acciperetis
2204 4131 2278 4183 12⁶,
2318 4132 2586 4184 acciperem
2621 4129 2699 4177 Ra,
2741 4127 2923 4180 accipere

1587 4189 1695 4232 iso
