3152 4784
194 204 294 251 V4

188 345 258 386 tiis
301 338 587 383 instrumenta
629 331 747 374 facta
792 329 1072 391 matrimonii·
1106 326 1159 368 ad
1204 320 1509 377 probationem

188 400 289 440 sunt
316 394 470 435 idonea
500 389 714 430 diversum
745 386 927 427 veritate
958 383 1219 427 continente,
1250 387 1508 440 neque-non

184 447 451 503 interpositis
489 440 790 484 instrumentis
830 440 924 481 iure
969 438 1242 480 contractum
1284 434 1509 493 matrimo-

184 508 300 549 nium
344 501 511 543 irritum
557 500 640 547 est,
689 507 787 535 cum
836 494 1021 536 omissa¹
1069 499 1239 550 quoque
1289 491 1510 540 scriptura

187 565 332 603 cetera
361 554 608 608 nuptiarum
639 548 802 591 iudicia
829 561 919 590 non
949 549 1053 590 sunt
1080 546 1219 586 irrita.
1267 596 1276 604 ·
1314 595 1323 604 .
1349 595 1359 604 ι

241 612 303 659 14
338 610 455 652 Idem
484 607 573 649 ΑΑ.
605 610 647 646 et
679 602 755 645 CC.
791 601 919 644 Titio.
979 601 1132 652 Neque
1171 597 1227 639 ab
1265 599 1512 659 initiorna-

184 666 427 712 trimonium
458 659 714 703 contrahere
744 668 885 710 neque
915 655 1201 697 dissociatum
1226 651 1513 695 reconcihare

184 725 407 778 quisquam
438 715 533 769 cogi
561 718 722 768 potest.
766 711 883 753 unde
911 708 1125 763 intellegis
1154 708 1340 751 liberam
1369 706 1511 750 facul-

183 783 311 820 tatem
339 768 623 817 contrahendi
647 773 779 822 atque
801 764 1073 809 distrahendi
1086 763 1355 807 matrimonii
1367 767 1512 806 trans-

183 832 283 876 ferri
311 829 367 872 ad
396 825 701 869 necessitatem
730 836 819 865 non
850 824 1068 876 oportere.

237 885 297 932 15
339 882 462 927 Idem
490 881 581 923 AA.
622 885 666 922 et
704 876 782 922 CC.
816 876 1009 921 Titiano.
1075 875 1270 920 Uxorem
1308 875 1513 918 libertam

180 953 301 985 suam
330 934 648 988 manumissori,
678 934 715 977 si
745 947 835 978 non
864 933 923 976 sit
952 945 1006 975 ex
1034 932 1103 975 his
1136 931 1358 988 personis,
1401 942 1514 986 quae

180 994 424 1051 specialiter
452 991 768 1047 prohibentur,
809 989 970 1032 ducere
999 1002 1089 1032 non
1122 990 1191 1031 est
1218 987 1513 1038 interdictum,

180 1060 221 1095 et
250 1063 301 1093 ex
333 1061 381 1091 eo
421 1046 700 1090 matrimonio
740 1046 880 1089 iustos
914 1045 1030 1099 patri
1058 1043 1175 1087 filios
1204 1043 1328 1086 nasci
1361 1042 1512 1085 certis—

178 1108 330 1150 simum
361 1108 441 1146 est.

234 1159 298 1207 16
329 1158 453 1202 Idem
483 1158 574 1201 ΑΛ.
606 1161 651 1200 et
681 1155 758 1200 CC.
788 1155 1012 1199 Rhodoni.
1058 1155 1251 1207 Patrem,
1284 1153 1358 1209 qui
1378 1152 1514 1196 filiam

177 1215 401 1272 exposuit,
442 1217 490 1256 at
526 1225 647 1256 nunc
678 1211 874 1255 adultam
903 1211 1153 1267 sumptibus
1184 1215 1229 1253 et
1256 1211 1408 1253 labore
1437 1214 1514 1253 tuo

177 1274 338 1316 factam
375 1268 649 1312 matrimonio
687 1267 890 1322 coniungi
923 1267 1012 1310 filio
1045 1266 1337 1310 desiderantis
1366 1264 1515 1308 favere

176 1332 276 1371 voto
314 1325 528 1369 convenit.
596 1323 671 1379 qui
707 1324 745 1367 si
783 1323 1017 1375 renitatur,
1057 1321 1365 1365 alimentorum
1396 1321 1514 1364 solu-

176 1382 282 1427 tioni
310 1382 355 1425 in
384 1382 467 1424 hoc
497 1379 767 1424 solummodo
799 1391 906 1422 casu
935 1391 1093 1434 parere
1125 1378 1269 1421 debet.

233 1436 296 1484 17
342 1436 509 1502 ²Impp.
553 1434 864 1480 Diocletianus
906 1442 951 1478 et
987 1433 1301 1478 Maximianus
1337 1434 1428 1477 ΑΑ.
1474 1438 1518 1476 et

179 1493 278 1539 CC.³
348 1492 522 1536 Nemini
561 1491 697 1535 liceat
739 1490 1000 1534 contrahere
1043 1489 1372 1533 matrimonium
1417 1502 1516 1532 cum

175 1550 265 1594 filia
293 1551 426 1604 nepte
453 1552 691 1603 pronepte,
730 1546 921 1602 itemque
959 1552 1099 1589 matre
1134 1546 1234 1588 avia
1261 1546 1445 1601 proavia
1474 1550 1518 1588 et

176 1620 231 1650 ex
258 1605 396 1649 latere
425 1605 561 1647 amita
589 1616 642 1646 ac
671 1607 929 1654 matertera,
971 1615 1122 1646 sorore
1160 1602 1323 1645 sororis
1354 1601 1444 1644 filia
1473 1607 1518 1644 et

178 1676 232 1705 ex
270 1674 323 1704 ea
359 1665 513 1716 nepte,
551 1663 783 1717 praeterea
817 1658 968 1701 fratris
1005 1658 1099 1701 filia
1131 1662 1175 1701 et
1204 1670 1258 1701 ex
1287 1670 1341 1701 ea
1370 1662 1515 1713 nepte,

176 1719 366 1772 itemque
406 1729 460 1759 ex
499 1715 717 1759 adfinibus
763 1715 960 1769 privigna
997 1727 1190 1757 noverca
1230 1727 1344 1757 nuru
1385 1726 1517 1756 socru

179 1774 436 1829 ceterisque,
468 1784 580 1827 quae
608 1771 706 1814 iure
735 1770 916 1825 antiquo
947 1770 1261 1825 prohibentur:
1302 1782 1329 1813 a
1359 1769 1517 1825 quibus

180 1829 394 1873 cunctos⁴
431 1829 632 1871 volumus
671 1826 907 1870 abstinere.
973 1826 1028 1870 D.
1065 1825 1109 1870 lc.
1142 1825 1250 1869 Mai.
1293 1825 1516 1870 Damasco

182 1885 324 1929 Tusco
355 1889 398 1929 et
425 1883 640 1927 Anullino
673 1895 815 1926 conss.
1331 1886 1387 1934 [a.
1420 1884 1516 1932 295]

238 1937 302 1988 18
345 1938 542 1997 ‘Imppp
594 1937 934 1982 Valentinianus
978 1936 1142 1981 Valens
1187 1942 1231 1981 et
1274 1935 1519 1981 Gratianus

180 1997 312 2040 AAA.
343 1994 405 2038 ad
430 2000 645 2038 senatum.
703 1993 875 2037 Viduae
909 1994 1029 2037 intra
1058 1993 1260 2048 quintum
1291 1998 1334 2036 et
1363 1992 1517 2036 vicesi-

179 2065 298 2095 mum
328 2064 492 2094 annum
521 2050 740 2104 degentes,
772 2050 901 2093 etiam
933 2050 970 2092 si
1000 2049 1363 2104 emancipationis
1388 2049 1516 2091 liber-

180 2112 273 2151 tate
301 2106 506 2162 gaudent,
543 2111 689 2148 tamen
725 2105 771 2148 in
800 2106 1015 2149 secundas
1045 2106 1224 2160 nuptias
1254 2105 1349 2148 sine
1376 2104 1517 2159 patris

186 2170 202 2206 1
266 2162 484 2207 sententia
513 2175 601 2205 non
633 2161 904 2204 conveniant.
952 2160 1079 2214 Quod
1108 2162 1145 2204 si
1174 2161 1221 2203 in
1247 2160 1516 2204 condicionis

180 2219 397 2263 delectum
427 2217 620 2262 mul-ieris
643 2217 875 2259 voluntas⁶
905 2221 1122 2272 repugnat
1143 2216 1389 2259 sententiae
1414 2229 1517 2271 pro-

178 2275 466 2330 pinquorum,
506 2273 653 2328 placet
681 2271 939 2323 admodum,
978 2277 1029 2314 ut
1063 2272 1107 2314 in
1136 2272 1381 2326 virginum⁷
1412 2284 1516 2314 con-

178 2329 479 2374 iunctionibus
509 2333 712 2372 sanctum
743 2332 835 2380 est,
866 2327 1070 2370 habendo
1102 2327 1293 2370 examini
1323 2327 1517 2370 auctori-

178 2390 313 2429 tatem
343 2397 517 2440 quoque
545 2383 801 2426 iudiciariae
834 2382 1095 2437 cognitionis
1127 2382 1326 2438 adiungi,
1367 2385 1440 2437 ut,
1481 2383 1518 2424 si

178 2453 308 2497 pares
351 2443 456 2484 sunt
497 2451 656 2494 genere
700 2451 752 2482 ac
795 2439 990 2482 moribus
1020 2439 1256 2493 petitores,
1299 2438 1338 2482 is
1373 2438 1519 2494 potior

179 2497 447 2549 aestimetur,
479 2507 607 2550 quem
637 2494 720 2538 sibi
749 2494 981 2538 consulens
1010 2494 1167 2537 mulier
1193 2494 1516 2549 adprobaverit.

180 2555 204 2596 2
262 2552 350 2596 Sed
389 2563 444 2595 ne
473 2551 588 2594 forte
616 2550 668 2604 ii,
699 2549 775 2604 qui
802 2550 941 2605 gradu
970 2550 1170 2605 proximo
1202 2550 1259 2593 ad
1287 2550 1517 2593 viduarum

180 2608 482 2652 successiones
507 2610 743 2659 vocantur,
768 2611 812 2650 et
836 2607 1044 2650 honestas
1069 2606 1247 2662 nuptias
1261 2606 1517 2662 impediant,

180 2665 219 2707 si
246 2663 525 2708 huiusmodi⁸
561 2663 627 2705 rei
656 2662 848 2717 suspicio
879 2663 1166 2718 processerit,
1207 2675 1358 2706 eorum
1395 2662 1518 2706 volu-

180 2733 278 2763 mus
316 2719 624 2762 auctoritatem
660 2718 956 2771 iudiciumque
993 2718 1254 2772 succedere,
1296 2718 1353 2760 ad
1393 2731 1518 2773 quos,

183 2775 354 2818 etiamsi
390 2774 539 2817 fatalis
579 2786 676 2817 sors
716 2773 1036 2826 intercesserit,
1076 2779 1223 2817 tamen
1261 2774 1519 2817 hereditatis

184 2830 457 2874 commodum
496 2829 723 2885 pervenire
760 2841 850 2872 non
888 2829 1043 2884 possit.
1102 2829 1157 2873 D.
1189 2842 1304 2873 XVI!
1328 2829 1371 2873 lc.
1403 2831 1517 2887 Auq.

186 2885 406 2929 Gratiano
436 2886 488 2928 A.
521 2895 567 2927 1!
593 2890 637 2928 et
664 2883 816 2928 Probo
848 2898 991 2928 conss.
1331 2889 1387 2937 [a.
1421 2889 1517 2937 371]

240 2939 304 2988 19
337 2939 483 3039 Imgp.
498 2939 720 2984 Arcadius
735 2944 780 2983 et
790 2939 1026 2984 Honorius
1037 2940 1129 2983 AA.
1142 2937 1430 2997 Eutychiano
1433 2954 1517 3004 pp.

184 2997 399 3041 Celebran
430 3009 467 3039 1s
519 2996 635 3039 inter
679 2996 966 3039 consobrinos
1010 2996 1299 3041 matrimoniis
1342 2997 1521 3039 licentia

182 3053 311 3096 huius
340 3052 447 3107 legis
477 3051 739 3095 salubritate
766 3051 940 3095 indulta
969 3056 1048 3105 est,
1078 3056 1129 3094 ut
1157 3056 1364 3095 revocata
1387 3052 1520 3107 prisci

182 3108 289 3152 iuris
319 3108 582 3151 auctoritate
610 3107 921 3162 restinctisque
962 3107 1279 3151 calumniarum
1314 3107 1519 3152 fomentis

183 3164 503 3207 matrimonium
541 3164 657 3206 inter
695 3164 984 3207 consobrinos
1010 3163 1228 3206 habeatur
1266 3164 1518 3218 legitimum,

185 3221 274 3264 sive
311 3232 365 3263 ex
403 3219 574 3263 duobus
611 3218 824 3262 fratribus
865 3219 956 3262 sive
995 3231 1050 3262 ex
1078 3218 1252 3262 duabus
1293 3220 1519 3264 sororibus

184 3276 274 3319 sive
311 3288 364 3318 ex
402 3275 539 3318 fratre
578 3277 623 3318 et
660 3288 814 3319 sorore
843 3276 936 3318 nati
967 3280 1092 3328 sunt,
1131 3280 1175 3318 et
1202 3288 1257 3319 ex
1288 3289 1338 3320 eo
1367 3276 1519 3320 matri-

185 3331 332 3374 monio
361 3331 465 3374 editi
494 3331 673 3386 legitimi
702 3333 746 3374 et
774 3332 864 3375 suis
927 3331 1095 3375 atribus
1129 3343 1411 3376 successores
1439 3332 1519 3375 ha·

185 3388 383 3430 beantur.
447 3385 502 3429 D.
534 3398 602 3429 111
634 3386 693 3429 id.
735 3385 837 3431 Iun.
924 3388 1077 3431 icaeae
1115 3386 1363 3433 Stilichone
1387 3400 1439 3433 ΙΙ
1477 3392 1522 3432 et

185 3441 419 3486 Anthemio
451 3455 594 3485 conss.
1332 3449 1388 3497 [a.
1420 3448 1518 3496 405]

243 3495 308 3544 20
342 3496 506 3555 ”Impp
540 3496 771 3541 Honorius
800 3503 844 3541 et
870 3498 1145 3543 Theodosius
1166 3499 1259 3543 ΛΑ.
1291 3499 1354 3544 ad
1381 3499 1520 3544 Theo-

186 3552 346 3597 dorum
367 3567 450 3610 pp.
508 3553 560 3595 In
590 3553 901 3597 coniunctione
928 3554 1118 3598 filiarum
1155 3555 1200 3598 in
1230 3556 1370 3600 sacris
1399 3556 1519 3613 posi-

186 3613 331 3651 tarum
374 3609 514 3664 patris
531 3609 565 3633 ¹⁰
612 3613 867 3663 expectetur
910 3610 1163 3656 arbitrium:
1218 3612 1255 3656 si
1298 3612 1367 3656 sui
1410 3612 1519 3656 iuris

185 3665 333 3720 puella
371 3665 429 3707 sit
466 3664 582 3707 intra
621 3664 821 3719 quintum
859 3668 903 3708 et
930 3666 1182 3710 vicesimum
1222 3680 1385 3711 annum
1415 3681 1519 3712 con-

185 3719 361 3774 stituta,
400 3720 538 3775 ipsius
577 3732 750 3775 quoque
787 3721 1039 3776 exploretur
1075 3723 1304 3769 adsensus.
1363 3724 1401 3768 si
1439 3736 1518 3780 pa-

185 3776 265 3819 tris
309 3776 472 3819 auxilio
517 3775 753 3825 destituta,
804 3777 954 3821 matris
996 3781 1042 3821 et
1082 3780 1431 3845 propinquorum
1475 3784 1521 3824 et

189 3836 206 3874 1
280 3831 420 3887 ipsius
459 3843 634 3887 quoque
671 3831 921 3886 requiratur
964 3834 1139 3878 adultae
1176 3835 1400 3879 iudicium.
1473 3836 1520 3879 Si

186 3900 288 3930 vero
331 3891 520 3943 utroque
564 3887 721 3930 orbata
767 3892 951 3942 parente
991 3890 1071 3933 sub
1113 3892 1328 3936 curatoris
1368 3891 1518 3935 defen-

187 3943 308 3986 sione
340 3944 554 3987 consistat
582 3947 627 3985 et
654 3943 769 3986 inter
797 3943 1004 3988 honestos
1029 3947 1336 4002 competitores
1367 3948 1518 3990 matri·

187 3998 320 4042 monii
359 4000 527 4042 oriatur
572 3998 688 4042 forte
727 4002 969 4052 certamen,
1010 4006 1059 4044 ut
1073 4003 1105 4028 ¹¹
1173 4008 1408 4057 uaeratur,
1449 4004 1519 4047 cui

188 4054 463 4110 potissimum
493 4053 641 4110 puella
668 4053 888 4110 iungenda
913 4055 984 4109 sit,
1013 4056 1050 4099 si
1069 4070 1155 4112 pue
1173 4058 1214 4101 la
1244 4059 1367 4103 cultu
1396 4071 1518 4103 vere·

187 4195 238 4245 (1)
267 4194 411 4234 amissa
440 4196 485 4236 B
570 4198 625 4248 (2)
654 4217 709 4231 ει
743 4196 914 4237 collatio
943 4198 982 4247 6,
1013 4206 1046 4248 4,
1077 4208 1097 4239 5
1191 4200 1244 4250 (3)
1274 4198 1520 4252 Exemplum

190 4250 313 4291 edicti
341 4250 593 4291 Diocletiani
631 4254 672 4291 et
701 4251 943 4292 Maximiani
973 4254 1074 4301 (AA.
1115 4260 1153 4294 et
1182 4257 1274 4308 ins.)
1312 4254 1519 4295 nobilissi-

189 4318 348 4345 morum
378 4305 598 4346 Caesarum
630 4305 727 4348 Call.
883 4308 938 4357 (4)
972 4309 1032 4348 sic
1071 4310 1161 4350 dett.
1200 4325 1284 4352 cum
1316 4309 1441 4361 0011„
1479 4323 1520 4351 se

193 4362 263 4400 ins.
300 4361 335 4402 C
468 4362 524 4412 (5)
552 4381 608 4397 =
641 4362 714 4405 Th.
746 4364 784 4411 3,
817 4370 850 4412 Ἰ,
879 4371 894 4403 1
1027 4364 1080 4415 (6)
1109 4366 1166 4405 sic
1200 4367 1272 4407 Th.
1303 4365 1363 4418 B,
1390 4366 1521 4418 patris

193 4417 266 4455 ins.
283 4416 332 4466 P,
361 4416 472 4468 patri
501 4418 576 4457 ins.
596 4416 628 4458 G
711 4417 767 4467 (τ)
795 4415 1047 4469 pupillarum
1069 4420 1139 4459 ΤΙι.
1225 4422 1282 4473 (8)
1301 4421 1428 4462 huius
1449 4422 1521 4463 7⁷1.

195 4472 249 4519 (9)
279 4472 479 4524 iunqenda
508 4473 663 4513 videtur
692 4474 733 4523 5,
762 4481 798 4522 8,
829 4481 842 4512 1
935 4474 1010 4525 (10)
1039 4474 1167 4526 patris
1196 4478 1270 4518 ins.
1302 4476 1521 4518 Mommsen

196 4525 262 4572 (1ι)
292 4529 339 4565 ut
368 4527 431 4575 ΡΙ,
461 4530 501 4566 et
531 4528 629 4568 ΡΜ]
750 4528 825 4578 (12)
852 4529 912 4568 εἰσ
944 4529 988 4579 C,
1017 4529 1174 4570 iudicio
1204 4532 1243 4571 P
1366 4534 1440 4584 (13)
1470 4533 1522 4573 D.

198 4576 238 4614 k·
268 4580 370 4620 Nev'.
408 4583 625 4623 Ravennae
652 4583 843 4623 Honorio
871 4594 954 4623 vm
995 4586 1036 4624 et
1073 4585 1301 4627 Theodosio
1339 4600 1392 4627 111
1432 4590 1520 4630 ΔΑ.

202 4641 325 4672 conss.
356 4637 413 4683 (a.
445 4638 530 4690 ⁴09)
560 4641 599 4688 5,
630 4647 667 4686 8,
696 4648 711 4680 1
807 4639 882 4687 (14)
913 4639 1082 4681 ror-eam
1111 4642 1336 4695 iunyendae
1364 4652 1455 4684 eunt
1482 4645 1524 4697 6,

1520 168 1614 224 196

2595 187 2670 226 DE
2703 180 2927 225 NUP'rns

1593 317 1778 360 cundiae
1820 317 2042 372 propriam
2092 318 2283 364 noluerit
2336 317 2594 374 depromere
2642 319 2927 364 voluntatem.

1594 384 1742 416 coram
1772 372 1928 428 positis
1957 375 2216 431 propinquis
2253 373 2388 418 iudici
2402 374 2436 399 ¹2
2472 372 2717 420 deliberare
2745 376 2928 432 permis·

1594 441 1690 471 sum
1720 427 1792 480 sit,
1825 428 1896 471 cui
1923 429 2077 473 melius
2108 431 2258 474 adulta
2289 428 2483 472 societur
2498 429 2548 471 ¹³.
2608 433 2662 482 [a.
2690 430 2927 485 403—4oss]

1651 480 1711 528 21
1773 481 1955 542 ¹⁴Impp.
2010 484 2284 530 Theodosius
2334 490 2379 528 et
2444 483 2785 529 Valentinianus
2834 488 2927 531 ΛΑ.

1595 538 1744 582 Basso
1766 551 1850 596 pp.
1915 539 1958 582 A
1997 541 2182 596 caligato
2219 542 2354 584 milite
2393 552 2534 594 usque
2573 540 2629 583 ad
2666 542 2928 597 protectoris

1594 606 1827 650 personam
1856 598 1903 637 et
1931 595 2024 639 sine
2052 597 2201 652 aliqua
2238 596 2529 640 sollemnitate
2557 598 2931 642 matrimoniorum

1595 651 1775 693 liberam
1817 662 1916 692 cum
1951 650 2152 707 ingenuis
2194 653 2424 696 dumtaxat
2459 651 2716 696 mulieribus
2755 657 2930 699 contra·

1595 706 1726 749 hendi
1757 705 1948 760 coniugii
1976 708 2267 763 permittimus
2295 708 2554 752 facultatem
2571 709 2617 750 ¹5.
2745 713 2803 760 [a.
2833 713 2930 763 426]

1653 759 1719 806 22
1763 760 1924 804 ¹⁶Idem
1959 763 2050 807 AA.
2090 763 2249 808 Hierio
2280 778 2364 822 pp.
2424 763 2471 806 Si
2506 762 2793 807 donationum
2829 767 2933 808 ante

1595 817 1773 873 nuptias
1802 816 1871 860 vel
1901 816 2014 862 dotis
2037 818 2330 864 instrumenta
2351 819 2583 872 defuerint,
2616 831 2779 875 pompa
2801 820 2932 864 etiam

1596 874 1770 927 aliaque
1797 873 2050 928 nuptiarum
2080 876 2314 920 celebritas
2344 875 2584 929 omittatur,
2625 875 2771 919 nullus
2800 875 2932 919 aesti-

1595 934 1684 972 met
1700 929 1734 955 ¹⁷
1772 929 1828 972 ob
1864 928 1910 971 id
1939 928 2090 975 deesse
2117 936 2237 975 recte
2274 932 2384 975 alias
2413 931 2522 974 inito
2552 931 2828 975 matrimonio
2856 930 2932 974 fir-

1596 985 1792 1028 mitatem
1829 985 1898 1028 vel
1937 997 1990 1028 ex
2025 999 2077 1031 eo
2107 987 2223 1031 natis
2253 987 2402 1031 liberis
2432 987 2532 1030 iura
2559 999 2692 1043 posse
2718 986 2932 1042 legitimo-

1597 1054 1693 1084 rum
1733 1039 1923 1094 auferri,
1965 1041 2081 1085 inter
2117 1055 2248 1098 pares
2288 1043 2522 1087 honestate
2559 1054 2774 1098 personas
2811 1041 2934 1086 nulla

1596 1098 1690 1152 lege
1719 1096 1982 1152 impediente
2012 1099 2303 1151 consortium,
2343 1098 2461 1155 quod
2488 1099 2685 1155 ipsorum
2716 1109 2935 1143 consensu

1598 1157 1730 1208 atque
1760 1152 2002 1195 amicorum
2028 1153 2115 1197 fide
2144 1153 2360 1198 firmatur.
2426 1154 2482 1199 D.
2515 1167 2552 1198 Χ
2576 1153 2619 1198 lc.
2650 1153 2789 1198 Mart.
2823 1152 2936 1198 Con-

1597 1207 1896 1266 stantinopoli
1925 1208 2072 1253 Felice
2099 1214 2145 1253 et
2174 1209 2323 1254 Tauro
2355 1223 2497 1254 conss.
2748 1214 2805 1262 [a.
2836 1212 2934 1262 428]

1656 1261 1719 1310 23
1751 1263 1865 1321 Imp.
1898 1261 2152 1308 Iustinus¹⁸
2178 1266 2230 1309 A.
2254 1265 2544 1310 Demostheni
2563 1280 2647 1324 pp.
2691 1265 2936 1323 Imperialis

1600 1320 1927 1364 benevolentiae
1957 1321 2186 1376 proprium
2214 1321 2300 1364 hoc
2332 1333 2427 1365 esse
2450 1321 2709 1376 iudicantes,
2739 1326 2790 1366 ut
2819 1321 2937 1366 omni

1599 1381 1796 1431 tempore
1824 1376 2126 1420 subiectorum
2157 1377 2385 1420 commoda
2404 1379 2496 1420 tam
2518 1377 2782 1434 investigare
2804 1389 2936 1434 quam

1600 1433 1661 1475 eis
1706 1431 1867 1475 mederi
1911 1445 2222 1487 procuremus,
2276 1432 2429 1488 lapsus
2478 1446 2651 1488 quoque
2692 1433 2938 1487 mulierum,

1599 1501 1678 1544 per
1708 1501 1817 1544 quos
1846 1488 2067 1543 indignam
2098 1488 2266 1531 honore
2296 1489 2673 1532 conversationem
2711 1487 2938 1532 imbecilli·

1599 1550 1690 1587 tate
1735 1557 1866 1587 sexus
1910 1544 2139 1599 elegerint,
2187 1557 2286 1587 cum
2331 1545 2597 1600 competenti
2637 1544 2940 1589 moderatione

1602 1600 1898 1645 sublevandos
1929 1613 2026 1644 esse
2056 1613 2284 1644 censemus
2313 1600 2576 1656 minimeque
2605 1601 2667 1644 eis
2697 1613 2820 1657 spem
2847 1612 2938 1644 me-

1599 1657 1719 1700 lioris
1764 1656 2035 1700 condicionis
2072 1657 2285 1708 adimere,
2330 1660 2380 1699 ut
2419 1656 2475 1700 ad
2514 1669 2611 1700 eam
2654 1657 2938 1712 respicientes

1600 1712 1887 1768 improvidam
1928 1717 1971 1755 et
2008 1713 2150 1756 minus
2194 1713 2424 1756 honestam
2470 1713 2727 1756 electionem
2765 1712 2939 1756 facilius

1602 1768 1919 1823 derelinquant.
1987 1781 2089 1812 nam
2126 1769 2189 1811 ita
2228 1768 2445 1812 credimus
2485 1769 2555 1812 dei
2591 1768 2939 1813 benevolentiam

1602 1827 1646 1867 et
1675 1825 1794 1867 circa
1828 1837 1966 1879 genus
2003 1825 2244 1867 humanum
2282 1825 2459 1867 nimiam
2499 1824 2773 1868 clementiam
2801 1836 2939 1880 quan·

1601 1886 1693 1923 tum
1724 1884 1902 1924 nostrae
1931 1884 2116 1923 naturae
2146 1880 2357 1935 possibile
2387 1885 2454 1924 est
2483 1880 2669 1934 imitari,
2707 1880 2782 1936 qui
2811 1879 2941 1924 cotti-

1602 1936 1742 1979 dianis
1779 1937 2002 1979 hominum
2042 1936 2239 1992 peccatis
2276 1948 2448 1991 semper
2480 1936 2709 1991 ignoscere
2737 1936 2942 1991 dignatur

1601 1997 1646 2036 et
1681 1992 1994 2047 paenitentiam
2025 1992 2248 2048 suscipere
2287 1997 2483 2035 nostram
2514 1997 2558 2035 et
2586 1993 2642 2035 ad
2672 1992 2935 2049 meliorem¹·

1603 2052 1763 2091 statum
1793 2047 2024 2091 reducere:
2064 2049 2180 2104 quod
2210 2048 2247 2091 si
2278 2049 2395 2091 circa
2423 2052 2574 2092 nostro
2605 2047 2830 2092 subiectos
2859 2048 2940 2091 im·

1602 2104 1723 2158 perio
1754 2117 1834 2147 nos
1866 2104 1996 2146 etiam
2025 2103 2172 2147 facere
2203 2103 2476 2157 differamus,
2515 2103 2639 2147 nulla
2665 2103 2794 2148 venia
2822 2101 2941 2159 digni

1609 2167 1621 2202 1
1686 2172 1784 2203 esse
1812 2159 2070 2203 videbimur.
2127 2160 2282 2215 Itaque
2320 2173 2420 2203 cum
2457 2159 2670 2203 iniustum
2705 2159 2764 2204 sit
2791 2171 2941 2203 servos

1603 2215 1777 2270 quidem
1815 2215 2018 2259 libertate
2058 2216 2244 2259 donatos
2283 2228 2415 2271 posse
2454 2228 2533 2271 per
2571 2215 2761 2258 divinam
2795 2213 2941 2258 indul·

1600 2271 1791 2325 gentiam
1833 2272 2056 2315 natalibus
2099 2271 2191 2315 suis
2236 2270 2409 2314 restitui
2461 2274 2648 2326 postque
2692 2268 2941 2314 huiusmodi

1600 2326 1844 2381 principale
1888 2326 2150 2370 beneficium
2193 2327 2256 2369 ita
2297 2326 2477 2381 degere,
2535 2326 2662 2381 quasi
2703 2337 2942 2381 numquam

1602 2381 1908 2435 deservissent,
1939 2382 2018 2426 sed
2046 2382 2226 2437 ingenui
2251 2382 2345 2425 nati
2371 2384 2531 2434 essent,
2561 2382 2765 2426 mulieres
2780 2386 2941 2436 autem,

1602 2450 1714 2492 quae
1730 2437 1945 2482 scaenicis
1962 2437 2136 2493 quidem
2160 2450 2257 2482 sese
2279 2438 2394 2482 ludis
2419 2438 2762 2490 immiscuerunt,
2786 2441 2943 2494 postea

1601 2506 1703 2538 vero
1741 2498 1891 2548 spreta
1931 2495 2049 2538 mala
2078 2493 2337 2539 condicione
2366 2493 2423 2537 ad
2451 2494 2675 2538 meliorem
2703 2494 2943 2549 migravere

1602 2549 1864 2593 sententiam
1910 2556 1954 2593 et
1995 2550 2275 2594 inhonestam
2318 2550 2635 2607 professionem
2681 2549 2942 2605 effugerunt,

1601 2606 1766 2649 nullam
1796 2618 1918 2662 spem
1948 2607 2092 2662 princi
2126 2607 2208 2650 alis
2247 2607 2412 2650 habere
2449 2606 2672 2659 beneficii,
2712 2605 2829 2661 quod
2867 2617 2943 2650 eas

1603 2661 1660 2705 ad
1688 2662 1812 2705 illum
1841 2666 2006 2706 statum
2033 2675 2081 2706 re
2115 2666 2276 2716 uceret,
2306 2663 2353 2706 in
2383 2675 2483 2718 quo,
2518 2663 2556 2706 si
2584 2662 2746 2706 nihil2⁰
2815 2674 2942 2706 ecca-

1601 2723 1694 2761 tum
1733 2721 1870 2770 esset,
1912 2720 2169 2762 commorari
2209 2719 2453 2773 potuerint:
2494 2718 2716 2784 praesenti
2753 2731 2778 2762 c
2796 2730 2942 2762 emen-

1601 2774 1770 2816 tissima
1809 2775 2040 2817 sanctione
2077 2774 2322 2829 principale
2361 2775 2626 2818 beneficium
2663 2774 2728 2818 eis
2767 2775 2851 2818 sub
2891 2786 2944 2818 ea

1602 2829 1696 2883 lege
1727 2829 2042 2883 condonamus,
2072 2835 2134 2883 ut,
2167 2830 2204 2873 si
2234 2829 2444 2873 derelicta
2473 2830 2589 2873 mala
2630 2834 2674 2873 et
2707 2830 2943 2874 inhonesta

1603 2885 1934 2928 conversatione
1971 2885 2309 2929 commodiorem
2337 2886 2470 2928 vitam
2510 2886 2737 2942 amplexae
2776 2884 2943 2930 fuerint

1603 2946 1647 2983 et
1685 2941 1907 2984 honestati
1946 2953 2042 2985 sese
2083 2941 2301 2991 dederint,
2339 2941 2472 2984 liceat
2500 2942 2561 2984 eis
2592 2945 2744 2986 nostro
2774 2941 2942 2998 suppli·

1604 3009 1705 3039 care
1735 2996 1923 3051 numini,
1963 3002 2013 3040 ut
2051 2996 2220 3041 divinos
2250 2997 2426 3040 adfatus
2456 2997 2551 3041 sine
2580 2996 2714 3041 dubio
2743 3009 2942 3041 merean-
3019 3011 3022 3015 ·

1601 3056 1676 3095 tur
1716 3052 1773 3094 ad
1811 3053 2134 3096 matrimonium
2173 3066 2249 3096 eas
2279 3052 2427 3096 venire
2466 3053 2767 3108 permittentes
2800 3052 2941 3109 legiti-

1608 3113 1659 3151 la
1717 3121 1855 3151 mum:
1897 3109 2002 3161 His,
2044 3109 2119 3164 qui
2149 3109 2211 3152 eis
2242 3109 2535 3163 coniungendi
2564 3113 2686 3162 sunt,
2724 3108 2847 3153 nullo
2885 3108 2942 3152 ti-

1602 3177 1722 3208 more
1746 3164 1960 3218 tenendis,
1987 3177 2043 3207 ne
2067 3165 2189 3208 scitis
2210 3165 2547 3220 praeteritarum
2562 3164 2707 3219 legum
2721 3163 2942 3208 infirmum

1604 3233 1701 3263 esse
1729 3220 1929 3264 videatur
1956 3221 2046 3264 tale
2077 3221 2344 3276 coniugium,
2375 3221 2453 3265 sed
2481 3221 2544 3263 ita
2572 3220 2762 3264 validum
2790 3220 2943 3265 huius·

1606 3275 1725 3319 modi
1761 3288 2019 3331 permanere
2057 3276 2383 3321 matrimonium
2427 3275 2774 3332 confidentibus,
2817 3275 2942 3332 quasi

1601 3332 1724 3376 nulla
1762 3332 2057 3387 praecedente
2094 3332 2327 3377 inhonesta
2365 3331 2455 3376 vita
2493 3345 2652 3377 uxores
2692 3344 2768 3376 eas
2804 3331 2942 3376 duxe-

1602 3389 1703 3442 rint,
1733 3388 1824 3432 sive
1854 3388 2069 3444 dignitate
2097 3389 2287 3445 praediti
2316 3389 2405 3433 sint
2432 3388 2522 3432 sive
2547 3388 2634 3432 alio
2660 3387 2790 3432 modo
2816 3399 2941 3432 scae-

1602 3444 1725 3488 nicas
1770 3445 1817 3487 in
1859 3445 2186 3489 matrimonium
2233 3444 2397 3488 ducere
2450 3444 2785 3500 prohibeantur,
2838 3443 2942 3487 dum

1603 3503 1750 3544 tamen
1797 3500 2019 3544 dotalibus
2062 3500 2309 3545 omnimodo
2347 3500 2671 3555 instrumentis,
2715 3513 2806 3544 non
2849 3499 2943 3543 sine

1607 3556 1656 3600 th
1716 3556 1893 3613 scriptis
1937 3557 2027 3600 tale
2070 3557 2286 3612 probetur
2330 3556 2591 3611 coniugium.
2663 3554 2780 3600 Nam
2823 3555 2941 3600 omni

1602 3611 1778 3656 macula
1851 3612 1996 3656 enitus
2039 3612 2259 3668 direpta2¹
2313 3616 2358 3656 et
2401 3612 2528 3667 quasi
2571 3611 2662 3655 suis
2716 3610 2941 3655 natalibus

1602 3668 1804 3712 huiusmo
1837 3669 1852 3711 i
1889 3667 2147 3712 mulieribus
2185 3667 2368 3712 redditis
2405 3680 2546 3723 neque
2575 3666 2839 3711 vocabulum
2873 3666 2940 3711 in-

1603 3725 1839 3768 honestum
1883 3724 1945 3767 eis
1989 3723 2220 3768 inhaerere
2263 3724 2316 3767 de
2366 3728 2512 3767 cetero
2555 3723 2753 3767 volumus
2799 3735 2855 3767 ne
2886 3733 2942 3766 ue

1604 3780 1892 3823 differentiam
1921 3780 2112 3835 aliquam
2142 3791 2216 3823 eas
2246 3779 2411 3823 habere
2441 3793 2541 3823 cum
2569 3779 2653 3832 his,
2691 3790 2805 3835 quae
2910 3777 2940 3821 il

1604 3839 1629 3878 2
1688 3834 1827 3879 simile
1855 3839 2170 3891 peccaverunt:
2213 3834 2299 3878 Sed
2337 3838 2382 3879 et
2409 3835 2570 3880 liberos
2601 3847 2654 3878 ex
2682 3834 2763 3878 tali
2789 3833 2939 3878 matri-

1603 3891 1748 3935 monio
1778 3890 2079 3946 procreandos
2109 3904 2213 3935 suos
2245 3898 2288 3934 et
2317 3891 2531 3946 legitimos
2553 3890 2670 3946 patri
2699 3902 2809 3944 esse,
2837 3889 2939 3933 licet

1603 3947 1712 3990 alios
1743 3959 1796 3990 ex
1826 3946 1974 4002 priore
1999 3947 2273 3990 matrimonio
2298 3947 2512 4003 legitimos
2538 3946 2712 3996 habeat,
2742 3949 2798 4009 ut
2819 3944 2940 3988 bona

1604 4002 1699 4046 eius
1727 4006 1818 4045 tam
1848 4002 1904 4046 ab
1933 4002 2144 4046 intestato
2184 4016 2317 4058 quam
2353 4015 2407 4046 ex
2434 4005 2697 4046 testamento
2724 4001 2800 4044 isti
2828 4012 2938 4055 quo·

1603 4062 1628 4103 3
1672 4069 1759 4114 que
1787 4057 1882 4101 sine
1911 4058 2001 4102 ullo
2031 4058 2340 4114 impedimento
2368 4059 2596 4114 percipere
2621 4056 2806 4113 possint.
2853 4054 2938 4099 Sed

1605 4208 1640 4250 7,
1671 4208 1690 4240 4
1721 4208 1759 4240 ee
1791 4199 1864 4240 Ἠι.
1894 4201 1934 4251 4,
1964 4207 1999 4251 s,
2031 4209 2071 4241 7:
2110 4202 2162 4254 ff.
2200 4201 2272 4241 Th.
2303 4202 2343 4250 4,
2374 4208 2409 4250 c,
2441 4208 2460 4241 s
2630 4195 2703 4248 (ιε)
2733 4197 2783 4237 D.
2814 4210 2867 4237 111
2896 4198 2939 4238 k.

1604 4253 1738 4307 April.
1768 4254 1987 4295 Ravennae
2016 4255 2245 4296 Theodosio
2279 4267 2348 4295 x11
2385 4257 2426 4294 et
2453 4252 2747 4294 Valentiniano
2785 4265 2819 4293 11
2849 4256 2938 4296 ΑΔ.

1604 4323 1734 4352 conss.
1763 4311 1803 4361 6,
1835 4319 1868 4362 7,
1898 4319 1917 4351 4
2003 4311 2078 4362 (tc)
2100 4331 2156 4347 ==
2184 4312 2255 4352 Th.
2275 4313 2312 4359 3,
2331 4318 2421 4360 aa:
2451 4311 2570 4362 iunqe
2586 4310 2623 4358 2,
2641 4318 2698 4359 57,
2715 4317 2747 4348 2.
2778 4311 2938 4362 5,s,1·1.

1605 4368 1711 4417 5,11,
1729 4374 1765 4408 s.
1795 4366 1954 4418 6,1s,1.
1984 4369 2024 4418 6,
2042 4375 2163 4418 24,11.
2195 4369 2234 4416 6,
2250 4374 2340 4416 6¹,2
2374 4365 2446 4406 Th.
2463 4366 2502 4412 4,
2520 4373 2591 4416 6,s
2665 4364 2739 4416 (ιτ)
2763 4365 2824 4406 sic
2846 4365 2942 4406 libri

1605 4437 1690 4463 cum
1724 4421 1796 4463 Th.
1909 4422 1985 4473 (18)
2014 4421 2265 4462 iustinianus
2299 4421 2335 4462 G
2358 4428 2497 4461 contra
2527 4434 2559 4460 c.
2591 4428 2635 4460 29
2669 4425 2689 4468 5
2724 4428 2742 4462 8
2775 4428 2814 4462 et
2837 4419 2938 4461 Pro-

1605 4477 1715 4531 copii
1740 4477 1832 4518 hist.
1863 4492 1946 4518 arc.
1977 4492 2011 4519 e.
2042 4486 2064 4520 9
2094 4479 2173 4527 (ed.
2203 4476 2397 4530 Dindorf
2413 4491 2455 4528 p.
2488 4475 2550 4527 66)
2698 4477 2775 4527 (19)
2802 4477 2861 4517 sic
2894 4475 2936 4524 C,

1605 4545 1693 4572 eam
1724 4533 1797 4573 ins.
1831 4532 1887 4572 Il!
1962 4535 2044 4586 (20)
2072 4534 2132 4575 eie
2158 4533 2202 4582 C,
2231 4532 2436 4572 inhonesti
2469 4533 2541 4571 ins.
2561 4531 2615 4570 M
2694 4532 2769 4583 (21)
2791 4531 2850 4572 sie
2874 4530 2937 4581 M,

1605 4587 1805 4641 direptam
1841 4589 1883 4638 C,
1915 4588 2115 4642 dirempta
2146 4588 2361 4630 Mommsen
