3152 4784
226 206 325 259 1111
362 204 562 252 21—24
1544 178 1642 237 164

228 356 273 394 10
329 345 405 389 οὐκ
446 341 772 401 ἀναγκάζονταί
813 353 929 380 τινες
966 341 1216 396 μαρτυρεῖν.
1296 330 1453 380 Οὐδενὶ
1497 329 1546 398 δΙὲ

328 402 500 450 ἔξεστιν
534 396 676 438 ἄλλως
713 391 976 449 ἀναγκάζειν
1012 390 1318 450 προφέρεσθαι
1365 385 1544 455 danaim?-

325 471 445 511 ματα
487 453 526 492 εἰ
564 450 625 504 μὴ
661 451 709 489 έν
749 446 870 500 αὐτῷ
911 450 977 501 τῷ
1018 446 1287 512 δικαστηρίῳ
1298 474 1326 510 ,Ι
1349 457 1444 499 παρ
1506 458 1543 505 cg

325 513 507 551 κινεῖται
536 502 562 557 ἡ
589 501 817 552 ὑπόθεσις,
845 506 919 543 καὶ
948 502 1051 544 τότε
1089 500 1139 542 δὲ
1174 497 1439 551 αναλωμασι
1466 512 1545 538 του

326 565 556 617 ζητοῦντος
593 557 804 615 γίνεσθαι
843 555 928 610 τὴν
964 553 1238 614 προκομιὸὴν
1278 554 1355 606 τῆς
1383 552 1545 605 πυκτῆς

221 626 263 666 11
326 618 353 672 ἢ
389 619 485 660 τῶν
515 611 844 666 δικαιωμάτων.
901 611 1002 668 Χρὴ
1032 610 1080 653 δέ
1113 608 1328 670 γίνεσθαι
1359 605 1454 672 τὴνΙ
1474 609 1544 663 ἐμ-

326 671 512 731 φάνειαν
554 665 707 709 αὐτῶν
747 664 857 722 πρὸς
898 661 1020 716 ἅπαξ
1054 664 1216 719 μόνον·
1260 663 1300 705 εἰ
1337 660 1388 705 δὲ
1425 659 1547 713 ἅπαξ

324 724 723 785 προκομισθέντος”
752 722 837 762 τοῦ.
890 719 1159 775 συμβολαίου
1215 720 1418 773 ἐπιζητεῖ
1471 722 1546 761 καὶ

325 782 446 826 ὃεύτε
475 796 527 821 ον
562 776 778 836 γενέσθαι
813 773 897 828 τὴν
925 773 1201 832 προκομιὸὴν
1230 770 1367 817 αὐτοῦ
1396 771 1420 818 ὁ
1450 771 1544 818 τού-

322 854 400 881 του
437 797 661 888 ἔεόμενος,
701 831 740 873 εἰ
778 829 958 888 εὔλογον
987 835 1147 888 φανείη
1177 832 1243 885 τῷ
1274 828 1464 891 δικαστῇ
1493 829 1546 874 τὸ

321 896 394 935 καὶ
416 887 623 944 δεύτερον
645 887 976 947 προενεχθῆναι
999 885 1084 930 τὸν
1104 884 1286 946 χάρτην,
1318 883 1342 929 ὁ
1369 885 1419 930 δὲ
1441 902 1545 945 προ-

321 952 500 1003 κομίσας
529 940 666 987 αύτὸν
694 940 778 997 ἤδη
804 946 1090 1002 παραιτεῖται
1109 941 1444 1001 ἀπαρνούμενος
1464 942 1547 996 τὴν

321 1001 530 1058 δευτέραν
586 1015 623 1043 π-
650 996 862 1055 οκομιδὴν
906 997 1050 1057 λέγων
1092 997 1424 1044 ἀπολωλεκέναι
1465 998 1548 1040 τὸν

317 1054 483 1116 χάρτην
510 1051 538 1109 ἢ
566 1053 622 1098 ἄλ
650 1069 710 1099 ως
737 1069 834 1100 πως
860 1053 923 1110 μὴ
950 1056 1067 1108 ἔχειν
1094 1052 1318 1114 εὐχέρειαν
1344 1056 1421 1109 τῆς
1449 1051 1546 1098 τού-

320 1129 398 1156 του
426 1109 713 1171 προκομιδῆς,
751 1106 871 1170 ὅρκῳ
908 1107 1037 1166 μόνῳ
1066 1113 1197 1154 τοῦτο
1228 1106 1336 1154 αὐτὸ
1365 1107 1547 1153 πιστού-

319 1169 425 1211 aaa»
454 1171 529 1209 καὶ
555 1170 712 1223 μηκέτι
747 1161 1078 1225 ἆναγκαζέσθω
1118 1171 1360 1225 προφέρειν
1395 1162 1546 1209 αὐτόν.

215 1231 262 1271 12
327 1221 507 1267 Τούτων
543 1218 834 1292 κρατούντων
875 1218 927 1264 οὗ
967 1218 1110 1278 μόνον
1154 1225 1205 1265 έν
1244 1224 1301 1282 τῇ
1346 1219 1548 1277 βασιλίδι

319 1276 459 1332 πόλει,
487 1275 600 1322 ἄλλα
627 1281 701 1321 καὶ
731 1280 782 1321 ἐν
809 1274 932 1337 πάσῃ
959 1279 1015 1337 τῇ
1046 1277 1263 1332 πολιτείᾳ.

787 1449 962 1501 ΧΧΙΙ.1

206 1533 346 1575 PLUS
382 1531 611 1574 VALERE
653 1531 804 1577 QUOD
844 1531 1054 1571 AGITUR
1093 1530 1252 1577 QUAM
1291 1531 1441 1576 QUOD
1478 1531 1548 1571 SI-

568 1587 803 1628 MULATE
833 1586 1186 1628 GONOIPITUR.

265 1670 290 1716 1
336 1668 482 1728 Impp.
533 1669 801 1714 Valerianus
850 1674 896 1713 et
948 1666 1180 1713 Gallienus
1223 1670 1315 1713 AA.
1366 1668 1547 1725 Rufino.

208 1727 261 1769 In
305 1726 608 1770 contractibus
651 1726 718 1769 rei
754 1725 916 1769 veritas
958 1725 1107 1779 potius
1155 1739 1287 1780 quam
1326 1726 1549 1780 scriptura

207 1781 434 1839 prospici²
463 1782 605 1827 debet.
666 1780 759 1825 ΡΡ.
778 1793 849 1825 111
873 1780 917 1825 lc.
946 1781 1046 1825 Iun.
1068 1781 1318 1825 Aemiliano
1341 1786 1386 1825 et
1399 1781 1547 1825 Basso

209 1851 352 1882 conss,
1377 1851 1418 1881 a.
1450 1840 1531 1880 259

265 1892 298 1939 2
327 1892 475 1952 Impp.
506 1892 817 1938 Diocletianus
849 1898 895 1937 et
921 1892 1235 1938 Maximianus
1262 1841 1375 1936 ΑΑ.[
1395 1897 1440 1937 et
1469 1841 1548 1937 (1ίὲ

211 1948 374 1994 Soteri.
447 1949 564 1993 Acta
604 1948 833 2004 simulata,
877 1949 999 1993 velut
1034 1962 1126 1992 non
1168 1948 1285 2004 ipse,
1332 1949 1411 1993 sed
1455 1949 1549 1993 eius

210 2018 323 2048 uxor
352 2005 683 2061 comparaverit,
714 2005 912 2049 veritatis
943 2004 1238 2049 substantiam
1261 2010 1435 2049 mutare
1459 2018 1549 2048 non

210 2064 413 2117 possunt.
472 2061 673 2115 quaestio
702 2060 852 2117 itaque
880 2061 1018 2104 facti³
1055 2074 1134 2116 per
1167 2060 1416 2116 praesidem
1445 2073 1548 2104 exa-

210 2116 451 2160 minabitur
466 2116 732 2172 provinciae.
777 2117 832 2161 D.
851 2117 944 2160 xlc.
961 2116 1070 2161 Mai.
1091 2115 1169 2161 CC.
1188 2130 1332 2160 conss.
1374 2121 1430 2170 [a.
1450 2120 1546 2168 294]

268 2170 298 2219 3
330 2172 454 2216 Idem
483 2173 575 2215 ΑΛ.
606 2177 652 2216 et
682 2171 759 2216 CC.
789 2171 1011 2217 Marinae.
1078 2172 1318 2228 Emptione
1353 2172 1548 2228 pignoris

211 2241 348 2272 causa
389 2229 512 2272 facta
549 2241 639 2272 non
678 2228 795 2284 quod
837 2229 1072 2286 scriptum,
1118 2229 1195 2271 sed
1231 2229 1350 2284 quod
1377 2231 1548 2283 gestum

210 2286 277 2328 est
304 2284 374 2328 ins
406 2283 553 2327 icitur.
611 2282 667 2327 D.
698 2284 741 2327 lc.
759 2283 893 2328 Mai.⁴
916 2285 1054 2327 Sirmi
1071 2282 1149 2328 CC.
1175 2297 1320 2327 conss.
1369 2288 1424 2336 [a.
1450 2287 1547 2336 294]

265 2338 297 2385 4
327 2339 359 2383 I
386 2353 453 2384 em
481 2340 574 2382 ΑΛ.
605 2344 652 2382 et
681 2338 757 2383 CC.
789 2339 941 2383 Decio.
1001 2340 1048 2383 Si
1087 2340 1184 2395 quis
1223 2343 1395 2394 gestum
1434 2351 1462 2382 a
1501 2352 1548 2383 se

209 2394 364 2439 fecerit
393 2395 526 2438 alium
556 2394 697 2449 egisse
726 2395 882 2450 scribi,
921 2395 1023 2451 plus
1061 2400 1212 2439 actum
1246 2407 1378 2449 quam
1408 2395 1547 2450 scrip-

208 2454 302 2494 tum
330 2451 460 2494 valet.
517 2449 573 2494 1).
612 2462 708 2493 7111
732 2450 775 2494 lc.
807 2451 911 2494 Dec.
946 2449 1023 2495 CC.
1056 2464 1200 2495 conss.
1360 2455 1416 2503 [a.
1449 2454 1547 2503 294]

265 2506 295 2553 5
335 2505 459 2551 Idem
497 2506 589 2550 AA.
628 2510 674 2550 et
710 2505 787 2550 CC.
838 2506 1020 2550 Victori.
1097 2507 1144 2550 Si
1179 2506 1343 2549 falsum
1381 2506 1549 2550 instru-

208 2565 406 2606 mentum
435 2561 667 2617 emptionis
699 2562 999 2617 conscriptum
1027 2562 1124 2617 tibi,
1163 2563 1286 2606 velut
1313 2562 1548 2606 locationis

209 2632 338 2675 quam
367 2618 464 2661 fieri
502 2618 806 2674 mandaveras,
837 2619 1136 2673 subscribere,
1166 2621 1212 2662 te
1240 2632 1331 2662 non
1368 2620 1548 2674 relecto,

209 2675 286 2718 sed
323 2675 452 2718 fidem
490 2674 703 2728 habente,
744 2675 907 2728 suasit,
947 2680 1154 2718 neutrum
1193 2677 1473 2719 contractum
1500 2674 1549 2718 in

209 2734 398 2786 utroque
440 2730 697 2774 alterutrius
741 2743 959 2774 consensu
1012 2730 1246 2774 deficiente
1298 2730 1549 2775 constitisse

209 2787 365 2842 procul
388 2786 521 2831 dubio
549 2789 630 2829 est.
667 2784 723 2829 D.
749 2798 853 2830 11111
878 2785 921 2830 lc.
950 2785 1049 2830 Ian.
1078 2785 1157 2830 CC.
1184 2799 1328 2830 conss,
1375 2791 1431 2839 [a.
1451 2790 1548 2838 294]

779 2954 981 3003 ΧΧΙΙΙ.8

647 3037 725 3077 DE
755 3036 1115 3079 ooMMonA'ro.

268 3115 293 3163 1
329 3115 476 3176 Impp.
506 3116 819 3162 Diocletianus
855 3124 901 3163 et
927 3117 1240 3163 Maximianus
1267 3120 1358 3163 ΛΑ.
1395 3124 1441 3164 et
1471 3118 1548 3163 CC.

212 3171 401 3217 Sisolae.
475 3173 546 3217 Ea
589 3173 785 3229 quidem,
831 3187 943 3230 quae
981 3174 1025 3218 vi
1067 3176 1231 3219 maiore
1274 3174 1549 3230 auferuntur,

213 3228 469 3273 detrimento
501 3243 652 3273 eorum
682 3230 841 3286 quibus
875 3243 946 3274 res
979 3231 1313 3275 commodantur
1340 3231 1551 3287 imputari

212 3297 303 3328 non
342 3285 496 3328 solent.
567 3286 646 3329 sed
676 3287 862 3340 cumis,
903 3286 980 3340 qui
1017 3299 1045 3330 a
1083 3291 1128 3330 te
1169 3286 1438 3331 commodari
1466 3287 1551 3331 sibi

213 3341 367 3383 bovem
391 3342 658 3396 postulabat,
688 3342 862 3386 hostilis
888 3342 1153 3386 incursionis
1181 3342 1551 3399 contemplatione

213 3395 458 3450 periculum
497 3397 743 3441 amissionis
783 3411 837 3441 ac
874 3397 1100 3442 fortunam
1137 3398 1278 3443 futuri
1317 3399 1466 3442 damni
1504 3399 1550 3441 in

215 3463 263 3494 se
314 3452 561 3506 suscepisse
612 3459 908 3509 proponatur,
959 3467 1138 3509 praeses
1184 3454 1459 3510 provinciae,
1515 3455 1553 3498 si

214 3506 468 3562 probaveris
508 3520 605 3551 eum
641 3509 968 3553 indemnitatem
996 3510 1080 3554 tibi
1108 3511 1381 3567 promisisse,
1442 3510 1550 3555 laci-

215 3567 309 3605 tum
354 3562 651 3608 conventionis
698 3565 880 3620 implere
933 3578 1033 3609 eum
1087 3567 1331 3622 compellet.
1449 3601 1461 3611 .
1505 3578 1555 3610 71

216 3616 259 3661 lc.
290 3615 391 3661 Iun.
421 3619 534 3676 ipsis
561 3620 653 3663 AA.
684 3633 828 3664 conss.
1156 3627 1215 3675 [a.
1247 3625 1328 3666 290
1359 3623 1430 3670 vel
1452 3626 1550 3675 293]

274 3670 306 3719 2
336 3672 461 3718 Idem
497 3674 589 3718 AA.
630 3679 674 3719 et
715 3674 791 3719 CC.
823 3675 1072 3721 Auluzano.
1147 3678 1256 3723 Cum
1299 3691 1420 3734 eum,
1476 3678 1553 3735 qui

219 3817 270 3866 (1)
303 3816 345 3857 Β
376 3817 442 3867 22,
471 3825 504 3864 1,
534 3825 573 3858 81
603 3831 710 3869 seqq.
852 3818 908 3868 (2)
938 3818 1086 3870 respici
1114 3818 1348 3870 Mommsen,
1378 3821 1552 3861 σκοπεί-

219 3869 324 3911 σθω
347 3871 392 3912 Β
476 3872 531 3923 (3)
560 3875 619 3912 sic
639 3870 701 3920 Cb,
734 3873 971 3923 quaestione
995 3874 1134 3925 itaque
1157 3875 1267 3915 facta
1290 3877 1337 3925 P,
1368 3875 1552 3926 quaestio

218 3928 358 3978 itaque
382 3927 490 3967 facta
519 3928 615 3968 (ΡΗ
673 3929 728 3979 (4)
742 3929 802 3969 sic
817 3929 932 3979 Hal,
958 3928 997 3968 d.
1013 3942 1066 3970 111
1088 3931 1129 3970 k.
1145 3943 1244 3971 mar.
1262 3932 1303 3971 P
1351 3932 1406 3981 (5)
1424 3930 1469 3971 Β
1488 3933 1552 3982 13,

220 3993 249 4033 1,
279 3991 322 4024 24
350 3998 459 4036 seqq.
488 4005 546 4014 -
579 3984 639 4036 Cf.
670 3983 769 4038 Diq.
806 3985 869 4035 13,
900 3992 921 4025 6

222 4038 323 4079 Ηαῑ.
408 4039 463 4090 (7)
482 4040 523 4079 Β
540 4040 606 4091 25,
622 4048 651 4089 1,
670 4048 711 4080 43
727 4054 837 4093 seqq.
852 4062 908 4070 —-
932 4040 994 4094 Cf.
1009 4040 1108 4095 Diy.
1129 4044 1192 4094 13,
1210 4052 1228 4083 ‘1

2140 198 2276 236 rhus
2311 175 2530 233 vitame
2565 194 2720 243 Quon
2754 196 2958 235 sertus

1627 327 2157 432 ffl'ffiissiiefflmfiss
2204 329 2850 430 “auiieswfissefiffastmfflm’
2886 331 2964 430 «Γᾶ

1629 441 1699 482 est
1737 451 1939 502 socerum
1977 399 2103 486 tuiigi
2141 401 2271 487 lidius
2302 441 2367 486 rei
2397 398 2533 484 cauga
2560 399 2963 487 trahifflzigeggcpls

1628 494 1716 538 lam
1758 493 1876 538 adito
1920 497 2123 560 praeside
2169 498 2423 555 provinciae
2464 497 2680 553 probare,
2731 500 2784 541 ut
2834 497 2965 543 fidem

1630 554 1884 604 susceptam
1920 562 1960 595 ιε
1998 552 2208 599 adversus
2277 567 2375 597 uem
2413 551 2637 608 supplicas
2677 552 2967 609 compellatur

1630 617 1887 708 ³g30322‘3252·
1903 606 2965 710 Zpssde'tmsotssssdffb‘fflsstffinffissssff

1631 719 1727 770 bus,
1759 729 1870 772 quas
1900 717 2158 774 obligandas
2186 734 2268 778 pro
2298 734 2346 765 se
2374 720 2583 775 dederaS,
2622 722 2859 776 postquam
2891 719 2967 766 de-

1630 773 1771 817 bitum
1799 772 1937 817 fuerit
1964 778 2260 831 extenuatum,
2296 775 2560 820 commodati
2588 776 2809 820 actionem
2836 776 2969 821 etiam

1631 830 1859 893 adversus·
1883 829 2066 894 heredes
2110 832 2203 877 eius
2249 845 2455 877 exercere
2493 836 2637 888 potes.
2717 830 2774 876 D.
2805 843 2875 876 111
2906 832 2967 877 id.

1630 885 1773 944 April.
1805 883 1943 928 Sirmi
1975 883 2054 930 00.
2084 900 2235 934 conss.
2781 891 2840 941 [a.
2871 891 2968 942 294]

1685 939 1732 1005 4·
1750 939 1876 1005 Idem
1903 940 1996 985 ΑΛ.
2035 947 2082 987 et
2110 941 2188 988 Co.
2229 943 2486 988 Faustinae.
2553 944 2796 988 Praetexta
2834 942 2972 988 debiti

1629 999 1849 1040 rest1tut10
1907 998 2169 1042 commodati
2225 1012 2317 1043 non
2370 999 2663 1056 probabiliter
2723 1002 2969 1044 recusatur.

1631 1052 1685 1097 D.
1717 1063 1800 1097 111
1823 1050 1867 1096 lc.
1898 1050 2004 1097 Dec.
2033 1054 2147 1112 ipsis
2177 1053 2279 1099 061⁶
2308 1068 2452 1100 conss.
2783 1059 2840 1109 [a.
2872 1058 2970 1102 294]

2192 1225 2416 1277 ΧΧΙΙΙΙ.7

1895 1305 1973 1347 DE
2002 1305 2252 1348 ACTIONE
2281 1307 2703 1349 PIGNERATIOIA.

1691 1387 1713 1434 1
1755 1385 1871 1446 ⁸Imp
1909 1422 1918 1431 .
1950 1386 2142 1432 Severus
2169 1391 2216 1432 et
2241 1388 2498 1433 Antoninus
2525 1389 2619 1433 ΛΑ.
2649 1386 2929 1434 Metrodoro.

1744 1442 1830 1487 ⁹05
1856 1401 1905 1485 ἐξ
1931 1444 2012 1487 τοῦ
2041 1440 2247 1503 ἐνεχύρου
2277 1443 2528 1501 ληφθέντες
2566 1448 2732 1503 καρποὶ
2758 1445 2974 1508 ψηφίζον-

1743 1515 1820 1542 ται
1855 1500 1916 1542 εἰς
1951 1497 2004 1543 τὸ
2032 1503 2155 1556 χρέος
2191 1505 2286 1552 καί,
2325 1499 2402 1542 ἐὰν
2439 1499 2587 1543 ἱκανοὶ
2614 1504 2839 1559 γένωνται
2865 1513 2978 1558 προς

1744 1554 1797 1598 τὸ
1835 1551 1943 1599 ὅλον
1981 1559 2124 1615 χρέος,
2165 1552 2318 1598 λύεται
2353 1553 2381 1611 ἦ
2417 1552 2572 1615 ἀγωγὴ
2607 1560 2684 1599 καὶ
2709 1549 2977 1599 ἀποδίδοται

1743 1610 1796 1654 τὸ
1826 1614 2043 1670 ἐνέχυρον.
2101 1612 2141 1654 εἰ
2179 1609 2230 1654 δὲ
2266 1615 2340 1655 καὶ
2380 1611 2580 1656 πλείονές
2607 1612 2692 1655 εἰσι
2719 1612 2801 1655 τοῦ
2828 1614 2977 1670 χρέους

1634 1723 1720 1768 ΡΡ
1745 1684 1807 1768 οἶα
1815 1664 2763 1781 xffiidhssffgBi‘iffclo‘cisszionggae‘zssdmffi
2789 1727 2834 1776 [a
2877 1712 2976 1776 207]

1691 1778 1722 1825 2
1753 1779 1867 1838 Imp.
1897 1780 2162 1824 Alea-ander
2189 1781 2240 1824 A.
2273 1779 2515 1824 Demetrio.
2584 1779 2712 1836 Quod
2748 1792 2804 1824 ex
2832 1778 2977 1836 operis

1634 1836 1821 1879 ancillae
1864 1836 1932 1879 vel
1973 1848 2029 1879 ex
2070 1836 2358 1892 pensionibus
2402 1835 2579 1890 domus,
2632 1849 2766 1893 quam
2805 1835 2978 1892 pignori

1634 1892 1820 1936 detineri
1851 1892 1982 1946 dicis,
2055 1897 2282 1948 erceptum
2312 1897 2391 1946 est,
2425 1892 2562 1937 debiti
2590 1892 2882 1949 quantitatem
2907 1903 2978 1935 re-

1633 1949 1807 1992 levabit.
1865 1947 1959 1992 PP.
2004 1905 2051 1991 kp
2092 1946 2184 1992 Oct.
2226 1948 2458 1992 Antonino
2499 1961 2592 1993 1111
2630 1954 2675 1993 et
2710 1945 2978 2056 Αῖεῖοανέἆῖἔί

1636 2017 1778 2048 conss.
2806 2017 2848 2047 a.
2907 2013 2918 2023 ·

1691 2057 1722 2106 3
1753 2057 1878 2103 Idem
1908 2060 1959 2103 Α.
2003 2059 2185 2103 Victori.
2246 2059 2469 2111 Creditor,
2509 2059 2585 2116 qui
2619 2058 2850 2115 praedium
2910 2056 2978 2112 pi-

1628 2117 1756 2170 gnori
1779 2115 1865 2160 sibi
1884 2128 2046 2159 nexum
2075 2116 2282 2168 detinuit,
2323 2115 2496 2159 fructus
2536 2129 2646 2170 quos
2685 2114 2885 2181 percepit
2911 2113 2980 2159 vel

1633 2173 1860 2226 percipere
1889 2171 2044 2215 debuit
2069 2171 2116 2214 in
2144 2173 2360 2216 rationem
2389 2171 2659 2216 exonerandi
2693 2171 2832 2215 debiti
2859 2182 2979 2215 eom-

1634 2231 1792 2283 putare
1821 2239 2004 2271 necesse
2032 2227 2168 2271 habet
2198 2233 2263 2279 et,
2303 2228 2342 2271 si
2378 2240 2532 2283 agrum
2571 2226 2834 2271 deteriorem
2871 2239 2978 2270 con-

1634 2283 1800 2335 stituit,
1843 2295 1895 2327 eo
1934 2295 2111 2339 quoque
2138 2283 2316 2327 nomine
2343 2282 2633 2339 pigneraticia
2662 2281 2840 2326 actione
2868 2281 2978 2326 obli-

1632 2341 1775 2394 gatur.
1834 2337 1930 2382 PP.
1968 2349 2019 2382 71
2043 2337 2147 2382 id.¹⁰
2175 2337 2281 2383 Dec.
2312 2338 2542 2382 Antonino
2575 2349 2666 2381 1111
2701 2342 2747 2382 ct
2779 2337 2978 2383 Alexan-

1633 2394 1718 2438 dro
1748 2407 1893 2438 conss.
2789 2397 2848 2447 [a.
2879 2395 2978 2447 222]

1691 2448 1723 2495 4
1754 2448 1880 2493 Idem
1907 2450 1960 2494 Α.
1991 2449 2216 2494 Hermaeo
2247 2454 2292 2494 et
2313 2448 2612 2494 Maximillae.
2669 2449 2858 2494 Pactum
2883 2449 2979 2494 vul·

1634 2518 1751 2561 gare,
1782 2505 1902 2561 quod
1930 2506 2240 2562 proposuistis,
2270 2510 2340 2560 ut,
2380 2506 2419 2550 si
2454 2505 2575 2550 intra
2609 2510 2779 2550 certum
2806 2512 2980 2562 tempus

1635 2562 1826 2617 pecunia
1855 2562 2001 2606 soluta
2029 2575 2119 2606 non
2142 2562 2313 2614 fuisset,
2343 2561 2528 2618 praedia
2551 2561 2725 2618 pignori
2749 2561 2816 2606 vel
2839 2561 2979 2628 hypo-

1636 2618 1793 2662 thecae
1837 2617 1943 2661 data
1985 2618 2174 2662 vendere
2218 2618 2395 2671 liceret,
2450 2631 2541 2662 non
2594 2618 2748 2662 adimit
2790 2617 2981 2662 debitori

1636 2674 1845 2718 adversus
1868 2674 2132 2718 creditorem
2155 2674 2489 2730 pigneraticiam
2512 2675 2745 2719 actionem.
2788 2671 2884 2718 ΡΡ.
2901 2684 2984 2718 111

1634 2729 1678 2774 lc.
1707 2728 1818 2774 Mai.
1849 2728 2058 2774 Maoeimo
2089 2742 2135 2774 11
2162 2737 2208 2774 et
2233 2730 2425 2774 Aeliano
2455 2744 2599 2774 conss.
2791 2733 2849 2783 [a.
2881 2731 2980 2782 223]

1692 2789 1716 2828 5
1762 2783 1890 2829 Idem
1931 2788 1984 2830 A.
2026 2784 2336 2829 Dioscoridae.
2411 2785 2458 2829 Si
2503 2786 2693 2830 creditor
2735 2786 2831 2830 sine
2872 2783 2979 2830 vitio

1635 2854 1716 2885 suo
1755 2845 1985 2896 argentum
2024 2841 2196 2896 pignori
2231 2841 2383 2884 datum
2417 2842 2610 2896 perdidit
2667 2843 2899 2886 restituere
2934 2840 2980 2885 id

1640 2907 1730 2938 non
1750 2895 1946 2949 cogitur:
1979 2896 2058 2938 sed
2082 2896 2119 2938 si
2143 2895 2301 2950 culpae
2315 2908 2420 2938 reus
2436 2895 2780 2950 deprehenditur
2797 2895 2868 2938 vel
2888 2907 2985 2939 non

1640 2949 1804 3005 probat
1831 2949 2077 2994 manifestis
2099 2950 2348 2994 rationibus
2364 2951 2411 2976 ¹⁰·
2446 2963 2495 2994 se
2525 2950 2795 3007 perdidisse,
2825 2949 2979 3006 quanti

1636 3006 1847 3050 debitoris
1870 3007 2056 3050 interest
2081 3006 2365 3050 condemnari
2382 3006 2526 3050 debet.
2569 3005 2664 3051 ΡΡ.
2681 3018 2787 3051 1111
2806 3005 2850 3050 k.
2866 3005 2978 3050 Mai.

1637 3061 1819 3106 Iuliano
1850 3069 1895 3106 et
1924 3060 2022 3106 Cris
2054 3062 2131 3106 ino
2161 3075 2305 3106 conss.
2790 3065 2849 3115 [a.
2880 3063 2979 3114 224]

1694 3115 1726 3165 6
1755 3116 1882 3162 Idem
1909 3118 1962 3161 A.
2058 3118 2276 3176 ophimae.
2336 3118 2459 3172 Quae
2482 3117 2678 3162 fortuitis
2698 3116 2875 3162 casibus
2903 3124 2979 3161 ae·

1637 3173 1810 3226 cidunt,
1850 3187 1950 3217 cum
1988 3173 2234 3230 praevideri
2249 3175 2282 3200 ¹¹
2321 3187 2412 3218 non
2449 3177 2705 3230 potuerant,
2743 3173 2790 3217 in
2820 3172 2980 3229 quibus

1637 3231 1770 3274 etiam
1811 3229 2078 3285 adgressura
2118 3230 2342 3274 latronum
2385 3235 2473 3282 est,
2528 3229 2648 3273 nullo
2690 3229 2836 3273 bonae
2876 3227 2982 3273 fidei

1636 3286 1800 3330 iudicio
1838 3289 2148 3341 praestantur:
2188 3295 2233 3329 et
2268 3286 2368 3330 ideo
2409 3285 2602 3329 creditor
2628 3284 2828 3342 pignora,
2865 3296 2980 3341 quae

1636 3341 1888 3386 huiusmodi
1917 3354 2056 3386 causa
2083 3342 2365 3396 interierunt,
2405 3346 2634 3398 praestare
2667 3354 2757 3385 non
2787 3339 2979 3398 compel-

1636 3398 1743 3441 litur
1769 3410 1853 3442 nec
1891 3410 1919 3441 a
1956 3398 2172 3454 petitione
2209 3397 2347 3442 debiti
2387 3397 2694 3450 submovetur,
2737 3396 2824 3442 nisi
2865 3396 2981 3441 inter

1638 3454 1950 3498 contrahentes
1987 3454 2229 3511 placuerit,
2279 3459 2332 3498 ut
2375 3453 2552 3512 amissio
2596 3453 2829 3509 pignorum
2869 3451 2979 3497 llbe-

1637 3514 1706 3554 ret
1743 3509 2000 3554 debitorem.
2068 3509 2162 3554 ΡΡ.
2200 3510 2258 3553 id.
2269 3511 2303 3536 ²²
2339 3510 2484 3567 April.
2525 3509 2672 3553 Fusco
2719 3514 2766 3553 et
2787 3507 2978 3617 [Detgrgi

1638 3579 1781 3610 conss.
2804 3577 2844 3607 a.

1695 3619 1723 3667 7
1757 3620 1883 3666 Idem
1898 3622 1933 3648 ¹³
1960 3624 2012 3666 A.
2032 3620 2227 3666 Iuliano.
2287 3620 2499 3672 Creditur,
2531 3619 2607 3676 qui
2634 3618 2796 3664 fundos
2825 3621 2872 3664 et
2898 3618 2977 3663 do-

1637 3691 1732 3722 mos
1761 3677 1935 3734 pignori
1961 3677 2030 3721 vel
2067 3677 2344 3734 hypothecae
2372 3675 2558 3732 accepit,
2590 3675 2798 3719 damnum
2824 3675 2872 3719 in
2900 3674 2977 3719 de-

1639 3820 1880 3862 constitutio
1905 3821 2036 3861 severi
2058 3822 2100 3861 et
2114 3821 2307 3861 antonini
2328 3833 2390 3861 aa.
2407 3821 2461 3862 ad
2486 3822 2764 3864 metrodorum
2777 3822 2895 3876 Hal„
2917 3824 2976 3864 ad

1640 3892 1752 3930 quem
1769 3878 1977 3930 inscriptio
1992 3879 2176 3918 restituta
2185 3886 2244 3918 est
2299 3878 2355 3929 (9)
2365 3898 2421 3914 =
2435 3878 2479 3918 Β
2488 3879 2556 3930 25,
2564 3888 2596 3929 1,
2608 3887 2653 3921 43
2663 3879 2848 3932 Epitome
2857 3880 2922 3931 17,
2930 3886 2972 3921 61

1639 3933 1800 3986 Ecloya
1814 3932 1881 3981 22,
1900 3941 1941 3974 12
1960 3932 2184 3974 Prochiron
2207 3935 2267 3984 16,
2284 3943 2304 3975 2
2391 3934 2468 3986 (10)
2492 3946 2542 3974 vx
2563 3933 2620 3975 id.
2637 3935 2755 3986 Hal„
2776 3945 2863 3974 vm
2875 3933 2918 3974 k.
2933 3933 2978 3974 P

1058 3986 1114 4038 (6)
1144 3999 1202 4028 cc.
1232 3988 1390 4039 scripsi,
1421 3998 1482 4027 aa.
1513 3989 1555 4027 et
1639 3989 1730 4039 (10')
1745 3986 2060 4041 probationibus
2070 3990 2159 4029 ΒΣ
2169 3992 2223 4037 (κ.
2232 3991 2297 4040 π.)
2356 3990 2426 4042 (11)
2441 3991 2500 4031 sic
2515 3991 2622 4042 dett„
2639 3987 2972 4042 provideriPGR

1321 4044 1379 4095 (8)
1407 4055 1554 4095 graeca
1639 4044 1715 4096 (12)
1742 4043 1798 4084 id.
1817 4044 1934 4096 Hal„
1957 4057 2042 4084 v111
2056 4044 2112 4085 id.
2130 4045 2171 4085 P
2251 4047 2324 4095 (13)
2357 4046 2490 4086 debuit
2514 4061 2596 4086 esse
2617 4046 2720 4097 Imp.
2738 4043 2974 4085 Gordianus

226 4207 274 4246 10
340 4203 537 4246 monium
590 4203 735 4247 dicere
787 4218 880 4248 non
933 4217 986 4248 co
1022 4210 1167 4247 untur.
1246 4205 1552 4251 Instrumenta
1628 4206 1824 4266 periisse
1857 4204 2165 4264 praetendens
2202 4205 2270 4249 vel
2307 4204 2402 4248 alia
2435 4203 2615 4247 ratione
2652 4200 2851 4247 edendae
2879 4201 2977 4248 eius

224 4263 370 4302 autem
420 4263 472 4301 ut
505 4258 710 4310 edantur,
741 4259 875 4303 aliter
912 4273 974 4303 nu
1009 4260 1027 4301 i
1055 4272 1214 4316 coqere
1245 4261 1350 4306 licet
1384 4262 1472 4306 nisi
1502 4263 1552 4306 in
1633 4261 1902 4319 facultatem
1928 4259 2015 4304 sibi
2042 4274 2137 4305 non
2163 4273 2272 4313 esse,
2301 4257 2595 4304 iureiurando
2618 4257 2718 4301 solo
2746 4256 2881 4303 huius
2907 4258 2976 4303 rei

222 4314 322 4370 ipso
352 4313 532 4377 iudicio,
560 4315 609 4356 in
637 4327 726 4370 quo
757 4314 813 4358 lis
841 4315 1007 4372 ayitur,
1037 4320 1082 4358 et
1106 4317 1353 4374 sumptibus
1377 4317 1552 4375 quidem

226 4369 318 4411 eius
377 4382 421 4411 ut
451 4368 686 4413 editionem
714 4370 882 4413 codicis
910 4370 978 4414 vel
1005 4370 1400 4417 instrumentorum
1419 4374 1550 4431 petit.

232 4428 277 4486 ¹.¹
374 4424 482 4467 emel
518 4423 760 4468 dumtaxat
793 4426 1027 4470 editionem
1052 4426 1155 4481 fieri
1185 4433 1373 4490 oportet.
1431 4429 1555 4486 quod

229 4489 266 4518 si
306 4478 597 4523 instrumento
638 4481 772 4524 semel
812 4481 931 4525 edito
974 4481 1135 4524 iterum
1178 4496 1273 4525 etus
1316 4483 1553 4530 editionem

230 4531 329 4594 fieri
360 4534 409 4596 ‘is
451 4536 522 4578 cui
559 4549 611 4579 eo
652 4550 765 4593 opus
801 4542 867 4580 est
900 4536 1036 4594 petit,
1074 4536 1116 4579 si
1152 4537 1327 4600 quidem
1363 4553 1553 4596 aequum

234 4586 366 4646 iudice
405 4589 619 4651 videbitur
655 4591 814 4635 iterum
852 4590 1055 4635 chartam
1092 4590 1184 4646 edi,
1220 4592 1262 4636 is
1296 4599 1442 4638 autem
1475 4596 1552 4653 qui

236 4652 325 4680 tam
376 4641 511 4686 ededzt
557 4645 794 4689 secundam
842 4646 1079 4691 editionem
1129 4656 1308 4692 recusat
1336 4650 1553 4697 ‚chartam

1643 4321 1690 4360 12
1731 4316 1865 4373 fidem
1883 4316 2036 4373 faciat
2052 4331 2196 4374 neque
2218 4329 2291 4360 am
2325 4315 2413 4358 lius
2435 4312 2568 4358 edere
2599 4317 2803 4370 coqatur.
2848 4312 2975 4359 Haec

1636 4386 1729 4416 non
1771 4373 1916 4416 solum
1957 4372 2006 4414 in
2046 4373 2175 4431 reqia
2218 4386 2275 4415 ur
2304 4385 2348 4424 e,
2397 4368 2479 4413 sed
2518 4368 2653 4412 etiam
2695 4369 2744 4412 in
2788 4374 2884 4414 tota
2923 4381 2976 4413 re

1627 4427 1816 4486 publica
1844 4427 2033 4471 valeant.

1691 4483 1877 4535 XXIIII,
1911 4488 1930 4526 1
1978 4483 2174 4527 Fructus
2211 4496 2273 4526 ex
2304 4480 2505 4540 piqnore
2574 4480 2743 4538 ercepti
2777 4480 2826 4524 in
2854 4478 2974 4526 debi-

1639 4543 1731 4583 tum
1759 4551 1857 4582 com
1892 4544 2092 4592 utantur,
2122 4545 2167 4583 et
2194 4551 2292 4582 cum
2325 4541 2464 4580 totum
2489 4534 2544 4580 de
2572 4536 2682 4580 itum
2701 4535 2816 4580 adae
2847 4539 2974 4588 aaut,

1637 4593 1757 4637 actio
1789 4599 1834 4637 to
1870 4595 1963 4638 itur
1990 4600 2035 4638 et
2054 4595 2228 4654 piqmcs
2254 4590 2470 4637 redditur.
2528 4604 2627 4636 cum
2658 4604 2763 4637 vero
2817 4595 2974 4635 ructus

1638 4649 1830 4694 debitum
1859 4649 1993 4694 etiam
2022 4649 2261 4701 excedunt,
2291 4647 2370 4705 qui
2395 4651 2617 4706 superant
2642 4645 2893 4692 redduntur
