3094 4732
29 201 32 203 ’
103 213 127 254 p
199 198 289 241 m}
321 197 742 239 nomnomnus

39 306 61 323 ,qa
80 300 99 324 ’,ι

4 309 90 382 ἃ

6 403 11 407 ,
18 389 80 434 ’Ἓξ-ς,

258 332 321 383 17
355 333 481 380 Idem
511 339 603 382 AA.
645 344 689 383 et
721 337 799 383 00.
832 336 1057 382 Hermiae.
1127 339 1226 384 Sive
1256 344 1546 400 emancipatis

199 391 301 438 filiis
339 404 410 436 res
451 392 628 438 donasti
668 394 759 439 sive
792 394 838 438 in
867 396 1089 450 potestate
1121 399 1372 444 constitutis
1402 406 1446 444 et
1476 402 1546 446 sui

197 447 306 494 iuris
345 447 516 494 effectis
560 462 615 495 ac
657 449 908 495 tenentibus
952 463 1044 494 non
1088 452 1309 511 ademisti,
1355 457 1545 501 blandiri

197 503 280 549 tibi
307 517 398 549 non
428 505 584 559 debes,
625 508 745 551 velut
781 519 852 551 res
889 505 1078 551 donatas
1109 521 1162 552 ex
1192 512 1464 566 paenitentia
1492 513 1544 557 li-

200 564 218 604 1
282 566 381 605 ceat
421 562 609 607 auferre.
680 563 796 608 Sane
835 562 874 606 si
911 575 988 615 ea,
1030 577 1144 620 quae
1179 566 1225 610 in
1265 574 1342 612 tua
1385 570 1544 625 positis

195 621 419 672 potestate
475 618 741 672 donaveras,
793 622 898 675 post
945 622 1341 678 emancipationem
1386 628 1544 669 contra

195 676 318 718 tuam
356 679 597 720 tenuerunt
631 676 904 720 voluntatem
917 709 928 728 ,
970 676 1127 721 horum
1163 691 1299 735 penes
1328 683 1374 725 te
1404 681 1543 726 domi-

195 729 317 774 nium
355 732 587 785 remansit,
629 732 667 776 si
705 731 879 787 quidem
909 745 993 776 nec
1024 739 1219 801 tempore
1249 750 1335 792 quo
1366 735 1544 781 voluisti

194 790 377 843 propter
405 787 628 831 vinculum
667 788 901 844 potestatis
939 789 1024 833 sibi
1053 804 1286 847 qumquam
1316 805 1541 850 quaerere,

192 855 303 942 lnecl
315 844 590 944 posidjtnffio
620 847 692 888 te¹
726 844 781 888 de
809 845 946 889 rebus
975 846 1064 891 tuis
1094 854 1369 958 potuerunt.[
1410 849 1546 958 8291Ξῖ

227 933 236 943 .
297 913 370 943 an.
486 935 493 943 .
531 913 673 944 conss.
1371 919 1411 949 a.

251 951 316 1003 18
348 953 474 1000 Idem
495 958 587 1000 AA.
613 961 658 1001 et
682 955 760 1002 00.
783 957 1009 1004 Audiano.
1055 960 1102 1004 Si
1127 961 1380 1006 donationis
1406 964 1547 1006 causa‘

192 1009 300 1054 furti
332 1011 451 1057 actio
488 1013 570 1057 tibi
604 1013 792 1058 remissa
817 1015 1043 1071 probetur,
1076 1030 1397 1074 supervacuam
1427 1017 1542 1073 geris

190 1066 546 1114 sollicitudinem.
607 1068 652 1113 S.
694 1081 723 1113 V
747 1069 789 1114 lc.
823 1071 923 1115 Ian.
954 1074 1046 1117 AA.
1080 1088 1223 1118 conss.
1353 1078 1410 1127 [a.
1443 1076 1540 1125 293]

251 1121 313 1170 19
345 1122 472 1168 Idem
502 1126 594 1168 AA.
625 1130 671 1169 et
701 1125 778 1171 CC.
808 1128 1130 1174 Alexandriae.
1191 1130 1238 1174 Si
1267 1131 1366 1175 avia
1394 1132 1542 1175 vestra

189 1179 395 1245 proprias
431 1193 503 1224 res
534 1194 811 1239 quacumque
840 1184 1014 1230 ratione
1042 1185 1189 1231 factas
1218 1187 1349 1231 titulo
1378 1186 1541 1230 libera-

189 1236 326 1281 htatls
365 1250 412 1280 ιιι
451 1250 551 1281 eum
589 1241 746 1283 contra
776 1253 905 1296 quem
934 1254 1091 1298 preces
1121 1243 1306 1288 funditis
1338 1242 1539 1295 contulit,

189 1292 423 1348 quominus
452 1293 563 1337 haec
594 1300 694 1339 rata
722 1302 943 1350 maneant,
975 1299 1093 1353 quod
1124 1312 1178 1342 ex
1208 1300 1376 1355 origine
1399 1298 1539 1355 patris

187 1349 256 1392 vel
296 1349 367 1393 avi
403 1351 539 1394 vestri
570 1351 865 1407 descendunt,
900 1353 1011 1397 nihil
1041 1355 1236 1411 prodest.
1299 1355 1344 1400 S.
1378 1366 1471 1399 XVI
1495 1353 1539 1398 Ic.

187 1403 316 1449 Febr.
349 1404 487 1449 Sirmi
520 1406 598 1451 CC.
631 1421 775 1453 conss.
1351 1416 1407 1464 [a.
1442 1414 1539 1463 294]

243 1458 310 1508 20
342 1459 467 1506 Idem
497 1465 589 1507 AA.
629 1473 670 1508 et
704 1464 781 1509 CC.
816 1466 990 1511 Helvio.
1040 1467 1148 1511 Vice
1179 1467 1422 1511 donati-icis
1452 1467 1540 1511 alio

186 1517 413 1562 voluntate
451 1518 546 1563 eius
585 1521 893 1566 subscribente
929 1522 1028 1566 iure
1067 1523 1190 1566 facta
1229 1523 1410 1567 donatio
1449 1536 1539 1567 non

185 1573 422 1619 habebitur
450 1575 590 1620 irrita.
638 1575 683 1621 S.
710 1589 783 1621 1⁷11
810 1577 853 1622 lc.
876 1578 1004 1622 Febr.
1036 1577 1113 1622 00.
1147 1592 1292 1623 conss.
1354 1584 1410 1633 [a.
1439 1582 1538 1630 294]

242 1626 298 1675 21
340 1629 468 1675 Idem
498 1633 591 1676 AA.
624 1638 669 1677 et
699 1632 777 1677 GC.
809 1635 1049 1679 Antoniae.
1110 1633 1355 1679 Constante
1386 1636 1537 1679 matri-

183 1686 330 1730 monio
371 1686 519 1731 dotem
552 1701 687 1744 penes
719 1690 927 1733 maritum
958 1703 1089 1734 suum
1121 1691 1410 1735 constitutam
1440 1691 1540 1736 avia

183 1745 262 1785 tua
305 1741 472 1788 donare
515 1745 597 1788 tibi
640 1758 731 1789 non
775 1745 936 1801 potuit.
1014 1745 1059 1789 S.
1101 1758 1130 1789 r
1167 1746 1227 1789 id.
1268 1746 1408 1791 Mart.
1458 1746 1536 1791 CC.

183 1810 328 1842 conss.
1348 1807 1405 1855 [a.
1438 1806 1536 1855 294]

239 1851 307 1900 22
345 1853 471 1899 Idem
515 1857 607 1900 AA.
660 1860 705 1901 et
749 1855 827 1900 CC.
875 1856 1096 1902 Diomedi.
1176 1857 1286 1901 Cum
1329 1871 1401 1902 res
1444 1858 1536 1902 filio

181 1910 461 1966 emancipato
502 1923 556 1954 ea
597 1911 879 1966 condicione,
918 1917 968 1957 ut
999 1914 1296 1959 creditoribus
1326 1915 1416 1959 tuis
1447 1915 1535 1958 sol-

180 1970 323 2020 veret,
369 1972 413 2010 te
453 1967 646 2011 donasse
684 1980 932 2024 proponas,
979 1969 1017 2014 si
1058 1970 1346 2026 stipulatione
1382 1971 1449 2014 vel
1491 1971 1537 2014 in

180 2021 427 2071 continenti
465 2023 619 2068 habito
658 2029 793 2079 pacto
833 2024 938 2070 huic
968 2026 1034 2069 rei
1067 2027 1350 2083 prospexisti,
1393 2026 1535 2071 credi·

180 2078 351 2123 toribus
393 2079 567 2136 quidem
605 2093 696 2124 non
739 2086 896 2126 contra
935 2094 1035 2126 eum
1075 2095 1130 2126 ex
1168 2084 1335 2139 placito
1370 2089 1536 2136 vestro,

184 2139 201 2178 1
263 2134 342 2179 sed
385 2135 598 2180 adversus
644 2142 688 2181 te
728 2138 941 2194 competit
976 2139 1095 2183 actio
1107 2140 1138 2183 ².
1209 2139 1327 2183 Eum
1372 2145 1534 2194 autem,

181 2190 254 2235 cui
282 2195 408 2235 certa
435 2193 533 2248 lege
561 2193 746 2248 praedia
777 2193 976 2247 donasti,
1006 2195 1181 2239 incerta
1213 2197 1330 2240 civili
1358 2197 1536 2241 actione

180 2246 238 2291 ad
276 2248 544 2304 placitorum
587 2249 849 2305 obsequium
887 2251 1070 2306 urgueri
1110 2252 1356 2297 secundum
1395 2252 1536 2308 legem

180 2303 496 2404 {glationibus
527 2304 691 2349 dictam
723 2307 941 2351 convenit.
989 2307 1034 2351 S.
1061 2319 1134 2352 V11
1160 2308 1204 2352 lc.
1222 2309 1370 2368 April.
1398 2308 1537 2408 Sirgni

253 2395 261 2403 .
294 2373 437 2405 conss.
1361 2379 1401 2409 a.
1436 2369 1460 2408 2
1492 2369 1518 2408 4

237 2412 304 2463 23
353 2415 499 2462 ³Idem
542 2418 634 2462 AA.
682 2423 727 2462 et
767 2418 845 2464 CC.
896 2419 1164 2478 Olympiadi.
1241 2421 1288 2464 Si
1328 2369 1381 2465 e[a
1421 2369 1536 2477 quad

180 2472 427 2518 donaveras
471 2474 708 2529 posteriori
752 2474 919 2530 placito
970 2475 1047 2531 qui
1091 2481 1328 2532 acceperat
1371 2477 1536 2520 donum

179 2529 262 2573 tibi
304 2529 516 2582 reddidit,
574 2530 827 2575 donationis
880 2532 1146 2576 antecedens
1190 2532 1534 2577 instrumentum

179 2585 294 2630 actis
324 2587 614 2642 sequentibus
644 2587 756 2631 nihil
781 2588 938 2632 obesse
967 2591 1131 2644 potest.
1194 2588 1239 2633 S.
1280 2602 1307 2632 v
1340 2589 1383 2633 lc.
1420 2588 1536 2634 Oct.⁴

184 2641 260 2686 CC.
295 2656 439 2686 conss.
1346 2650 1402 2698 [a.
1435 2649 1534 2697 294]

237 2695 303 2744 24
338 2697 463 2743 Idem
487 2699 579 2743 AA.
612 2705 657 2744 et
686 2699 763 2744 CC.
795 2699 1019 2744 Macario.
1073 2700 1122 2745 Si
1150 2701 1271 2757 patri
1300 2705 1378 2746 tuo
1404 2702 1534 2747 heres

181 2767 270 2798 non
308 2754 516 2806 extitisti,
557 2768 612 2799 ex
633 2756 773 2800 ‘facta
812 2757 869 2801 ab
907 2768 960 2801 eo
992 2757 1262 2802 liberalitate
1291 2758 1424 2802 titulo
1455 2757 1534 2802 do-

180 2810 373 2855 nationis
405 2825 493 2855 non
523 2825 656 2868 posse
686 2812 785 2856 iura
808 2817 885 2856 tua
911 2813 1028 2857 laedi
1050 2814 1400 2859 manifestissimi
1425 2814 1534 2859 iuris

125 2890 128 2894 ·
180 2870 260 2911 est.
321 2865 415 2911 PP.
455 2881 560 2911 non.
594 2867 723 2912 Febr.
754 2868 1025 2914 Antioohiae
1054 2869 1343 2915 Diocletiano
1382 2882 1455 2915 νη
1492 2875 1538 2915 et

178 2922 468 2968 Maximiano
508 2926 583 2967 171⁸
611 2925 704 2968 AA.
737 2938 882 2970 conss.
1344 2930 1402 2981 [a.
1435 2928 1535 2980 299]

236 2977 300 3025 25
349 2978 485 3038 ⁶Imp.
536 2979 860 3026 Constant-inus
911 2983 963 3027 A.
1017 2982 1080 3026 ad
1131 2982 1388 3028 Maximum
1429 2983 1536 3042 Ρη]

180 3035 388 3090 Donatio‚
427 3035 519 3080 sive
551 3036 721 3081 directa
752 3037 810 3081 sit
839 3038 930 3083 sive
959 3039 1113 3083 mortis
1144 3052 1283 3084 causa
1310 3039 1533 3092 instituta,

179 3092 270 3136 sive
314 3091 683 3137 condicionibus⁸
725 3093 919 3138 faciendi
964 3108 1019 3139 ac
1062 3108 1152 3139 non
1197 3096 1392 3140 faciendi
1434 3108 1533 3141 sus-

179 3159 321 3203 pensa
359 3148 450 3192 sive
487 3161 542 3192 ex
571 3148 722 3204 aliquo
751 3154 907 3194 notato
937 3155 1138 3206 tempore
1166 3151 1402 3207 promissa,
1442 3152 1534 3196 sive

180 3203 326 3246 animo
366 3202 565 3247 dantium
614 3204 982 3260 accipientiumve
1034 3207 1266 3251 sententiis
1318 3212 1534 3264 quantum

178 3259 249 3303 ius
288 3258 395 3303 sinit
433 3260 765 3315 cognominata,
809 3262 892 3304 sub
922 3262 1009 3305 hac
1039 3261 1134 3305 fieri
1164 3262 1295 3306 debet
1325 3264 1532 3308 observa·

178 3315 322 3368 tione,
363 3318 415 3360 ut
452 3327 563 3372 quas
603 3316 721 3371 leges
759 3316 989 3372 indulgent
1017 3317 1215 3361 actiones
1248 3318 1532 3364 condiciones

179 3372 495 3428 pactionesque
536 3372 785 3425 contineat,
825 3372 983 3429 hisque
1022 3374 1200 3430 penitus
1239 3374 1426 3430 cognitis
1463 3376 1533 3420 vel

177 3426 475 3483 recipiantur,
517 3428 555 3472 si
587 3428 876 3483 complacitae
907 3434 1032 3482 sunt,
1067 3431 1135 3473 vel
1164 3431 1409 3474 reiciantur
1421 3431 1451 3483 ⁹,
1493 3431 1533 3475 si

185 3488 200 3527 1
264 3487 371 3527 sunt
398 3485 626 3528 molestae.
684 3485 736 3527 In
775 3486 1108 3531 conscribendis
1149 3491 1298 3531 autem
1327 3486 1531 3531 donatio-

180 3541 312 3586 nibus
336 3554 497 3587 nomen
519 3539 762 3593 donatoris,
788 3540 856 3584 ius
881 3554 934 3585 ac
957 3555 1051 3587 rem
1067 3540 1215 3585 notari
1241 3545 1431 3596 oportet,
1451 3553 1532 3589 me-

179 3609 264 3652 que
300 3592 346 3641 id
383 3598 557 3641 occulte
573 3598 606 3624 ¹⁰
644 3600 724 3641 aut
761 3598 992 3654 privatim,
1035 3598 1114 3644 sed
1155 3603 1203 3643 ut
1241 3600 1423 3643 tabulae
1452 3604 1531 3643 aut

179 3797 227 3846 (1)
259 3797 300 3836 te
331 3795 391 3844 M
425 3811 494 3835 om.
523 3795 643 3837 LC'R
729 3795 785 3849 (2)
817 3795 895 3836 tibi
924 3798 1060 3836 autem
1093 3796 1286 3837 adversus
1314 3796 1447 3837 filium
1477 3809 1531 3836 ex

177 3850 380 3904 stipulatu
405 3852 601 3904 competit
621 3852 730 3898 actio
759 3853 957 3892 similiave
988 3853 1280 3902 desiderantur,
1313 3855 1366 3906 cjl
1384 3853 1426 3892 Β
1458 3848 1530 3905 (σὺ

178 3904 228 3949 δὲ
257 3903 372 3948 κατὰ
401 3906 480 3947 τοῦ
511 3904 606 3948 υἱοῦ
637 3902 664 3960 ἢ
693 3903 779 3958 τὴν
809 3908 911 3964 περὶ
940 3903 1184 3961 μελλούσης
1221 3908 1378 3962 ζημίας
1413 3902 1529 3964 ἀγω-

176 3958 274 4021 γήν,
305 3959 383 4003 ἐὰν
414 3958 701 4020 ἐπερώτησας
731 3960 826 4014 [ἐὰν
853 3959 916 4017 μὴ
945 3962 1230 4021 ἐπερωτήσῃς
1253 3967 1360 4014 scr.],
1393 3958 1419 4015 ἢ
1444 3961 1529 4015 τὴν

178 4018 227 4069 ἐξ
265 4015 584 4077 ἐπερωτήσεως
626 4021 700 4059 καὶ
739 4014 983 4074 συμφώνου
1019 4018 1296 4076 ἀποκρίσεως
1336 4015 1529 4077 ἀγωγήν,

178 4075 255 4117 ἵνα
284 4072 511 4133 πληρωθῇ
541 4071 597 4116 τὰ
628 4071 842 4126 δόξαντα)
874 4086 910 4116 et
940 4077 1027 4115 ΒΣ
1062 4077 1192 4125 (κινεῖ
1220 4072 1269 4116 δὲ
1297 4072 1381 4129 τὴν
1409 4089 1527 4128 prae-

178 4131 343 4185 scriptis
373 4131 507 4171 verbis
537 4128 651 4171 κατὰ
693 4131 773 4171 τοῦ
801 4128 935 4194 δυἱοῦ,
980 4130 1067 4188 εἴγε
1108 4129 1191 4172 τὸν
1233 4126 1340 4197 ᾅρον
1383 4145 1526 4188 παρα·

177 4202 350 4294 ἔιῖἶῖἶ,
364 4186 623 4296 ἐξεῗῖῗνέι
642 4183 1528 4300 {⁷51}5132..Y²Z⁹?.{23“;.32.22232’2'22

178 4295 416 4352 ἀβιτουτεν
447 4302 690 4353 [corruptum
708 4315 756 4340 ex
780 4292 950 4341 πάκτου
972 4292 1131 4352 ἁβίτου
1157 4298 1207 4337 ἐν
1229 4301 1479 4340 κοντινεῗντι
1488 4298 1525 4349 ἳ]

178 4357 453 4411 γενομένης);
491 4355 643 4398 Graeci
669 4357 737 4397 vix
768 4356 886 4395 aliter
914 4355 1092 4407 leyerunt
1117 4363 1236 4406 atque
1259 4371 1343 4405 nos,
1376 4357 1526 4395 hiatum

181 4418 310 4451 autem
354 4427 403 4453 ex
441 4415 624 4467 coqnatis
665 4413 762 4453 locis
796 4410 903 4451 velut
933 4425 980 4451 ex
1010 4425 1042 4451 c.
1074 4418 1095 4451 9
1134 4410 1172 4450 h.
1205 4419 1229 4451 ί.
1271 4411 1529 4464 expleverunt

180 4466 234 4515 (3)
265 4467 384 4521 iunqe
410 4470 448 4520 6,
465 4478 523 4520 42,
541 4478 583 4510 27
672 4469 726 4521 (4)
755 4465 982 4507 viminacii
1011 4467 1084 4506 ins.
1111 4467 1148 4514 6,
1167 4472 1224 4515 42,
1247 4475 1289 4508 27
1378 4468 1434 4519 (5)
1461 4479 1526 4507 vn

179 4522 222 4561 et
248 4533 301 4562 m.
331 4533 380 4563 vx
410 4524 652 4573 Mommsen,
690 4537 738 4564 v1
768 4525 808 4563 et
836 4535 889 4562 m.
920 4534 950 4561 v
989 4522 1035 4571 V,
1076 4533 1124 4561 ιιι
1156 4523 1198 4561 et
1224 4534 1276 4561 m.
1309 4535 1393 4563 vm
1423 4523 1524 4563 Hal.

179 4585 235 4636 (6)
265 4603 322 4621 ¹==
352 4583 426 4626 Th.
445 4585 483 4636 8,
500 4593 588 4636 12,1
617 4584 706 4625 Vat.
728 4592 816 4625 249:
848 4583 967 4635 iunye
989 4583 1026 4630 5,
1046 4589 1102 4631 37,
1121 4589 1159 4623 21
1184 4581 1516 4623 Com-allationem

180 4642 276 4690 9,13
356 4642 410 4691 (7)
439 4653 507 4691 pu.
536 4641 652 4681 VLR
679 4641 750 4680 Th.
787 4640 875 4678 Vat.
903 4650 970 4689 pp.
1003 4637 1038 4678 C
1058 4652 1155 4677 casu
1180 4646 1282 4677 recte
1370 4639 1427 4686 (8)
1459 4639 1518 4678 sic

183 4697 256 4732 Th.
285 4696 390 4732 Vat..
421 4695 676 4732 condicionis
704 4697 786 4732 VC.
809 4692 1039 4732 conditi0ni
1057 4693 1134 4732 Ra.
1160 4692 1398 4732 conditione
1415 4690 1518 4732 LR⁶

1535 188 1643 250 363

2747 204 2870 257 VIII
2910 208 2974 256 53

1630 347 1938 404 quodcumque
1976 345 2098 393 aliud
2137 351 2347 395 materiae
2385 355 2559 408 tempus
2601 354 2773 398 dabit¹¹
2812 355 2881 399 vel
2921 356 2977 399 ab

1627 403 1724 459 ipso
1763 404 1833 448 vel
1871 406 1928 450 ab
1967 417 2018 449 eo
2050 418 2178 460 quem
2209 419 2305 451 sors
2323 409 2356 434 ¹²
2393 408 2756 454 ministraverit¹³
2784 409 2977 476 perscri-

1628 459 1763 504 batur
1778 461 1834 505 ¹⁴:
1865 461 1977 505 actis
2008 462 2142 505 etiam
2167 461 2464 519 adnectendis,
2497 477 2611 520 quae
2645 466 2764 522 apud
2788 466 2978 510 iudicem

1627 516 1695 559 vel
1734 517 2019 572 magistratus
2057 517 2334 563 conficienda
2363 523 2486 575 sunt,
2529 521 2607 565 ubi
2635 521 2721 565 hoc
2751 522 2792 566 le
2824 535 2870 566 es
2900 535 2976 565 ex·

1659 573 1917 618 ostulantffi.
1986 573 2084 617 D.¹⁶
2115 586 2185 618 ιιι
2221 589 2324 619 non.
2358 576 2486 621 Febr.
2527 576 2701 621 Romae
2735 576 2798 620 Sa
2829 579 2904 621 ino
2935 580 2977 622 ei

1671 642 1700 670 a
1735 642 1795 672 no
1827 630 2014 674 conss-‚¹¹¹
2790 637 2846 685 [a.
2879 635 2978 684 316]

1720 681 1751 729 6
1782 683 1944 729 ¹⁸Idem
1970 685 2021 729 A.
2046 686 2219 730 Aeonio
2237 687 2272 714 ¹⁹
2300 685 2525 731 Catullino
2551 687 2827 744 proconsuli
2850 687 2978 743 Afri-

1627 751 1718 782 cae.
1788 739 1838 783 Si
1876 741 1973 795 quis
2010 741 2057 785 in
2095 742 2425 797 emancipatum
2453 742 2689 794 minorem,
2720 742 2978 796 priusquam

1625 793 1711 837 fari
1748 795 1892 849 possit
1930 800 2010 839 aut
2044 797 2211 840 habere
2249 797 2314 841 rei
2344 810 2458 852 quae
2489 797 2575 841 sibi
2605 797 2799 840 donatur
2828 798 2978 841 adfec-

1624 851 1733 902 tum,
1780 850 2015 893 ²⁰fundum
2059 851 2296 895 crediderit
2340 851 2681 900 conferendum,
2737 865 2865 896 omne
2910 853 2979 896 ius

1629 909 1648 948 1
1712 905 1935 961 compleat
1972 906 2278 950 instrumentis
2320 911 2424 950 ante
2463 908 2782 963 praemissisffi.
2853 908 2980 962 Quod

1623 973 1704 1017 per
1747 974 1846 1005 eum
1886 974 2083 1012 servum,
2138 974 2268 1017 quem
2316 962 2524 1006 idoneum
2569 975 2667 1007 esse
2714 963 2979 1015 constiterit,

1624 1017 1811 1073 transigi
1872 1017 2033 1069 lacuit,
2075 1022 2126 1061 ut
2191 1030 2240 1060 er
2269 1030 2370 1061 eum
2398 1017 2558 1062 infanti
2588 1019 2861 1074 adquiratur.
2923 1019 2978 1063 D.

1625 1086 1706 1117 XII
1732 1073 1774 1117 lc.
1846 1073 1905 1118 ai.
1925 1073 2138 1118 Serdieae
2190 1073 2324 1117 ahino
2351 1079 2396 1118 et
2416 1073 2586 1131 Rufino
2612 1088 2756 1119 conss.
2804 1078 2861 1129 [a.
2881 1079 2978 1127 316]

1683 1127 1746 1176 27
1781 1129 1947 1174 ²²Idem
1977 1130 2029 1174 A.
2062 1129 2124 1173 ad
2153 1127 2368 1174 Severum
2399 1131 2603 1175 comitem
2635 1130 2722 1174 His
2755 1131 2977 1177 aniarum.

1625 1186 1744 1230 Data
1786 1185 1875 1230 iam
1919 1186 2092 1242 pridem
2134 1186 2230 1241 lege
2243 1186 2282 1213 ²³
2320 1186 2580 1240 statuimus,
2622 1192 2673 1231 ut
2747 1188 2979 1233 onationes

1623 1242 1942 1287 interveniente
1959 1245 2160 1287 actorum
2176 1242 2490 1288 testificatione
2512 1243 2818 1288 conficiantur.
2862 1244 2980 1300 quod

1624 1299 1692 1343 vel
1721 1299 1911 1343 maxime
1935 1299 2053 1343 inter
2076 1299 2356 1343 necessarias
2386 1300 2863 1356 coniunctissimasque
2879 1314 2978 1357 per-

1625 1368 1757 1400 sonas
1799 1356 2004 1400 convenit
2044 1355 2283 1407 custodiri,
2323 1356 2361 1399 si
2398 1356 2573 1411 quidem
2608 1357 2895 1401 clandestinis
2925 1370 2979 1401 ac

1625 1411 1876 1456 domesticis
1916 1411 2152 1456 fraudibus
2193 1412 2326 1455 facile
2364 1413 2537 1468 quidvis
2577 1426 2658 1469 pro
2700 1414 2864 1469 negotii
2899 1426 2978 1469 op-

1624 1468 1901 1523 portunitate
1934 1468 2080 1512 confin
2112 1468 2126 1511 i
2155 1471 2318 1524 potest,
2355 1469 2421 1512 vel
2452 1469 2497 1512 id
2529 1470 2646 1524 quod
2679 1483 2777 1514 vere
2808 1474 2980 1525 gestum

1628 1529 1643 1566 1
1708 1529 1776 1569 est
1821 1525 2005 1568 aboleri.
2118 1538 2191 1568 um
2236 1525 2371 1580 igitur
2411 1538 2466 1570 ne
2505 1526 2670 1570 liberos
2712 1525 2886 1582 quidem
2925 1539 2980 1570 ac

1622 1584 1828 1635 parentes
1869 1582 1941 1624 lex
1977 1583 2135 1625 nostra
2175 1581 2231 1625 ab
2269 1586 2474 1625 actorum
2516 1581 2793 1626 confectione
2832 1595 2978 1636 secer-

1622 1641 1724 1689 nat,
1765 1637 1832 1690 id,
1873 1637 1991 1693 quod
2031 1637 2283 1681 necessario
2322 1651 2459 1693 super
2498 1638 2815 1682 donationibus
2860 1638 2979 1694 apud

1622 1695 1726 1736 acta
1769 1693 2056 1737 conficiendis
2099 1694 2188 1736 iam
2230 1693 2402 1749 pridem
2451 1695 2703 1749 statuimus,
2749 1695 2979 1738 universos

1623 1752 1646 1790 2
1705 1752 1869 1793 teneat.
1933 1749 2119 1793 2⁴Gesta
2150 1752 2298 1793 autem
2330 1750 2492 1793 confici
2522 1763 2658 1806 super
2682 1752 2818 1794 rebus
2845 1751 2979 1795 etiam

1623 1804 1729 1847 alibi
1756 1805 1988 1848 collocatis
2014 1805 2283 1860 ubicumque
2306 1806 2488 1849 sufficit.
2543 1806 2598 1849 D.
2625 1819 2715 1849 [ιιι
2738 1821 2843 1851 non.
2867 1806 2977 1850 Mai.

1624 1859 2022 1918 Constantinopoli
2038 1860 2269 1905 Dalmatio
2287 1867 2332 1906 et
2350 1861 2471 1905 Zeno
2507 1861 2600 1905 hilo
2627 1875 2771 1906 conss.
2805 1867 2860 1914 [a.
2880 1866 2978 1915 333]

1679 1913 1745 1963 28
1792 1915 1979 1974 ²⁵Impp.
2028 1916 2268 1961 Honorias
2321 1922 2366 1960 et
2417 1917 2457 1960 T
2482 1917 2697 1962 eodosius
2739 1918 2832 1963 AA.
2880 1917 2980 1962 Mo-

1620 1972 1767 2015 naxio
1806 1986 1889 2030 pp.
1961 1972 2168 2028 Quisquis
2209 1985 2302 2016 rem
2348 1973 2543 2029 aliquam
2584 1974 2790 2018 donando
2828 1974 2895 2018 vel
2936 1975 2980 2018 in

1621 2027 1769 2072 dotem
1809 2028 1955 2073 dando
1988 2030 2054 2072 vel
2084 2028 2313 2073 vendendo
2326 2030 2361 2056 ²⁶
2399 2043 2531 2073 usum
2560 2029 2755 2074 fructum
2786 2030 2880 2074 eius
2912 2044 2978 2074 re-

1619 2084 1826 2137 tinuerit,
1869 2085 2041 2129 etiamsi
2071 2085 2314 2141 stipulatus
2346 2099 2436 2130 non
2464 2085 2662 2139 fuerit²⁷‚
2710 2099 2805 2131 eam
2837 2088 2979 2131 conti-

1619 2154 1709 2185 nuo
1739 2141 1976 2186 tradidisse
2008 2141 2230 2194 credatur,
2268 2154 2323 2186 ne
2355 2141 2462 2199 quid
2491 2142 2681 2199 amplius
2712 2144 2978 2199 requiratur,

1621 2210 1707 2251 quo
1754 2197 1893 2253 magis
1937 2197 2140 2243 videatur
2184 2198 2307 2242 facta
2351 2199 2558 2254 traditio,
2605 2199 2684 2243 sed
2729 2200 2978 2244 omnimodo

1619 2254 1735 2297 idem
1765 2254 1823 2297 sit
1853 2254 1898 2297 in
1930 2254 1999 2298 his
2031 2254 2179 2299 causis
2210 2268 2340 2298 usum
2370 2254 2567 2299 fructum
2605 2256 2819 2309 retinere,
2860 2256 2979 2313 quod

1619 2309 1808 2354 tradere.
1868 2309 1924 2354 D.
1947 2311 2073 2368 prid.
2115 2310 2174 2354 id.
2207 2310 2344 2354 Mart.
2391 2311 2790 2370 Constantinopoli
2820 2312 2978 2356 Hono-

1620 2366 1691 2409 rio
1723 2367 1774 2409 A.
1807 2377 1866 2409 Χ]
1891 2371 1938 2411 et
1967 2365 2232 2410 Constantio
2264 2378 2311 2410 II
2337 2379 2483 2410 conss.
2788 2372 2844 2420 [a.
2877 2372 2976 2421 417]

1679 2418 1744 2468 29
1778 2420 1878 2479 Imp
1914 2455 1925 2466 .
1960 2421 2240 2466 Theodosias
2278 2427 2322 2466 et
2362 2421 2706 2467 Valentinianus
2736 2423 2827 2467 AA.
2870 2423 2977 2467 Hie-

1619 2477 1691 2521 rio
1716 2491 1797 2535 pp.
1883 2491 1910 2521 n
1949 2482 2187 2523 extraneos
2228 2481 2272 2522 et
2310 2490 2447 2534 saepe
2485 2478 2663 2534 ignotos
2695 2480 2978 2524 donationem

1620 2533 1828 2577 collatam
1858 2535 2003 2578 valere
2031 2537 2261 2591 receptum
2291 2540 2380 2579 est:
2422 2538 2468 2579 et
2509 2536 2546 2579 si
2575 2535 2669 2579 sine
2698 2535 2865 2591 scripto
2898 2536 2975 2580 do-

1620 2595 1773 2633 natum
1804 2590 1923 2646 quod
1953 2590 2100 2643 fuerit,
2132 2591 2344 2635 adhibitis
2376 2591 2472 2635 aliis
2501 2591 2672 2636 idoneis
2699 2591 2977 2651 documentis

1619 2646 1705 2689 hoc
1736 2646 1855 2702 quod
1883 2647 2054 2702 geritur
2083 2648 2416 2703 comprobetur.
2463 2647 2517 2691 D.
2543 2660 2597 2691 X]
2621 2647 2663 2692 lc.
2691 2647 2799 2692 Mai.
2829 2649 2977 2693 Felice

1619 2708 1665 2746 et
1695 2701 1847 2746 Tauro
1879 2716 2023 2747 conss.
2787 2709 2842 2757 [a.
2877 2708 2975 2757 428]

1677 2755 1742 2806 30
1777 2757 1890 2817 Imp.
1923 2758 2017 2803 Leo
2047 2759 2098 2803 Α.
2135 2757 2432 2804 Constantino
2467 2774 2549 2818 pp.
2619 2760 2671 2803 Ιιι
2707 2760 2794 2804 hac
2825 2773 2975 2804 sacra-

1618 2813 1791 2858 tissima
1830 2815 1943 2860 urbe
1983 2817 2265 2871 conscriptae
2305 2815 2568 2860 donationes
2600 2816 2868 2871 ubicumque
2897 2831 2976 2874 po-

1619 2870 1805 2915 sitarum
1846 2884 1994 2915 rerum
2034 2872 2154 2928 apud
2192 2872 2452 2927 magistrum
2491 2885 2650 2916 census
2681 2873 2974 2917 insinuentur.

1623 2931 1641 2972 1
1702 2927 1755 2971 Ῑιι
1785 2928 1883 2971 aliis
1915 2942 2017 2972 vero
2059 2928 2336 2980 civitatibus,
2378 2928 2469 2972 sive
2510 2929 2673 2973 absens
2715 2929 2805 2973 sive
2845 2943 2974 2985 prae-

1619 2996 1723 3029 sens
1753 2989 1902 3029 rector
1930 2984 2188 3040 provinciae
2217 2985 2288 3037 sit,
2321 2984 2411 3028 sive
2442 2984 2594 3027 eadem
2624 2983 2780 3029 civitas
2810 2986 2975 3029 habeat

1618 3040 1906 3096 magistratus
1938 3041 2028 3085 sive
2059 3055 2150 3085 non
2174 3041 2338 3084 habeat
2363 3046 2407 3083 et
2432 3039 2640 3084 defensor
2666 3041 2971 3084 tantummodo

1619 3097 1697 3149 sit,
1742 3096 1933 3140 donator
1976 3097 2143 3140 habeat
2185 3097 2371 3140 liberam
2409 3095 2669 3140 facultatem
2709 3096 2972 3140 donationes

1618 3165 1765 3196 rerum
1806 3164 1986 3196 suarum
2027 3152 2293 3207 ubicumque
2329 3152 2577 3207 positarum
2607 3151 2698 3195 sive
2727 3151 2849 3208 apud
2879 3166 2971 3196 mo-

1619 3208 1868 3252 deratorem
1910 3207 2147 3251 cuiuslibet
2182 3207 2439 3262 provinciae
2468 3207 2558 3251 sive
2590 3207 2709 3263 apud
2737 3208 2970 3264 magistra-

1618 3266 1690 3308 tus
1714 3263 1804 3307 sive
1829 3263 1950 3319 apud
1977 3263 2253 3306 defensorem
2280 3262 2597 3319 cuiuscumque
2625 3263 2814 3307 civitatis
2837 3269 2972 3320 prout

1617 3319 1822 3363 maluerit
1859 3318 2115 3375 publicare:
2160 3321 2295 3374 atque
2333 3321 2385 3362 ut
2423 3318 2524 3374 ipsa
2563 3319 2743 3363 donatio
2785 3319 2871 3364 sita
2905 3325 2972 3364 est

1616 3376 1662 3419 in
1692 3375 1921 3419 voluntate
1952 3375 2172 3428 donantis,
2202 3375 2266 3418 ita
2296 3374 2336 3418 ei
2363 3374 2500 3419 liceat
2529 3375 2812 3419 donationem
2844 3389 2969 3421 suam

1617 3431 1737 3488 apud
1777 3443 2097 3487 quemcumque
2137 3443 2190 3474 ex
2229 3431 2482 3475 memoratis
2522 3431 2711 3476 voluerit
2749 3432 2967 3476 intimare.

1619 3492 1641 3530 2
1699 3488 1761 3530 Et
1796 3487 1883 3531 hae
1922 3486 2209 3540 donationes,
2255 3499 2370 3543 quae
2407 3486 2455 3531 in
2500 3486 2684 3532 diversis
2730 3488 2969 3543 provinciis

1617 3547 1662 3588 et
1704 3542 1957 3587 civitatibus
1995 3542 2117 3598 apud
2156 3543 2396 3608 quemlibet
2435 3555 2490 3587 ex
2526 3544 2766 3600 praedictis
2804 3543 2970 3588 fuerint

1615 3598 1884 3655 publicatae,
1916 3598 2146 3643 obtineant
2173 3612 2486 3644 inconcussam
2518 3613 2570 3644 ac
2599 3605 2862 3657 perpetuam
2892 3599 2966 3643 fir-

2697 3724 2742 3738 —r

1617 3812 1700 3837 cum
1731 3795 1776 3836 B
1877 3797 1934 3848 (9)
1967 3796 2026 3835 sic
2056 3795 2138 3836 LR
2173 3796 2245 3836 Th.
2276 3797 2379 3846 Vat.,
2410 3796 2637 3849 recipiatur
2669 3828 2678 3838 .
2699 3826 2707 3835 .
2727 3827 2736 3836 .
2767 3795 2965 3836 reiciatur

1627 3853 1704 3893 VC
1783 3851 1860 3905 (10)
1884 3854 1958 3891 aut
1983 3863 2057 3902 per
2081 3851 2293 3903 imperitos
2323 3854 2398 3894 ins.
2421 3853 2493 3893 le.
2517 3853 2605 3893 Vat.
2695 3852 2767 3905 (11)
2797 3852 2964 3892 scienti-

1615 3907 1691 3947 bus
1719 3906 1912 3959 plurimis
1943 3909 2017 3948 ins.
2056 3908 2126 3947 Th.
2169 3909 2288 3949 Vnt„-
2320 3911 2372 3961 cf.
2403 3924 2435 3949 c.
2469 3917 2508 3950 31
2539 3909 2576 3948 Ιι.
2610 3916 2633 3948 t.
2774 3908 2850 3959 (12)
2880 3908 2965 3948 fors

1625 3964 1714 4004 Vat.
1845 3964 1919 4015 (13)
1947 3962 2325 4005 subministraverit
2359 3965 2430 4004 le.
2474 3963 2562 4004 Vat.
2697 3963 2771 4014 (14)
2804 3966 2844 4003 et
2873 3976 2963 4004 cor-

1613 4018 1768 4072 poralis
1808 4018 1979 4058 traditio
2018 4018 2292 4071 subsequatur
2321 4019 2372 4059 ad
2403 4018 2697 4059 excludendam
2727 4019 2810 4059 vim
2838 4021 2962 4070 atque

1613 4074 1905 4127 inreptionem,
1938 4073 2135 4115 advocata
2164 4076 2380 4115 vicinitate
2405 4074 2676 4125 omnibusque
2700 4074 2867 4115 arbitris
2891 4075 2959 4114 ad-

1612 4130 1770 4181 hibitis,
1801 4143 1978 4181 quorum
2007 4133 2149 4183 postea
2176 4130 2256 4171 fide
2285 4130 2528 4183 probabitur
2559 4130 2750 4171 donatam
2782 4144 2887 4175 rem,
2926 4131 2960 4171 si

1613 4189 1672 4226 est
1701 4185 1877 4237 mobilis,
1910 4198 1959 4225 ex
1988 4185 2203 4227 voluntate
2233 4187 2426 4226 traditam
2456 4186 2668 4227 donatoris
2698 4186 2782 4237 vel,
2819 4186 2855 4226 si
2884 4186 2960 4226 im-

1611 4241 1775 4282 mobilis
1811 4241 1996 4281 abscessu
2036 4242 2227 4283 donantis
2262 4255 2375 4282 novo
2414 4242 2582 4282 domino
2610 4243 2855 4294 patefactam
2886 4244 2959 4283 ins.

1616 4299 1703 4347 Th„
1736 4300 1787 4351 cs.
1813 4312 1858 4351 p.
1892 4299 1973 4340 364
2004 4307 2084 4338 not.
2117 4308 2155 4340 12
2250 4300 2324 4349 (15)
2353 4298 2426 4338 ubi
2455 4299 2495 4337 h.
2528 4297 2555 4337 1.
2591 4297 2856 4349 expostulant
2884 4314 2958 4339 om.

1616 4354 1687 4395 Th.
1729 4354 1820 4394 Vat.
1926 4353 2002 4405 (16)
2032 4367 2100 4407 pp.
2142 4354 2232 4395 Vat.
2265 4362 2368 4394 recte
2474 4355 2547 4405 (ιι)
2578 4354 2623 4393 in
2653 4354 2743 4394 foro
2774 4354 2861 4394 divi

1612 4411 1769 4451 addunt
1807 4409 1898 4449 Vat.
2009 4411 2083 4462 (18)
2112 4430 2170 4446 =
2202 4410 2275 4450 Th.
2307 4410 2345 4458 8,
2378 4418 2430 4461 12,
2463 4418 2483 4451 2
2583 4411 2660 4460 (19)
2691 4409 2836 4450 aconio
2870 4410 2958 4460 Th„

1612 4482 1684 4506 om.
1717 4465 1814 4506 libri
1954 4466 2035 4518 (2ο)
2074 4464 2267 4506 Italicum
2299 4464 2384 4505 sive
2413 4463 2724 4517 stipendiarium
2769 4468 2843 4506 ins.
2883 4466 2957 4506 Th.

1611 4521 1686 4574 (21)
1705 4522 1745 4560 et
1759 4518 2003 4562 inductione
2018 4521 2289 4574 corporaliter
2302 4520 2472 4573 impleta
2488 4522 2561 4561 ins.
2586 4522 2657 4561 Th.
2717 4524 2797 4572 (22)
2812 4541 2868 4558 =
2885 4522 2957 4563 Th.

1612 4580 1651 4627 8,
1681 4586 1736 4627 12,
1765 4586 1810 4617 5:
1849 4578 1968 4630 §unqe
1998 4579 2037 4630 4,
2069 4585 2123 4627 21,
2155 4585 2194 4618 14
2307 4577 2387 4628 (23)
2417 4591 2450 4618 c.
2483 4585 2526 4618 25
2558 4576 2592 4617 h.
2629 4585 2655 4618 t.
2770 4580 2849 4629 (24)
2882 4583 2901 4626 ς
2937 4588 2956 4620 2

2078 4633 2158 4686 (25)
2189 4652 2243 4668 =
2278 4632 2349 4673 Th.
2383 4634 2421 4684 8,
2453 4641 2508 4683 12,
2540 4641 2560 4674 9
2654 4634 2735 4685 (26)
2764 4633 2829 4673 vel
2859 4646 2954 4674 ven·

1609 4653 1665 4670 =
1699 4633 1769 4673 Th.
1804 4633 1843 4684 8,
1873 4642 1928 4683 12,
1959 4642 1981 4675 s

2051 4689 2129 4732 (ιι)
2158 4687 2287 4729 fuerit
2316 4689 2409 4730 dea.
2441 4704 2526 4730 cum
2563 4688 2650 4732 Th..
2680 4690 2763 4730 fuit
2803 4690 2956 4732 VLGR

1610 4688 1743 4730 dendo
1773 4703 1846 4729 om.
1883 4689 1956 4729 Th.
