3054 4796
193 202 287 253 QUI
319 201 486 240 BONIS
524 202 738 242 CEDERE
772 199 1016 240 POSSUNT

187 339 319 384 nibus
347 339 504 394 possit.
564 337 658 382 ΡΡ.
690 349 782 382 xm
806 336 848 381 k.
881 335 1009 380 Febr.
1041 334 1254 395 Philippo
1285 341 1334 386 A.
1378 347 1423 384 et
1453 339 1521 383 Τι’-

190 394 314 439 tiano
345 407 488 438 conss.
1334 400 1390 448 [a.
1424 399 1520 448 245]

245 446 276 496 3
307 447 376 493 Im
404 464 452 514 p.
490 449 758 494 Valerianus
786 454 832 493 et
861 446 1093 492 Gallienus
1122 451 1212 493 AA.
1245 458 1288 494 et
1322 450 1523 495 Valeria-

186 518 272 550 nus
310 464 615 550 nosslissimw
648 504 689 549 C.
720 503 934 548 Lenillae.
1003 504 1049 547 Si
1088 511 1215 560 pater
1254 512 1356 551 tuus
1395 507 1522 552 bonis

187 561 322 606 cessit
349 567 532 618 propter
562 573 697 606 onera
727 559 882 614 civilia,
913 559 1051 615 ipsius
1082 561 1317 606 facultates
1349 568 1524 618 oportet

184 616 370 672 inquiri,
425 631 515 662 non
555 615 885 672 patrimonium,
940 616 1056 671 quod
1097 617 1178 663 tibi
1222 619 1525 674 emancipatae

186 674 434 729 quaesitum
463 674 586 726 dicis,
615 671 866 727 inquietari.
926 673 1044 727 quod
1073 677 1123 716 ut
1150 673 1249 727 fiat,
1285 675 1524 730 implorare

186 729 452 785 aequitatem
480 727 694 785 praesidis
725 727 872 771 debes.
932 727 1024 771 ΡΡ.
1052 741 1152 772 ΧΗ]
1181 730 1222 774 lc.
1247 730 1351 775 Dec.
1378 729 1523 774 Aemi-

186 784 311 829 liano
341 792 386 829 et
412 785 562 829 Basso
592 796 734 828 conss.
1336 791 1392 839 [a.
1425 788 1522 834 259]

243 839 276 886 4
305 839 452 900 Impp.
483 839 796 884 Diocletianus
825 844 870 883 et
896 838 1207 885 Maximianus
1236 843 1327 885 AA.
1369 847 1414 886 et
1444 839 1520 885 CC.

189 895 374 940 Chiloni.
433 895 565 951 Legis
594 894 733 938 Iuliae
772 894 826 938 de
861 895 989 940 bonis
1027 897 1231 941 cedendis
1261 897 1523 942 beneficium

186 951 576 996 constitutionibus
621 950 820 994 divorum
864 958 1115 996 nostrorum
1161 953 1415 1009 parentium
1466 951 1525 996 ad

183 1007 433 1062 provincias
474 1012 729 1063 porrectum
769 1020 889 1062 esse,
928 1015 979 1052 ut
1016 1010 1157 1053 cessio
1195 1010 1417 1054 bonorum
1445 1008 1523 1051 ad-

182 1062 407 1115 mittatur,
450 1067 604 1106 notum
648 1068 738 1106 est:
784 1077 874 1107 non
916 1070 1063 1109 tamen
1108 1064 1398 1110 creditoribus
1441 1077 1525 1108 sua

183 1119 449 1162 auctoritate
474 1118 665 1162 dividere
688 1119 799 1163 haec
820 1121 938 1164 bona
960 1127 1003 1165 et
1023 1122 1120 1165 iure
1136 1121 1316 1165 dominii
1329 1126 1479 1164 tenere
1493 1121 1524 1172 ²,

183 1173 261 1218 sed
289 1174 550 1218 venditionis
580 1175 787 1227 remedio,
819 1182 1037 1232 quatenus
1066 1178 1317 1221 substantia
1342 1177 1522 1233 patitur,

187 1234 202 1271 1
263 1229 542 1274 indemnitati
573 1244 680 1274 suae
712 1233 943 1276 consulere
971 1234 1233 1288 permissum
1263 1238 1344 1277 est.
1414 1232 1523 1276 Cum

172 1285 332 1346 ⁴itaque
361 1292 517 1330 contra
549 1287 659 1330 iuris
689 1288 906 1332 rationem
935 1302 1006 1333 res
1034 1290 1130 1333 iure
1161 1289 1342 1332 dominii
1371 1293 1522 1332 teneas

181 1341 275 1384 eius
313 1342 391 1397 qui
427 1343 555 1386 bonis
596 1344 731 1387 cessit
769 1344 1031 1388 creditorem
1078 1347 1154 1390 te²
1192 1345 1366 1396 dicens,
1405 1344 1525 1398 longi

180 1397 391 1453 temporis
446 1400 799 1455 praescriptione
851 1401 1085 1456 petitorem
1136 1401 1386 1445 submoveri
1434 1414 1525 1443 non

180 1466 311 1509 posse
338 1454 622 1500 manifestum
652 1461 732 1499 est.
792 1458 909 1511 quod
946 1458 984 1501 si
1019 1471 1109 1501 non
1139 1457 1268 1501 bonis
1297 1470 1398 1500 eum
1428 1469 1523 1499 ces-

181 1509 305 1564 sisse,
335 1510 414 1554 sed
442 1524 513 1555 res
545 1525 648 1555 suas
677 1512 724 1555 in
755 1514 948 1556 solutum
977 1514 1058 1556 tibi
1095 1512 1269 1556 dedisse
1304 1515 1522 1556 monstre-

179 1571 278 1620 tur,
315 1579 496 1622 praeses
536 1568 791 1624 provinciae
829 1569 994 1624 poterit
1035 1569 1088 1612 de
1126 1569 1399 1624 proprietate
1442 1568 1525 1611 tibi

180 1622 516 1667 accommodare
545 1625 784 1668 notionem.

236 1676 266 1723 5
310 1678 436 1722 Idem
473 1681 564 1723 AA.
612 1685 657 1723 et
694 1678 771 1723 CC.
809 1678 1008 1736 Myroni.
1080 1679 1269 1734 Propter
1309 1680 1523 1723 honorem

178 1733 489 1790 municipalem
525 1736 594 1778 vel
628 1749 788 1778 munus
823 1735 955 1779 bonis
986 1735 1235 1779 cedentium
1263 1734 1522 1778 invidiosam

179 1790 352 1834 admitti
381 1791 623 1834 cessionem
653 1791 827 1834 minime
858 1791 1076 1844 convenit,
1109 1791 1188 1834 sed
1212 1791 1281 1834 his
1307 1791 1522 1834 obnoxios

177 1859 260 1901 pro
290 1846 420 1890 modo
452 1846 729 1890 substantiae
757 1846 895 1902 fungi.

236 1898 268 1947 6
300 1901 456 1958 ³Apud
482 1908 587 1945 acta
615 1902 719 1959 imp.
754 1901 1032 1946 Theodosius
1060 1904 1111 1946 A.
1144 1902 1289 1946 dioeit:
1322 1902 1374 1944 In
1405 1901 1523 1945 omni

179 1957 379 2001 cessione
417 1958 634 2001 bonorum
672 1970 728 2001 ex
767 1958 966 2013 qualibet
996 1971 1133 2002 causa
1161 1957 1367 2001 facienda
1397 1971 1522 2001 scru-

176 2014 417 2069 pulositate
458 2013 657 2068 priorum
700 2013 846 2069 legum
893 2014 1105 2068 explosa⁴
1155 2014 1373 2070 professio
1426 2015 1523 2057 sola

178 2069 431 2125 quaerenda
459 2074 541 2113 est.
601 2069 727 2114 Idem
757 2070 902 2114 dixit:
935 2070 988 2114 In
1019 2070 1136 2114 omni
1168 2071 1366 2114 cessione
1397 2070 1521 2114 suffi-

179 2126 240 2169 cit
274 2126 516 2170 voluntatis
557 2126 654 2170 sola
690 2126 922 2182 professio.
989 2125 1045 2170 D.
1082 2126 1126 2172 lc.
1157 2125 1266 2170 Mai.
1309 2126 1520 2171 Honorio

179 2195 253 2238 np.
285 2187 330 2226 et
358 2180 538 2225 Euodio
570 2195 714 2226 conss.
1334 2187 1390 2236 [a.
1423 2186 1521 2235 386]

237 2235 264 2282 7
310 2236 423 2294 Imp.
457 2236 739 2282 Iustinianus
768 2240 818 2282 A.
854 2237 1035 2283 Iuliano
1069 2254 1151 2298 pp.
1223 2238 1333 2283 Cum
1371 2243 1416 2283 et
1443 2239 1523 2282 filii

180 2292 370 2336 familias
408 2292 582 2349 possint
616 2294 783 2337 habere
821 2295 1116 2349 substantias,
1161 2308 1274 2350 quae
1316 2295 1521 2351 patribus

180 2348 357 2404 adquiri
380 2349 540 2392 vetitae
570 2356 687 2401 sunt,
717 2362 800 2394 nec
829 2364 918 2394 non
948 2352 1171 2406 peculium
1195 2351 1264 2394 vel
1295 2356 1523 2394 castrense

181 2404 250 2448 vel
287 2404 403 2459 quod
441 2410 569 2460 patre
597 2405 771 2449 volente
804 2406 1053 2462 possident,
1095 2420 1231 2462 quare
1270 2407 1411 2450 cessio
1442 2408 1520 2450 bo-

181 2474 338 2504 norum
366 2461 430 2505 eis
461 2461 718 2516 deneganda
756 2462 842 2505 sit?
899 2475 1020 2515 cum,
1063 2464 1146 2506 etsi
1180 2462 1292 2505 nihil
1327 2463 1402 2505 in⁵
1441 2475 1522 2506 suo

182 2529 318 2560 censu
356 2516 403 2559 hi
441 2517 515 2573 qui
553 2517 600 2560 in
638 2521 862 2572 potestate
898 2524 1002 2561 sunt
1039 2524 1272 2574 parentum
1312 2518 1520 2571 habeant,

181 2580 342 2624 tamen,
373 2586 430 2616 ne
458 2573 685 2629 patiantur
714 2573 932 2627 iniuriam,
974 2574 1104 2618 debet
1132 2575 1351 2618 bonorum
1381 2574 1521 2618 cessio

181 2629 364 2672 admitti.
425 2629 464 2673 si
502 2630 616 2673 enim
656 2634 700 2674 et
736 2633 864 2685 pater
901 2630 1090 2674 familias
1127 2630 1425 2674 admittendus
1455 2636 1524 2674 est

181 2688 363 2740 propter
390 2685 649 2728 iniuriarum
685 2686 886 2730 timorem
922 2686 979 2728 ad
1019 2687 1231 2731 cessionis
1269 2686 1415 2730 flebile
1448 2699 1521 2730 ve-

182 2741 307 2784 niens
331 2740 623 2794 adiutorium,-
637 2755 773 2796 quare
797 2742 899 2785 filiis
922 2742 1112 2786 familias
1137 2743 1368 2797 utriusque
1390 2755 1522 2786 sexus

182 2798 267 2840 hoc
305 2797 375 2840 ius
414 2796 708 2851 denegamus?
778 2811 875 2841 cum
914 2799 1180 2853 apertissimi
1222 2798 1332 2842 iuris
1372 2804 1439 2842 est
1479 2803 1524 2842 et

182 2855 297 2896 inter
325 2857 477 2909 patres
508 2853 698 2896 familias
728 2859 773 2896 et
801 2854 945 2897 alieno
970 2854 1056 2898 iuri
1081 2854 1320 2907 subiectos,
1352 2854 1391 2899 si
1417 2855 1523 2910 quid

181 2914 337 2965 postea
367 2909 430 2952 eis
459 2909 664 2964 pinguius
694 2911 952 2962 accesserit,
990 2910 1077 2954 hoc
1105 2911 1267 2954 iterum
1295 2923 1436 2967 usque
1466 2911 1524 2954 ad

181 2964 360 3008 modum
405 2964 542 3008 debiti
583 2978 716 3020 posse
759 2979 787 3009 a
828 2966 1119 3010 creditoribus
1158 2967 1352 3023 legitimo
1390 2967 1522 3011 modo

180 3021 323 3065 avelli.
379 3019 435 3064 D.
467 3033 504 3065 Χ
535 3021 578 3064 lc.
610 3020 747 3065 Mart.
791 3021 1185 3080 Constantinopoli
1213 3029 1328 3082 post
1364 3036 1523 3067 consu-

182 3077 322 3121 latum
353 3075 593 3135 Lampadii
621 3084 665 3121 et
696 3076 867 3123 Orestis
895 3092 960 3122 vv.
992 3092 1053 3122 cc.
1334 3082 1390 3132 [a.
1423 3083 1521 3131 531]

240 3129 270 3178 8
301 3131 427 3175 Idem
450 3135 502 3175 A.
530 3131 726 3176 Iohanni
745 3148 830 3191 pp.
877 3133 986 3177 Cum
1013 3134 1143 3178 solito
1171 3147 1292 3178 more
1317 3148 1344 3178 a
1369 3138 1524 3179 nostra

184 3188 413 3230 maiestate
442 3189 628 3242 petitur,
671 3192 720 3231 ut
759 3189 816 3231 ad
846 3190 1108 3232 miserabilis
1140 3190 1352 3233 cessionis
1381 3191 1522 3234 bono-

182 3256 279 3285 rum
309 3243 506 3286 homines
534 3244 712 3286 veniant
751 3245 963 3287 auxilium
1001 3251 1045 3288 et
1084 3245 1239 3288 electio
1271 3245 1400 3288 detur
1428 3259 1521 3290 cre-

185 3299 399 3341 ditoribus
428 3298 497 3341 vel
527 3299 852 3354 quinquennale
883 3300 1075 3355 spatium
1107 3301 1168 3343 eis
1197 3300 1427 3354 indulgere
1455 3303 1524 3345 vel

183 3355 399 3399 bonorum
438 3354 641 3410 accipere
681 3357 945 3407 cessionem,
985 3356 1106 3398 salva
1141 3368 1293 3399 eorum
1322 3357 1525 3401 videlicet

185 3410 508 3454 existimatione
561 3415 606 3453 et
656 3411 772 3454 omni
820 3411 1042 3466 corporali
1084 3411 1287 3455 cruciatu
1330 3416 1521 3458 semoto:

186 3467 381 3522 quotidie
412 3466 719 3519 dubitabatur,
758 3467 795 3510 si
834 3467 1009 3522 quidam
1040 3481 1094 3510 ex
1125 3467 1419 3511 creditoribus
1446 3482 1521 3512 vo-

184 3522 348 3565 luerint
377 3522 723 3578 quinquennales
754 3523 860 3566 dare
887 3523 1106 3576 indutias,
1145 3523 1220 3566 alii
1259 3527 1406 3566 autem
1434 3524 1522 3568 iam

185 3591 304 3621 nunc
335 3579 574 3622 cessionem
611 3579 812 3633 accipere
851 3579 1006 3629 velint,
1046 3579 1121 3634 qui
1156 3578 1363 3622 audiendi
1402 3583 1521 3624 sunt.

191 3639 210 3677 1
270 3634 321 3676 In
360 3635 438 3676 tali
477 3634 628 3689 itaque
665 3635 940 3678 dubitatione
978 3635 1155 3678 minime
1185 3641 1395 3689 putamus
1425 3648 1523 3680 esse

185 3690 448 3743 ambiguum,
482 3691 599 3745 quod
629 3691 840 3734 sentimus
872 3697 917 3734 et
945 3691 1062 3746 quod
1091 3691 1391 3734 humaniorem
1421 3704 1520 3734 sen-

186 3746 368 3788 tentiam
397 3759 476 3800 pro
508 3745 683 3788 duriore
714 3747 934 3801 elegimus.
1001 3753 1045 3789 et
1085 3748 1327 3799 sancimus,
1368 3753 1417 3790 ut
1453 3747 1522 3803 vel

186 3815 241 3844 ex
281 3802 454 3844 cumulo
497 3801 632 3844 debiti
661 3802 727 3844 vel
765 3815 821 3845 ex
858 3815 1040 3846 numero
1081 3803 1346 3846 creditorum
1385 3815 1522 3846 causa

188 3861 212 3900 2
270 3857 502 3900 iudicetur.
547 3857 608 3900 Et
633 3858 670 3900 si
697 3858 868 3912 quidem
895 3872 1008 3902 unus
1036 3858 1227 3902 creditor
1255 3859 1352 3902 aliis
1382 3859 1521 3902 omni-

186 3915 269 3957 bus
299 3913 472 3968 gravior
501 3913 544 3955 in
575 3926 743 3956 summa
772 3913 908 3956 debiti
937 3913 1200 3966 inveniatur,
1238 3919 1289 3958 ut
1317 3914 1522 3958 omnibus

186 3970 231 4012 in
276 3982 412 4012 unum
457 3967 718 4012 coadunatis
762 3975 807 4012 et
850 3969 1007 4013 debitis
1052 3983 1202 4013 eorum
1255 3971 1521 4026 computatis

186 4026 283 4080 ipse
319 4025 430 4068 alios
470 4024 725 4078 antecellat,
764 4025 904 4079 ipsius
936 4026 1153 4069 sententia
1182 4026 1391 4079 obtineat,
1432 4027 1523 4071 sive

187 4081 411 4135 indulgere
447 4085 621 4135 tempus
660 4080 750 4123 sive
786 4080 1027 4124 cessionem
1054 4082 1256 4136 accipere
1286 4082 1519 4126 desiderat.

189 4141 213 4180 3
274 4137 322 4180 Si
351 4150 451 4180 vero
482 4137 628 4191 plures
659 4136 833 4191 quidem
861 4137 951 4179 sint
975 4137 1227 4187 creditores,
1257 4150 1312 4182 ex
1341 4138 1522 4182 diversis

189 4199 333 4236 autem
365 4192 699 4248 quantitatibus,
731 4195 777 4235 et
805 4205 923 4235 nunc
949 4193 1135 4247 amplior
1159 4193 1522 4237 debiticumulus

187 4249 346 4293 minori
374 4260 568 4291 summae
596 4247 889 4302 praeferatur,
919 4248 1008 4291 sive
1037 4261 1119 4303 par
1147 4249 1237 4292 sive
1267 4249 1521 4305 discrepans

189 4317 396 4348 numerus
426 4310 492 4347 est
523 4304 802 4353 creditorum,
833 4315 932 4346 cum
961 4317 1050 4347 non
1079 4317 1134 4347 ex
1162 4304 1520 4359 frequentissimo

190 4360 342 4404 ordine
370 4360 688 4414 feneratorum,
727 4359 806 4403 sed
843 4370 898 4401 ex
936 4359 1182 4415 quantitate
1221 4360 1358 4405 debiti
1386 4373 1523 4405 causa

190 4501 241 4551 (1)
270 4501 328 4541 sic
349 4500 398 4552 V,
429 4502 611 4541 detinere
633 4501 705 4542 CR
762 4501 870 4550 (2)oe
893 4497 1084 4549 O‘Rflm.
1116 4501 1239 4542 VC⁰2
1296 4501 1351 4552 (3)
1372 4501 1518 4541 =Ttr
1608 4501 1665 4550 (9)
1695 4519 1751 4535 =
1780 4502 1819 4547 4,
1850 4509 1902 4549 16,
1934 4509 1953 4540 6

191 4560 230 4606 4,
247 4564 305 4602 20,
323 4565 342 4596 3
403 4560 455 4608 (4)
471 4557 787 4610 scrupulositate
809 4569 849 4608 p.
875 4554 902 4594 l.
930 4554 1094 4607 explosa
1115 4571 1188 4596 om.
1211 4556 1281 4596 Th.
1340 4559 1394 4605 (5)
1410 4557 1456 4596 in
1479 4556 1520 4606 C,

192 4610 256 4650 vel
285 4611 330 4650 in
360 4611 400 4651 B.
513 4615 569 4664 (6)
603 4615 644 4654 Β
675 4617 712 4655 9.
746 4622 779 4663 7,
810 4622 855 4653 50
885 4627 992 4665 seqq.
1024 4635 1075 4640 -—
1112 4612 1173 4664 Cf.
1205 4613 1301 4665 Diq.
1335 4614 1404 4662 42,
1435 4622 1468 4653 5.
1500 4621 1520 4652 6

192 4667 245 4720 (7)
277 4667 501 4719 reportabis
530 4669 767 4710 Russardus
895 4668 952 4719 (8)
982 4668 1082 4708 haec
1117 4667 1160 4720 C,
1190 4668 1267 4708 hoc
1296 4667 1350 4720 R,
1382 4683 1455 4708 om.
1488 4667 1527 4709 P

276 4737 318 4771 ss.
950 4743 952 4745 ’

1526 185 1629 242 329

2625 190 2721 242 Vll
2757 193 2839 243 71.
2881 193 2943 241 72

1612 345 1637 383 4
1695 342 1948 385 trutinatur.
2019 340 2124 383 Pari
2167 346 2312 384 autem
2358 343 2603 398 quantitate
2647 343 2782 386 debiti
2826 344 2944 384 inve-

1610 398 1782 449 nienda,
1813 397 1979 452 dispari
2003 408 2105 440 vero
2134 397 2398 441 creditorum
2417 411 2611 450 numero,
2637 402 2745 441 tunc
2762 398 2947 452 amplior

1609 466 1715 508 pars
1748 453 2013 497 creditorum
2043 453 2255 504 obtineat,
2287 458 2348 507 ut,
2381 454 2499 508 quod
2524 454 2726 509 pluribus
2756 453 2944 508 placeat,

1610 513 1635 552 5
1702 509 1789 552 hoc
1834 513 2118 552 statueretur.
2198 508 2274 552 Sin
2316 523 2417 553 vero
2463 510 2658 564 undique
2702 508 2946 563 aequalitas

1611 568 1805 619 emergat
1841 571 1932 608 tam
1971 564 2104 607 debiti
2135 577 2266 618 quam
2302 567 2472 609 numeri
2513 564 2801 614 creditorum,
2838 569 2947 605 tunc

1611 631 1687 663 eos
1717 620 1947 675 anteponi,
1989 620 2063 675 qui
2103 620 2160 663 ad
2189 621 2490 664 humaniorem
2521 619 2742 662 declinant
2771 623 2946 661 senten-

1611 678 1636 717 6
1693 675 1802 718 tiam
1823 689 1911 719 non
1937 676 2180 719 cessionem
2203 677 2440 731 exigentes,
2465 675 2542 718 sed
2563 673 2769 716 indutias.
2813 672 2949 715 Nulla

1610 728 1784 826 ffliidem
1825 730 2070 774 differentia
2107 731 2223 774 inter
2260 730 2602 786 hypothecarios
2641 733 2685 770 et
2714 728 2823 770 alios
2854 739 2949 770 cre-

1643 784 1774 827 'tores
1806 791 2019 838 quantum
2049 787 2105 828 ad
2135 787 2251 828 hanc
2281 785 2539 829 electionem
2569 782 2866 826 observanda:
2903 782 2950 824 in

1608 840 1742 883 rebus
1773 843 1920 882 autem
1951 840 2097 882 officio
2126 841 2284 883 iudicis
2314 839 2557 894 partiendis
2587 850 2713 880 suam
2743 838 2830 880 vim
2859 837 2950 880 sin·

1608 894 1722 949 gulis
1755 894 2047 938 creditoribus
2077 894 2357 947 habentibus,
2394 907 2525 949 quam
2555 894 2617 936 eis
2646 893 2793 946 legum
2821 905 2950 948 prae-

1610 954 1633 993 7
1680 950 1816 994 stabit
1839 950 2004 1005 regula.
2049 949 2182 992 Nullo
2205 949 2477 1005 praeiudicio
2495 949 2762 992 creditorum
2778 948 2952 991 cuidam

1611 1019 1666 1049 ex
1696 1005 1984 1061 quinquennii
2011 1005 2222 1049 dilatione
2247 1005 2367 1048 circa
2391 1005 2679 1061 temporalem
2700 1003 2951 1060 praescrip-

1610 1062 1775 1106 tionem
1803 1061 2068 1118 generando.
2624 1065 2680 1112 [a.
2713 1063 2950 1111 531—532]

2172 1177 2392 1225 LXX11.⁶

1611 1262 1688 1300 DE
1718 1260 1883 1301 BONIS
1915 1259 2307 1303 AUCTORITATE
2343 1257 2556 1298 IUDICIS
2586 1257 2952 1299 POSSIDENDIS

1611 1316 1719 1357 SEU
1761 1315 2175 1358 VENUMDANDIS
2217 1315 2292 1356 ΕΤ
2336 1315 2413 1355 DE
2457 1313 2951 1354 SEPARATIONIBUS.

1670 1397 1693 1444 1
1739 1397 1852 1456 Imp.
1895 1398 2150 1442 Antoninus
2184 1399 2236 1441 A.
2267 1397 2455 1441 Atticae.
2522 1395 2576 1439 In
2616 1396 2746 1440 bonis
2789 1395 2953 1439 mortui

1610 1455 1827 1509 potiorem
1858 1468 1953 1499 esse
1985 1467 2164 1497 causam
2193 1452 2524 1509 legatariorum,
2563 1453 2638 1509 qui
2667 1466 2767 1496 eum
2797 1455 2954 1507 utpote

1610 1510 1817 1554 heredem
1849 1510 2081 1555 convenire
2110 1515 2375 1565 potuerunt,
2417 1521 2548 1564 quam
2576 1521 2752 1562 eorum,
2793 1508 2952 1563 quibus

1610 1566 1706 1621 ipse
1731 1567 1904 1622 legavit,
1932 1566 2213 1610 manifestum
2237 1572 2316 1619 est,
2343 1578 2442 1608 cum
2463 1565 2588 1620 prius
2612 1565 2804 1620 legatum
2826 1564 2953 1619 quasi

1611 1635 1686 1665 aes
1723 1623 1916 1666 alienum
1955 1622 2163 1678 exigitur,
2203 1623 2396 1676 legatum
2435 1627 2582 1664 autem
2623 1634 2651 1663 a
2678 1626 2851 1664 mortuo
2882 1632 2952 1664 re-

1609 1678 1765 1721 lictum
1795 1685 1898 1734 post
1927 1678 2064 1722 debiti
2094 1678 2414 1721 detractionem
2442 1677 2681 1720 inducitur.

1668 1731 1700 1778 2
1731 1733 1845 1791 lmp.
1880 1734 2138 1778 Gordianus
2167 1734 2217 1776 A.
2249 1733 2464 1776 Aristoni.
2523 1733 2609 1775 Est
2636 1732 2952 1776 iurisdictionis

1610 1794 1739 1832 tenor
1763 1790 2122 1845 promptissimus
2143 1788 2530 1843 indemnitatisque
2551 1788 2792 1831 remedium
2809 1788 2954 1832 edicto

1609 1845 1829 1899 praetoris
1859 1845 2151 1888 creditoribus
2186 1843 2462 1888 hereditariis
2499 1844 2860 1898 demonstratum,
2889 1848 2954 1895 ut,

1611 1900 1815 1954 quotiens
1870 1901 2197 1956 separationem
2249 1900 2466 1944 bonorum
2513 1900 2762 1955 postulant,
2818 1913 2956 1943 causa.

1611 1956 1790 2010 cognita
1824 1957 2075 2012 impetrent.
2151 1955 2467 2012 praeoptabis⁷
2513 1956 2647 2010 igitur
2694 1956 2954 2000 couvenien-

1608 2014 1699 2055 tem
1730 2012 1936 2057 desiderii
1965 2013 2032 2056 tui
2059 2012 2278 2064 fructum,
2319 2011 2357 2055 si
2390 2017 2435 2055 te
2465 2025 2556 2055 non
2585 2012 2795 2055 heredum
2824 2011 2955 2056 fidem

1611 2074 1833 2122 secutum,
1875 2069 1952 2113 sed
1992 2083 2047 2113 ex
2071 2069 2335 2113 necessitate
2364 2068 2422 2111 ad
2449 2068 2661 2111 iudicium
2691 2081 2766 2112 eos
2797 2081 2955 2124 provo·

1611 2137 1713 2168 care
1744 2125 2128 2170 demonstraveris.

1669 2178 1698 2227 3
1731 2180 1857 2225 Idem
1893 2184 1943 2226 A.
1980 2181 2266 2226 Claudianae.
2336 2181 2405 2224 Ex
2445 2184 2699 2234 contractu,
2742 2181 2820 2236 qui
2859 2193 2953 2224 ces·

1610 2236 1778 2280 sionem
1826 2251 1975 2282 rerum
2028 2238 2287 2290 antecessit,
2342 2237 2586 2281 debitorem
2639 2242 2792 2280 contra
2844 2236 2954 2280 iuris

1609 2293 1826 2336 rationem
1850 2295 2095 2347 convenies,
2129 2307 2230 2337 cum
2255 2307 2354 2336 eum
2379 2294 2579 2348 aequitas
2604 2293 2768 2335 auxilio
2793 2305 2954 2348 excep-

1609 2349 1742 2392 tionis
1784 2350 1955 2394 muniat
1994 2363 2048 2394 ac
2085 2355 2191 2393 tunc
2222 2350 2395 2392 demum
2423 2349 2631 2391 iteratam
2661 2348 2805 2403 possis
2837 2348 2952 2392 desi-

1610 2403 1766 2448 derare
1812 2406 2169 2458 conventionem,
2216 2419 2315 2448 cum
2354 2411 2524 2448 tantum
2564 2408 2721 2460 postea
2751 2404 2952 2458 quaesiit,

1610 2460 1730 2514 quod
1768 2461 2016 2515 praesidem
2054 2462 2111 2504 ad
2151 2462 2244 2504 eius
2282 2461 2348 2504 rei
2382 2460 2607 2504 licentiam
2652 2460 2811 2503 debeat
2849 2473 2952 2516 pro-

1608 2529 1798 2560 movere.

1666 2570 1699 2617 4
1729 2571 1874 2631 Impp.
1907 2571 2218 2618 Diocletianus
2257 2578 2300 2616 et
2328 2570 2642 2615 Maximianus
2671 2574 2762 2615 AA.
2795 2578 2841 2616 et
2872 2571 2943 2616 CC

1614 2626 1945 2672 Clearcltianae.
2015 2629 2195 2673 lncivile
2224 2632 2314 2680 est,
2355 2627 2474 2683 quod
2502 2627 2718 2682 postulas,
2758 2634 2807 2671 ut
2835 2641 2951 2672 unus

1611 2696 1665 2728 ex
1705 2684 2078 2740 chirographariis
2117 2684 2410 2728 creditoribus
2442 2683 2654 2727 debitoris
2684 2685 2802 2727 bona
2832 2697 2953 2727 com-

1608 2740 1803 2795 pellatur
1846 2742 2097 2797 suscipere,
2150 2741 2259 2785 satis
2312 2739 2472 2784 ceteris
2516 2739 2611 2783 eius
2659 2739 2953 2784 creditoribus

1609 2799 1824 2840 facturus.
2765 2800 2820 2848 [a.
2854 2799 2952 2848 293]

1667 2851 1696 2898 5
1730 2851 1856 2896 Idem
1885 2854 1980 2896 AA.
2013 2860 2058 2897 et
2089 2852 2165 2897 CC.
2198 2852 2449 2911 Abydonio.
2517 2852 2563 2895 Si
2593 2853 2711 2896 bona
2741 2851 2952 2896 debitoris

1609 2908 1678 2952 tui
1698 2921 1858 2952 vacare
1885 2912 2061 2953 constet
2087 2915 2129 2953 et
2153 2910 2296 2953 haec⁸
2324 2921 2352 2952 a
2380 2908 2488 2952 fisco
2519 2920 2609 2951 non
2638 2912 2950 2962 agnoscantur,

1609 2965 1654 3007 in
1684 2965 2010 3020 possessionem
2040 2978 2191 3010 eorum
2227 2965 2345 3008 mitti
2379 2967 2425 3008 te
2454 2977 2482 3007 a
2512 2964 2779 3019 competenti
2806 2964 2952 3008 iudice

1610 3028 1732 3064 recte
1761 3022 2024 3075 postulabis.
2083 3033 2200 3065 XVII
2225 3021 2268 3065 lc.
2302 3020 2401 3064 Ian.
2433 3021 2524 3063 AA.
2557 3033 2701 3062 conss.
2762 3024 2817 3070 [a.
2851 3022 2948 3070 293]

1668 3075 1699 3123 6
1729 3075 1855 3120 Idem
1882 3080 1974 3120 AA.
2005 3082 2050 3120 et
2081 3075 2157 3121 CC.
2185 3077 2498 3134 Aqatliemero.
2557 3075 2643 3118 Pro
2675 3075 2822 3118 debito
2853 3087 2949 3118 cre-

1610 3132 1775 3176 ditores
1813 3132 1961 3176 addici
1999 3133 2086 3176 sibi
2124 3133 2242 3176 bona
2281 3131 2493 3175 debitoris
2532 3144 2620 3174 non
2659 3131 2756 3174 iure
2794 3134 2949 3186 postu-

1607 3189 1716 3231 lant.
1775 3188 1892 3231 unde
1922 3189 1961 3231 si
1990 3189 2164 3243 quidem
2195 3187 2405 3231 debitoris
2444 3186 2510 3229 tui
2540 3186 2676 3230 ceteri
2707 3186 2950 3232 creditores

1608 3244 1779 3299 pignori
1809 3256 1879 3286 res
1913 3247 2194 3298 acceperunt,
2231 3244 2426 3298 potiores
2458 3254 2533 3285 eos
2571 3254 2703 3297 quam
2733 3245 2778 3286 te
2803 3243 2948 3286 chiro-

1612 3305 1631 3342 l
1678 3299 1963 3354 grapharium
1982 3300 2243 3342 creditorem
2259 3299 2413 3342 haberi
2427 3311 2516 3341 non
2539 3298 2790 3353 ambigitur.
2822 3298 2950 3354 Quod

1608 3355 1647 3399 si
1686 3355 1935 3409 specialiter
1964 3355 2031 3397 vel
2068 3355 2332 3410 generaliter
2369 3354 2535 3398 nemini
2562 3356 2807 3410 probentur
2835 3355 2948 3399 obli-

1607 3413 1737 3467 gatae
1767 3422 1820 3454 ac
1851 3411 1945 3453 sine
1975 3423 2234 3455 successore
2261 3411 2504 3455 communis
2529 3410 2702 3453 debitor
2726 3411 2795 3454 vel
2819 3411 2948 3455 heres

1608 3467 1701 3510 eius
1740 3465 1946 3518 decessit,
1989 3480 2079 3509 non
2118 3467 2296 3510 dominii
2334 3479 2482 3510 rerum
2511 3466 2830 3518 vindicatione,
2870 3467 2948 3511 sed

1607 3521 1887 3576 possessione
1913 3523 2129 3566 bonorum
2151 3523 2346 3578 itemque
2369 3522 2620 3566 venditIOne
2647 3523 2822 3578 aequali
2843 3537 2947 3578 por·

1607 3578 1728 3621 tione
1756 3591 1836 3632 pro
1866 3583 1963 3620 rata
1992 3577 2130 3622 debiti
2155 3579 2402 3634 quantitate
2424 3580 2626 3623 omnibus
2653 3578 2947 3623 creditoribus

1609 3633 1782 3676 consuli
1810 3638 1970 3688 potest.

1665 3687 1692 3734 7
1728 3689 1871 3732 ”Idem
1911 3691 2002 3733 AA.
2044 3696 2089 3734 et
2128 3689 2206 3734 CC.
2237 3690 2429 3734 Domno.
2499 3691 2544 3734 Si
2587 3703 2700 3734 uxor
2740 3695 2820 3733 tua
2862 3703 2944 3745 pro

1606 3745 1766 3788 triente
1794 3750 1954 3800 patruo
1986 3758 2066 3789 suo
2095 3746 2225 3790 heres
2255 3747 2402 3790 extitit
2430 3759 2511 3789 nec
2540 3746 2596 3789 ab
2628 3759 2679 3789 eo
2710 3745 2945 3801 quicquam

1608 3802 1779 3855 exigere
1822 3801 2046 3856 prohibita
2088 3808 2177 3854 est,
2226 3803 2423 3846 debitum
2466 3815 2493 3844 a
2533 3800 2821 3844 coheredibus
2861 3813 2943 3855 pro

1606 3858 1734 3900 besse
1763 3861 1912 3912 petere
1941 3871 2030 3900 non
2058 3858 2332 3912 prohibetur,
2375 3871 2474 3901 cum
2504 3858 2620 3899 ultra
2651 3869 2745 3899 eam
2775 3856 2942 3911 portio-

1606 3925 1706 3955 nem
1750 3925 1836 3967 qua
1880 3913 2097 3956 successit
2138 3915 2308 3957 actio²⁰
2356 3927 2445 3957 non
2490 3911 2799 3956 confundatur.
2873 3912 2943 3956 sin

1606 3973 1752 4011 autem
1783 3968 2021 4012 coheredes
2051 3969 2259 4013 solvendo
2291 3983 2379 4013 non
2410 3970 2509 4021 sint,
2540 3967 2760 4022 separatio
2789 3972 2943 4025 postu-

1606 4023 1698 4066 lata
1735 4024 1903 4067 nullum
1940 4024 1981 4067 ei
2019 4024 2226 4069 damnum
2261 4025 2358 4070 fieri
2394 4024 2606 4080 patiatur.
2676 4021 2730 4066 D.
2761 4022 2804 4066 lc.
2835 4022 2938 4066 Dec.

1609 4078 1687 4123 CC.
1719 4093 1861 4123 conss.
2755 4082 2811 4131 [a.
2844 4081 2940 4129 294]

1663 4133 1694 4182 8
1725 4134 1851 4179 Idem
1879 4137 1971 4179 AA.
2006 4142 2051 4180 et
2081 4135 2158 4181 CC.
2189 4135 2384 4180 Aelidae.
2444 4136 2495 4178 ln
2525 4133 2847 4189 possessionem
2876 4134 2942 4177 rei

1606 4190 1847 4235 servandae
1877 4204 1990 4235 uxor
2018 4191 2214 4236 defuncti
2242 4193 2309 4235 vel
2337 4191 2411 4234 alii
2442 4190 2682 4233 creditores
2712 4190 2832 4232 missi
2862 4190 2940 4232 do-

1604 4247 1785 4290 minium
1803 4260 1857 4290 ex
1871 4247 1956 4290 hac
1974 4260 2108 4292 causa
2124 4253 2324 4291 tenentes
2346 4247 2531 4301 adipisci
2547 4246 2722 4288 minime
2737 4251 2937 4300 possunt.

1606 4303 1698 4347 Sub
1724 4303 1795 4346 die
1825 4304 1920 4345 Vl¹¹
1948 4302 1991 4347 lc.
2017 4302 2116 4347 Ian.
2144 4302 2431 4347 Nicomediae
2458 4300 2535 4345 CC.
2560 4314 2702 4345 conss.
2758 4305 2813 4353 [a.
2840 4303 2938 4351 294]

1661 4356 1691 4405 9
1738 4357 1898 4402 ¹2Jdem
1935 4359 2027 4403 AA.
2067 4364 2114 4404 et
2152 4358 2229 4403 CC.
2267 4358 2451 4401 Aurelio
2468 4358 2502 4383 ¹³
2541 4354 2768 4400 Gerontio.
2830 4355 2938 4399 Cum

2669 4500 2738 4549 (¹1)
2768 4498 2843 4537 sub
2874 4497 2939 4538 die

2720 4557 2793 4604 (13)
2820 4566 2938 4592 aure·

2035 4543 2052 4558 ·
2096 4502 2169 4551 (10)
2199 4498 2345 4551 petitio
2377 4499 2402 4538 l.
2431 4514 2530 4550 qem-

1605 4568 1648 4594 v1
1679 4555 1727 4606 S,
1756 4567 1854 4594 xvn
1882 4555 1924 4595 P
2004 4557 2078 4607 (12)
2110 4558 2227 4608 iunye
2258 4557 2295 4605 3,
2323 4563 2375 4603 21,
2404 4563 2430 4593 ι.
2463 4556 2502 4602 4,
2529 4562 2588 4603 50,
2615 4563 2632 4594 τ

1605 4610 1665 4652 lio
1693 4615 1731 4659 4,
1765 4620 1822 4661 50,
1855 4620 1889 4659 7,
1920 4626 1990 4652 om.
2025 4612 2121 4653 libri

2551 4736 2604 4776 42
