3138 4776
147 159 221 200 DE
257 155 634 198 ALOENA-‘noim

144 296 434 356 praesentiam
465 295 533 341 tui
560 295 708 341 facere
738 309 825 340 non
885 293 1050 359 otuisti,
1082 297 1198 352 quod
1228 298 1311 342 sub
1330 302 1478 342 custo-

144 355 216 399 dia
243 353 419 397 militari
448 354 572 398 iussu
632 352 812 397 raesidis
873 352 1131 405 etmebaris,
1173 353 1303 410 idque
1330 355 1376 398 in
1405 366 1477 398 ve-

1474 139 1569 200 117

2600 145 2652 197 ΙΙ
2690 146 2892 199 53-55

1562 296 1786 352 praestitis
1815 292 1979 340 arbiter
2008 294 2174 341 electus
2206 300 2284 352 est,
2314 296 2401 342 hoc
2432 295 2562 342 etiam
2585 296 2747 351 addito,
2779 298 2893 354 quod

1563 357 1607 396 et
1634 353 1729 409 ipse
1757 353 1921 397 arbiter
1947 351 2240 396 iuramentum
2267 354 2490 419 praestitit
2526 367 2661 410 super
2688 355 2765 398 lite
2794 369 2895 399 cum

141 411 272 456 ritate
309 423 407 454 esse
445 409 592 467 praesi
625 410 635 419 “
674 405 925 464 provinciae
962 408 1239 463 probaveris,
1287 410 1477 467 accipies
1561 409 1680 452 omni
1717 409 1900 454 veritate
1936 407 2197 462 dirimenda,
2239 422 2332 454 eius
2373 409 2671 454 definitionem
2707 411 2895 454 validam

143 478 305 511 causae
343 465 715 510 instaurationem,
779 460 872 507 ΡΡ.
904 474 1009 507 5111
1042 462 1085 508 lc.
1129 464 1221 510 Oct.
1254 465 1395 512 Laeto
1435 469 1480 510 et
1561 465 1808 510 omnimodo
1839 463 2051 509 custodiri
2064 465 2098 490 ¹⁰
2136 470 2179 507 et
2207 478 2348 521 neque
2377 479 2501 510 reum
2530 479 2672 522 neque
2702 473 2897 510 actorem

144 521 323 568 Cereale
351 535 493 566 conss.
1290 527 1346 576 [a.
1378 524 1475 574 215]

197 574 228 626 3
267 576 414 637 Impp.
456 576 763 622 Diocletianus
800 579 844 620 et
881 573 1193 621 Maximianus
1229 580 1321 623 AA.
1362 576 1476 622 Pro·

141 633 244 679 culo
285 633 526 679 decurioni.
597 631 648 676 In
690 631 1012 683 contractibus,
1066 633 1140 688 qui
1191 634 1333 679 bonae
1374 632 1475 677 fidei

141 694 269 743 sunt,
308 689 442 735 etiam
477 687 717 733 maioribus
754 686 900 731 officio
937 686 1096 733 iudicis
1136 703 1271 734 eausa
1301 689 1475 745 cognita

141 746 320 803 publica
347 746 446 790 iura
473 743 747 789 subveniunt.
817 742 872 787 D.
903 756 1008 787 non.
1047 747 1158 803 Auq.
1192 746 1473 790 Diocletiano

142 804 192 848 A.
223 813 271 847 11
296 806 342 847 et
366 800 624 846 Aristobulo
653 811 796 844 conss.
1287 806 1342 855 [a.
1375 803 1472 850 285]

198 855 230 905 4
275 856 400 903 Idem
441 857 532 902 ΛΑ.
577 853 826 899 Prisciano.
900 854 990 899 Res
1034 857 1213 913 publica
1258 858 1472 901 minorum

142 913 237 959 iure
273 913 339 959 uti
376 912 490 958 solet
523 910 711 968 ideoque
749 911 962 955 auxilium
996 913 1290 959 restitutionis
1318 912 1471 968 implo-

139 982 240 1015 rare
281 972 440 1027 potest.
511 966 567 1011 D.
599 978 645 1011 11
683 966 742 1011 id.
789 967 902 1013 Nov.
938 967 1222 1014 Diocletiano
1253 971 1304 1014 A.
1347 980 1392 1012 11
1430 970 1475 1011 et

139 1025 398 1071 Aristobulo
427 1036 572 1068 conss.
1286 1029 1341 1078 [a.
1375 1025 1470 1074 285]

196 1079 227 1128 5
270 1079 394 1125 Idem
430 1079 522 1124 ΛΑ.
562 1082 609 1124 et
647 1077 726 1124 00.
757 1078 1006 1124 Liciniano.
1082 1081 1127 1124 Si
1171 1081 1226 1125 ab
1270 1079 1471 1125 hostibus

139 1148 240 1182 cum
313 1139 409 1180 atre
443 1147 497 1180 ac
532 1139 673 1179 matre
704 1140 884 1191 captus,
924 1141 1026 1194 post
1064 1137 1132 1181 his
1164 1137 1223 1181 ibi
1253 1135 1470 1180 defunctis

137 1191 243 1248 legis
318 1191 509 1236 omeliae
545 1191 757 1236 beneficio
801 1204 1001 1237 reversus
1048 1193 1350 1237 successiones
1396 1203 1468 1234 eo-

136 1261 232 1293 rum
261 1247 494 1305 quaesisti,
535 1248 733 1304 exemplo
763 1248 884 1293 utilis
914 1248 1114 1301 actionis,
1145 1261 1256 1305 quae
1284 1248 1330 1291 in
1358 1247 1468 1291 inte-

187 1317 261 1348 um
299 1303 512 1349 restitutis
543 1303 686 1358 datur,
726 1317 825 1348 cum
855 1305 1124 1361 exceptionis
1154 1316 1328 1348 annuae
1358 1314 1470 1367 quae

167 1359 240 1406 uic
279 1359 395 1405 obici
431 1360 544 1404 solet
582 1359 759 1404 obiectu
797 1374 868 1405 res
898 1361 1121 1405 vindicare
1148 1374 1236 1405 non
1266 1359 1469 1416 prohibe-

135 1415 210 1460 ris.
269 1414 325 1461 D.
357 1419 474 1460 ι’·νιῑ
502 1414 545 1460 lc.
576 1414 685 1460 Mai.
720 1415 797 1461 CC.
830 1431 974 1462 conss.
1107 1425 1110 1429 ’
1283 1420 1339 1468 [α.
1372 1417 1469 1466 294]

634 1587 773 1637 L1111
809 1586 973 1649 (ιη’

264 1666 653 1712 ALIENATIONE
699 1668 921 1766 {3342ss
973 1667 1233 1709 MUTANDI
1293 1669 1468 1711 CAUSA

189 1802 212 1852 1
249 1801 395 1864 Impp.
426 1804 738 1850 Diocletianus
774 1812 819 1851 et
846 1805 1158 1852 Maximianus
1186 1807 1278 1852 ΛΑ.
1312 1813 1359 1852 et
1389 1805 1466 1853 CC.

133 1857 303 1905 Catulo.
363 1859 472 1905 Cum
499 1861 546 1905 in
574 1874 666 1905 rem
696 1862 863 1907 actioni
924 1863 1113 1907 ossessio
1138 1864 1288 1920 pariat
1311 1863 1466 1909 adver-

129 1917 294 1960 sarium
306 1916 336 1968 ³,
367 1917 630 1962 alienatione
660 1920 793 1963 etiam
823 1919 869 1962 iu
904 1919 975 1963 'cii
1005 1920 1202 1963 mutandi
1232 1932 1369 1965 causa
1400 1933 1468 1965 ce-

130 1972 300 2016 lebrata
337 1972 383 2017 in
419 1972 636 2029 integrum
675 1975 896 2020 restitutio
938 1975 1080 2020 edicto
1122 1982 1337 2033 perpetuo
1368 1990 1466 2033 per-

130 2029 342 2082 mittatur,
371 2029 609 2084 intellegis,
647 2030 786 2087 quod,
817 2032 856 2076 si
885 2044 998 2086 rem,
1030 2045 1085 2076 ne
1115 2045 1265 2077 secum
1295 2038 1467 2089 agatur,

129 2085 202 2142 qui
231 2084 489 2142 possidebat
515 2087 793 2132 venumdedit
822 2092 866 2132 et
895 2088 1082 2144 emptori
1111 2088 1306 2143 tradidit,
1339 2103 1468 2146 quem

129 2142 309 2198 elegeris
340 2142 626 2187 conveniendi
661 2143 741 2187 tibi
779 2145 991 2188 tributam
1030 2157 1126 2190 esse
1155 2145 1250 2190 iure
1280 2145 1468 2190 faculta-

129 2202 230 2242 tem.
290 2196 345 2243 D.
383 2209 434 2241 vt
458 2197 502 2243 lc.
533 2197 662 2243 De0.⁴
688 2199 938 2246 Viminacio
972 2199 1049 2246 CC.
1082 2214 1224 2247 conss.
1286 2205 1343 2256 [a.
1369 2205 1467 2255 294]

134 1667 213 1712 nl

647 2372 735 2420 ΙΝ
773 2371 960 2435 (ΙΝψ

602 2450 679 2493 ΒΕ
710 2452 996 2496 RECEPTIS.

189 2531 212 2581 1
250 2531 363 2594 Imp.
403 2534 659 2580 Antoninus
696 2536 749 2581 Α.
781 2535 1078 2596 Nepotianae.
1145 2538 1218 2582 Ex
1252 2539 1472 2584 sententia

131 2589 286 2634 arbitri
316 2603 370 2635 ex
400 2591 716 2647 compromisso
746 2591 842 2638 iure
870 2593 1067 2649 perfecto
1095 2594 1204 2639 aditi
1228 2596 1472 2651 appellari⁶

131 2658 222 2690 non
260 2658 391 2703 posse
427 2659 560 2703 saepe
598 2648 863 2705 rescriptum
902 2655 990 2703 est,
1030 2651 1134 2707 quia
1172 2665 1253 2695 nec
1290 2651 1472 2696 iudicati

131 2702 247 2746 actio
277 2702 378 2747 inde
407 2703 626 2759 praestari
655 2709 804 2760 potest
833 2709 877 2749 et
905 2706 960 2751 ob
991 2707 1076 2751 hoc
1104 2708 1289 2751 invicem
1360 2721 1472 2752 oena

129 2757 421 2814 promittitur,
461 2763 513 2803 ut
550 2764 672 2804 metu
714 2761 806 2805 eius
843 2774 870 2804 a
899 2762 1072 2818 placitis
1103 2776 1192 2808 non
1220 2776 1320 2808 rece
1352 2767 1468 2808 atur.

130 2813 208 2858 sed
246 2814 284 2859 si
324 2814 442 2858 ultra
473 2814 587 2859 diem
617 2817 933 2874 compromisso
965 2821 1329 2875 comprehensum
1357 2820 1469 2864 iudi·

129 2875 276 2915 catum
319 2875 405 2925 est,
450 2872 668 2916 sententia
704 2873 828 2917 nulla
866 2879 947 2927 est,
988 2888 1069 2919 nec
1108 2876 1243 2920 ullam
1313 2889 1470 2921 oenam

131 2927 362 2971 committit
391 2928 466 2982 qui
494 2927 536 2973 ei
563 2941 653 2973 non
682 2930 894 2985 paruerit.
955 2929 1055 2976 ΡΡ.
1097 2933 1238 2976 V1111⁷
1311 2967 1320 2977 .
1352 2933 1468 2991 Auq.

130 2981 301 3028 Romae
328 2984 558 3029 Antonino
587 2986 640 3030 Α.
672 2997 764 3029 1111
791 2992 836 3030 et
863 2985 1061 3032 Balbino
1092 3002 1234 3033 conss.
1296 2993 1352 3043 [a.
1371 2992 1469 3042 213]

188 3035 219 3084 2
253 3037 430 3140 imppp.
457 3038 599 3085 Carus
617 3040 810 3087 Carinus
837 3047 881 3087 et
906 3042 1210 3090 Numerianus
1223 3047 1356 3090 ΑΑΑ.
1376 3043 1470 3091 Cle-

130 3101 278 3139 menti.
378 3109 395 3140 1
433 3100 590 3140 contra
638 3098 1000 3154 compromissum
1044 3101 1326 3146 adversarius
1366 3105 1470 3146 tuus

132 3150 250 3206 apud
287 3151 474 3195 electum
513 3152 729 3197 arbitrum
765 3157 1063 3209 praesentiam
1100 3158 1170 3200 sui
1205 3157 1354 3202 facere
1392 3157 1469 3202 de-

131 3207 353 3260 trectavit,
383 3206 574 3262 placitae
602 3221 773 3264 poenae
788 3209 960 3254 videtur
989 3213 1218 3258 obnoxius.
1263 3212 1358 3258 PP.
1380 3225 1475 3256 ΠΗ

132 3260 176 3306 lc.
208 3260 306 3306 Ian.
341 3260 456 3306 Caro
488 3269 534 3308 et
563 3262 728 3308 Carino
758 3278 901 3309 conss.
1282 3273 1338 3322 [a.
1371 3272 1469 3321 283]

190 3313 221 3365 3
255 3316 398 3383 Impp.
430 3316 741 3364 Diocletianus
774 3325 819 3365 et
856 3319 1164 3367 Maximianus
1193 3325 1285 3369 AA.
1317 3330 1361 3368 et
1391 3322 1470 3369 GC.

134 3371 388 3419 Petronzae.
455 3375 738 3419 Arbitrorum
786 3389 840 3420 ex
879 3379 1192 3434 compromisso
1229 3381 1473 3424 sententiae

135 3443 223 3475 non
253 3431 575 3486 obtemperans,
605 3431 646 3476 si
674 3432 825 3476 sordes
850 3434 917 3477 vel
943 3434 1118 3479 evidens
1147 3435 1292 3490 gratia
1320 3448 1472 3480 eorum

134 3487 208 3541 qui
245 3486 447 3531 arbitrati
484 3491 589 3530 sunt
627 3487 898 3541 intercessit,
937 3490 1147 3535 adversus
1185 3491 1321 3535 filiam
1350 3494 1473 3535 tuam

133 3549 333 3608 agentem
368 3555 422 3587 ex
459 3544 675 3599 stipulatu
714 3545 971 3600 exceptione
1001 3546 1090 3590 doli
1119 3547 1224 3590 mali
1254 3548 1318 3590 uti
1346 3552 1472 3601 pote·

133 3610 209 3641 ns.
263 3598 348 3663 ‘sed-
378 3601 449 3641 et⁸
477 3612 531 3643 ex
560 3600 648 3644 doli
679 3601 892 3654 clausula,
924 3615 1036 3658 quae
1069 3604 1373 3659 compromissi
1403 3607 1481 3650 sti-

166 3653 351 3697 ulatiom
372 3654 516 3699 subici
540 3656 665 3711 solet,
695 3657 831 3702 filiam
852 3664 975 3702 tuam
996 3662 1229 3704 convenire
1248 3674 1337 3705 non
1359 3667 1479 3706 veta-

166 3709 251 3752 eris
263 3710 293 3751 ⁹.
342 3708 434 3753 PP.
455 3722 524 3754 111
535 3711 592 3754 id.
611 3711 710 3756 Ian.
728 3714 842 3771 ipsis
855 3717 946 3758 AA.
966 3728 1109 3759 conss.
1137 3719 1192 3769 [a.
1205 3720 1286 3760 290
1297 3717 1367 3763 vel
1383 3721 1479 3771 293]

192 3761 228 3829 4.
264 3761 378 3828 Drap.
426 3763 707 3810 lastinianus
743 3769 794 3811 A.
836 3767 1127 3813 Demostheni
1159 3783 1244 3828 pp.
1318 3769 1387 3814 Ne
1428 3769 1474 3814 in

135 3818 322 3863 arbitris
373 3832 472 3864 cum
520 3822 783 3866 sacramenti
818 3823 1027 3879 religione
1072 3825 1282 3882 eligendis
1324 3825 1475 3882 periu-

137 3875 249 3918 rium
279 3876 576 3920 committatur
611 3883 657 3921 et
686 3878 815 3923 detur
851 3880 1030 3924 licentia
1068 3881 1248 3937 perfidis
1287 3882 1473 3926 homini-

134 3930 217 3976 bus
247 3931 412 3986 passim
441 3931 715 3979 definitiones
744 3934 938 3980 iudicum
973 3937 1164 3990 eludere,
1196 3938 1474 3983 sanctissimo

135 3987 318 4032 arbitrio
349 3994 393 4032 et
421 3987 672 4033 huiusmodi
698 4003 791 4034 rem
820 4004 1047 4037 censemus
1077 4006 1172 4038 esse
1210 4006 1474 4052 componen-

139 4047 156 4086 1
220 4043 334 4087 dam.
405 4044 450 4088 Si
486 4044 622 4099 igitur
656 4047 771 4090 inter
805 4052 1000 4093 actorem
1039 4054 1084 4094 et
1122 4062 1244 4094 reum
1274 4063 1356 4096 nec
1385 4063 1476 4095 non

135 4103 181 4143 et
217 4099 362 4155 ipsum
400 4100 589 4144 iudicem
627 4101 761 4146 fuerit
798 4115 1074 4159 consensum,
1113 4110 1164 4148 ut
1193 4119 1294 4150 cum
1325 4119 1474 4151 sacra·

138 4156 273 4200 menti
310 4156 517 4212 religione
552 4157 605 4203 lis
644 4158 878 4215 procedat,
918 4164 964 4205 et
1003 4160 1090 4218 ipsi
1128 4162 1303 4218 quidem
1331 4163 1474 4219 litiga-

137 4218 256 4260 tores
309 4213 486 4269 scriptis
529 4213 614 4258 hoc
663 4215 756 4259 suis
797 4216 999 4261 manibus
1043 4217 1112 4262 vel
1153 4231 1233 4274 per
1274 4219 1475 4276 publicas

137 4282 350 4326 personas
403 4269 659 4326 scripserint
706 4271 774 4314 vel
823 4271 943 4328 apud
983 4272 1128 4330 ipsum
1171 4274 1386 4319 arbitrum
1428 4275 1476 4319 in

138 4327 248 4372 actis
291 4326 472 4383 propria
517 4339 621 4371 voce
665 4327 967 4384 deposuerint,
1017 4329 1136 4386 quod
1186 4331 1475 4377 sacramentis

137 4473 186 4523 (1)
215 4485 296 4514 xvi
325 4473 441 4525 Hal,
470 4485 556 4513 xm
585 4472 625 4513 P
734 4472 788 4524 (2)
811 4470 855 4512 B
875 4473 939 4524 10,
964 4479 1023 4524 31,
1048 4481 1101 4516 18.
1119 4496 1170 4504 ——
1188 4471 1251 4528 CJ.
1267 4473 1368 4528 Diq.
1391 4476 1433 4525 4,
1448 4483 1468 4515 7

138 4528 192 4579 (3)
235 4530 294 4571 sic
336 4526 398 4571 R⁶
442 4543 526 4570 cum
565 4529 631 4580 B,
673 4528 878 4570 actionem
918 4540 959 4581 p.
980 4539 1021 4580 p.
1064 4527 1299 4572 adversario
1330 4529 1470 4572 PCR⁰

138 4586 192 4638 (4)
233 4586 321 4627 oet.
360 4585 578 4627 Mommsen
748 4587 801 4631 (5)
833 4584 877 4625 B
906 4586 946 4635 ¹1,
976 4592 1010 4624 2.
1049 4605 1106 4617 -
1147 4586 1209 4637 Cf:
1241 4585 1342 4640 th.
1372 4587 1410 4634 4,
1445 4593 1466 4628 s

140 4642 195 4693 (6)
227 4639 431 4695 appellare
463 4642 559 4683 libri
698 4643 752 4694 (7)
782 4641 841 4683 eie
872 4639 978 4694 liat,
1008 4652 1058 4681 xx
1089 4640 1130 4681 P
1252 4644 1309 4696 (8)
1337 4644 1379 4683 et
1408 4639 1467 4685 3⁰

299 4423 1566 4432 ,ww--m‘

1558 532 1691 574 posse
1735 520 1981 572 discedere,
2025 519 2104 564 sed
2145 525 2295 565 tenere
2338 523 2636 576 omnifariam,
2681 527 2896 578 quatenus

1560 577 1585 616 2
1643 576 1847 622 oboedire
1885 576 1925 621 ei
1963 576 2299 632 compellantur.
2358 578 2435 621 Sin
2470 583 2617 621 autem
2646 577 2700 620 de
2730 578 2896 620 arbitro

1559 630 1733 683 quidem
1771 633 1879 676 nihil
1917 632 2005 677 tale
2043 632 2177 676 fuerit
2210 634 2278 677 vel
2323 634 2614 688 compositum
2649 632 2719 675 vel
2759 632 2898 687 scrip-

1557 689 1663 738 tum,
1694 687 1816 742 ipsae
1846 693 1992 732 autem
2020 693 2170 745 partes
2200 689 2356 733 litteris
2395 690 2480 733 hoc
2509 687 2896 739 manifestaverint,

1558 740 1676 794 quod
1717 743 1953 787 iuramenti
1995 745 2181 788 nexibus
2225 758 2273 789 se
2316 744 2599 799 illigaverint‚
2651 747 2703 785 ut
2745 743 2899 786 arbitri

1557 797 1775 839 sententia
1804 802 1966 851 stetur,
2007 805 2052 844 et
2080 801 2126 843 in
2155 800 2377 855 praesenti
2408 812 2515 842 casu
2545 797 2794 841 omnimodo
2825 797 2898 840 de-

1555 849 1795 894 finitionem
1835 854 1988 896 arbitri
2027 855 2301 898 immutatam
2339 853 2524 904 servari,
2573 853 2735 896 litteris
2781 853 2899 896 vide-

1555 907 1660 950 licet
1688 918 1840 950 eorum
1870 908 2054 951 similem
2083 910 2168 952 vim
2198 909 2522 959 obtinentibus,
2562 908 2651 951 sive
2690 909 2747 951 ab
2776 909 2901 951 initio

1555 963 1641 1007 hoc
1669 961 1808 1006 fuerit
1835 962 1892 1006 ab
1923 963 1990 1005 his
2022 964 2236 1018 scriptum
2265 964 2334 1007 vel
2362 963 2564 1019 praefato
2604 964 2733 1007 modo
2766 964 2900 1020 depo-

1555 1018 1711 1072 situm,
1753 1019 1856 1061 dum
1886 1018 2054 1061 arbiter
2082 1019 2346 1072 eligebatur,
2387 1019 2477 1062 sive
2506 1024 2609 1074 post
2639 1019 2901 1063 definitivam

1555 1075 1819 1118 sententiam
1845 1074 1931 1118 hoc
1955 1074 2169 1128 scriptum
2195 1074 2456 1128 inveniatur,
2488 1075 2603 1130 quod
2629 1089 2729 1119 cum
2752 1089 2901 1120 sacra-

1554 1130 1690 1174 menti
1742 1129 1952 1185 religione
2006 1130 2099 1172 eius
2143 1130 2413 1173 audientiam
2456 1131 2645 1186 amplexi
2690 1138 2794 1178 sunt
2836 1134 2903 1177 vel

1554 1186 1674 1242 quod
1726 1199 1779 1231 ea
1828 1199 1941 1242 quae
1984 1189 2154 1230 statuta
2199 1190 2303 1229 sunt
2348 1187 2587 1242 adimplere
2630 1187 2899 1233 iuraverunt.

1555 1247 1580 1287 3
1639 1242 1727 1287 Sed
1755 1247 1800 1287 et
1828 1243 1866 1286 si
1894 1242 1989 1341 ipse
2019 1242 2141 1285 solus
2172 1243 2339 1286 arbiter
2361 1242 2447 1286 hoc
2473 1243 2767 1297 litigatoribus
2799 1259 2902 1301 pos·

1555 1298 1756 1344 centibus
1785 1303 1829 1342 et
1856 1311 1908 1342 ve
1956 1298 2134 1353 scriptis
2165 1298 2233 1342 vel
2263 1298 2625 1354 depositionibus,
2658 1306 2708 1343 ut
2737 1301 2902 1345 dictum

1554 1359 1633 1406 est,
1672 1354 1955 1399 manifestum
1986 1354 2253 1398 facientibus
2283 1355 2555 1409 praestiterit
2589 1357 2901 1410 iuramentum,

1555 1410 1672 1466 quod
1702 1425 1801 1455 cum
1831 1411 1949 1455 omni
1978 1411 2163 1454 veritate
2194 1411 2259 1454 liti
2289 1412 2551 1455 libramenta
2579 1413 2802 1468 imponat,
2847 1415 2903 1457 si-

1554 1467 1697 1510 milem
1734 1481 1832 1511 esse
1868 1467 2002 1511 etiam
2042 1467 2090 1510 in
2128 1467 2353 1523 praesenti
2401 1481 2507 1511 casu
2545 1470 2767 1524 prioribus
2808 1472 2903 1514 eius

1555 1522 1851 1568 definitionem
1882 1528 1926 1567 et
1954 1536 2052 1567 eam
2083 1523 2331 1567 omnimodo
2361 1524 2531 1579 legibus
2564 1538 2659 1568 esse
2680 1526 2899 1570 vallatam.

1554 1583 1580 1622 4
1637 1579 1700 1623 Et
1737 1580 1783 1624 in
1819 1581 1888 1624 his
1928 1579 2130 1624 omnibus
2171 1580 2349 1624 casibus
2388 1581 2521 1624 liceat
2549 1582 2616 1624 vel
2654 1582 2700 1625 in
2735 1581 2903 1626 factum

1553 1635 1629 1680 vel
1665 1637 1988 1681 condictionem
2026 1648 2081 1680 ex
2119 1636 2214 1692 lege
2252 1636 2320 1680 vel
2358 1635 2405 1679 in
2441 1651 2532 1680 rem
2576 1638 2727 1681 utilem
2777 1639 2901 1683 insti-

1552 1695 1699 1747 tuere,
1744 1692 1988 1737 secundum
2042 1691 2160 1748 quod
2203 1692 2312 1736 facti
2356 1693 2547 1748 qualitas
2598 1695 2900 1750 postulaverit,

1554 1752 1578 1791 5
1625 1748 1701 1792 Sin
1718 1754 1865 1793 autem
1881 1749 1927 1792 in
1944 1749 2167 1804 scriptura
2190 1748 2365 1804 quidem
2392 1754 2469 1792 aut
2497 1750 2770 1805 depositione
2794 1751 2904 1795 nihil

1552 1804 1644 1848 tale
1688 1808 1924 1862 appareat,
1971 1818 2060 1848 una
2099 1809 2250 1849 autem
2289 1818 2394 1861 pars
2434 1806 2580 1849 edicat
2608 1807 2902 1850 iuramentum

1554 1873 1652 1906 esse
1679 1862 1963 1918 praestitum,
2004 1868 2223 1917 quatenus
2263 1862 2464 1905 arbitrali
2495 1866 2639 1906 stetur
2668 1864 2901 1909 sententia.

1553 1917 1806 1962 huiusmodi
1857 1918 2127 1973 litigatorum
2171 1917 2240 1961 vel
2293 1918 2429 1962 solius
2476 1918 2634 1962 arbitri
2677 1932 2901 1963 sermones

1553 1974 1729 2018 minime
1759 1987 1856 2019 esse
1887 1974 2144 2026 credendos,
2177 1986 2278 2018 cum
2308 1979 2363 2027 et,
2404 1975 2440 2018 si
2472 1975 2568 2029 quis
2598 1974 2902 2019 iusiurandum

1553 2030 1706 2075 datum
1748 2044 1844 2075 esse
1883 2043 1971 2074 non
2011 2030 2157 2074 iudice
2193 2030 2425 2087 supposito
2457 2044 2538 2075 nec
2567 2032 2653 2075 hoc
2683 2032 2903 2089 scriptura

1552 2088 1748 2144 partium
1778 2092 1970 2131 testante
2002 2087 2282 2140 concesserit,
2313 2087 2472 2131 incerti
2504 2088 2752 2132 certaminis
2785 2102 2902 2132 com-

1553 2144 1739 2201 positio,
1780 2157 1894 2200 quae
1932 2143 2049 2187 inter
2077 2143 2275 2187 homines
2305 2144 2533 2198 imperitos
2564 2157 2697 2200 saepe
2727 2145 2901 2197 accidit,

1553 2213 1643 2245 non
1682 2200 1846 2256 aliquid
1885 2201 2071 2244 robur¹¹
2111 2199 2317 2243 iudicatis
2347 2199 2524 2252 inferat,
2566 2201 2720 2245 sedin
2750 2201 2902 2245 huius-

1553 2256 1672 2301 modi
1702 2270 1809 2301 casu
1838 2257 1950 2300 haec
1982 2256 2231 2308 obtineant,
2273 2268 2386 2311 quae
2423 2262 2592 2301 veteres
2623 2270 2755 2312 super
2785 2258 2903 2301 arbi-

1555 2318 1580 2358 6
1653 2312 1733 2357 tris
1788 2313 1996 2368 eligendis
2040 2315 2296 2356 sanxerunt.
2380 2312 2426 2356 Si
2471 2313 2568 2368 quis
2610 2319 2759 2357 autem
2802 2320 2904 2369 post

1555 2368 1710 2413 arbitri
1746 2368 2043 2412 definitionem
2082 2367 2396 2424 subscripserit
2434 2371 2642 2424 ἐμμένειν
2682 2370 2749 2413 vel
2787 2384 2902 2411 στοι-

1553 2429 1648 2479 χεῖν
1676 2424 1745 2468 vel
1774 2422 1974 2483 πληροῦν
2002 2424 2071 2467 vel
2100 2422 2252 2467 πάντα
2281 2427 2429 2466 ποιεῖν
2453 2424 2520 2468 vel
2549 2420 2725 2467 διδόναι
2747 2425 2902 2475 (Grae-

1557 2482 1619 2526 cis
1658 2481 1773 2525 enim
1801 2480 2029 2524 vocabulis
2060 2479 2171 2523 haec
2203 2492 2411 2524 enarrare
2450 2485 2635 2535 propter
2666 2486 2900 2524 consuetu-

1556 2538 1702 2582 dinem
1730 2537 1881 2581 utilius
1909 2536 2051 2580 visum
2081 2540 2178 2589 est),
2210 2536 2294 2579 etsi
2323 2549 2413 2580 non
2442 2536 2654 2580 adiecerit
2683 2533 2903 2596 ὁμολογῶ,

1557 2599 1601 2638 et
1639 2594 1703 2638 sic
1743 2593 1990 2637 omnimodo
2020 2604 2101 2648 per
2130 2592 2348 2635 actionem
2377 2592 2423 2635 in
2454 2591 2623 2635 factum
2655 2606 2754 2636 eum
2784 2607 2902 2637 com-

1553 2650 1660 2707 pelli
1696 2662 1749 2694 ea
1786 2649 1937 2693 facere
1974 2648 2133 2704 quibus
2165 2648 2400 2692 consensit.
2461 2649 2601 2703 qualis
2633 2649 2748 2692 enim
2779 2649 2902 2694 diffe-

1554 2707 1697 2751 rentia
1727 2710 1817 2759 est,
1853 2705 1891 2750 si
1929 2704 2181 2748 huiusmodi
2212 2704 2354 2748 verbis
2395 2705 2525 2748 etiam
2565 2701 2769 2764 ὁμολογῶ
2807 2705 2902 2765 adi?

1557 2763 1702 2807 ciatur
1758 2762 1828 2805 vel
1891 2761 2146 2805 huiusmodi
2215 2760 2478 2803 vocabulum
2547 2763 2872 2805 transmittatur
2883 2764 2902 2804 ’ἐ

1555 2823 1578 2862 Ἰ
1640 2818 1687 2863 Si
1716 2818 1831 2862 enim
1860 2818 1994 2861 verba
2024 2821 2238 2861 consueta
2267 2815 2602 2872 stipulationum
2639 2821 2685 2861 et
2713 2818 2901 2870 subtilis,

1553 2876 1685 2919 immo
1715 2874 1855 2930 magis
1886 2885 2164 2929 supervacua
2194 2872 2445 2917 observatio
2475 2873 2531 2916 ab
2562 2874 2666 2916 aula
2690 2886 2902 2917 concessa

1554 2937 1635 2985 est,
1666 2944 1762 2983 nos,
1792 2930 1916 2986 qui¹2
1946 2942 2087 2985 nuper
2109 2929 2277 2984 legibus
2307 2942 2335 2973 a
2355 2928 2484 2973 nobis
2511 2929 2741 2986 scriptis¹³
2765 2930 2902 2973 multa

1553 2987 1662 3032 vitia
1699 2986 2035 3043 stipulationum
2062 2985 2311 3042 multasque
2351 2985 2560 3041 ambages
2594 2986 2902 3041 scrupulosos-

1555 3056 1640 3101 que
1679 3043 1889 3088 circuitus
1920 3042 2214 3095 correximus,
2256 3055 2335 3085 cur
2372 3055 2463 3085 non
2501 3041 2621 3085 etin
2651 3042 2904 3086 huiusmodi

1555 3100 1778 3156 scriptura
1804 3104 1946 3143 totam
1974 3098 2249 3142 formidinem
2279 3097 2439 3142 veteris
2468 3097 2576 3140 iuris
2608 3105 2902 3152 amputamus,

1554 3162 1627 3209 ut,
1673 3155 1711 3200 si
1754 3155 1851 3210 quis
1898 3154 2010 3198 haec
2046 3153 2274 3209 scripserit
2312 3153 2380 3196 vel
2417 3166 2554 3196 unum
2595 3164 2650 3196 ex
2687 3153 2777 3205 his,
2824 3154 2903 3197 ad-

1556 3211 1782 3267 quiescere
1818 3210 1880 3254 eis
1924 3209 2214 3263 compellatur
2253 3212 2297 3251 et
2334 3220 2387 3252 ea
2427 3208 2485 3252 ad
2524 3208 2729 3252 effectum
2762 3209 2902 3253 omni-

1554 3268 1684 3311 modo
1729 3266 1973 3321 perducere
1988 3265 2048 3307 ¹⁴?
2121 3276 2219 3307 cum
2264 3277 2353 3307 non
2406 3268 2474 3308 est
2515 3265 2748 3310 verisimile
2792 3265 2903 3310 haec

1555 3326 1739 3381 propter
1775 3321 1862 3364 hoc
1900 3319 2151 3386 scripsisse,
2192 3322 2244 3363 ut
2280 3324 2450 3363 tantum
2491 3333 2580 3364 non
2611 3321 2900 3376 contradicat,

1556 3379 1634 3424 sed
1665 3382 1715 3422 ut
1743 3376 1876 3420 etiam
1907 3389 1959 3420 ea
1988 3376 2190 3431 impleat,
2231 3374 2442 3420 adversus
2479 3388 2595 3433 quae
2636 3378 2808 3421 obviam
2837 3378 2902 3423 ire

1556 3448 1646 3479 non
1675 3436 1838 3489 potest.
1882 3431 2091 3476 Recitata
2121 3432 2310 3488 septimo
2345 3432 2541 3477 miliario
2571 3433 2620 3476 in
2648 3447 2766 3478 novo
2798 3447 2902 3479 con-

1555 3490 1741 3534 sistorio
1762 3488 1934 3547 palatii
1963 3486 2219 3532 Iustiniani.
2278 3486 2333 3532 D.
2357 3499 2427 3532 111
2452 3487 2494 3532 lc.
2523 3488 2635 3534 Nou.
2668 3488 2807 3534 Decio
2838 3504 2901 3535 ve.

1558 3559 1678 3591 cons.
2714 3550 2770 3598 [a.
2805 3550 2901 3598 529]

1613 3600 1644 3648 5
1683 3599 1844 3644 ¹⁵Idem
1891 3601 1942 3644 Α.
1988 3598 2168 3644 Iuliano
2201 3615 2288 3666 pp.
2362 3601 2472 3644 Cum
2513 3605 2644 3645 antea
2685 3602 2898 3645 sancitum

1556 3657 1707 3702 fuerat
1740 3656 1788 3700 in
1817 3655 1996 3700 arbitris
2025 3656 2256 3713 eligendis,
2298 3670 2408 3712 quos
2438 3670 2580 3713 neque
2608 3670 2752 3712 poena
2783 3671 2898 3701 com-

1558 3711 1765 3770 promissi
1807 3712 2002 3756 vallabat
2043 3725 2186 3769 neque
2229 3712 2361 3756 iudex
2406 3712 2610 3766 dederat,
2658 3713 2734 3756 sed
2784 3715 2902 3756 nulla

1557 3769 1852 3826 praecedente
1890 3768 2109 3812 sententia
2149 3769 2391 3814 communis
2431 3769 2607 3823 electio,
2648 3771 2699 3812 ut
2727 3769 2771 3811 in
2802 3769 2900 3812 illo-

1557 3839 1658 3870 rum
1699 3824 1920 3870 sententia
1962 3827 2123 3879 stetur,
2169 3825 2457 3880 procreabat,
2511 3825 2549 3869 si
2601 3824 2775 3880 quidem
2819 3837 2900 3879 pro

1557 3886 1687 3939 parte
1723 3881 1902 3948 pulsata
1930 3879 2071 3925 forma
2101 3880 2326 3925 arbitralis
2355 3880 2634 3936 procederet,
2675 3880 2899 3936 exceptio-

1557 3951 1660 3982 nem
1697 3949 1739 3980 ei
1775 3936 1909 3981 veluti
1943 3937 2064 3993 pacti
2098 3936 2319 3993 generari,
2361 3937 2428 3979 sin
2461 3941 2606 3980 autem
2635 3949 2718 3991 pro
2748 3941 2901 3979 actore

1558 3993 1758 4038 calculus
1793 3997 2054 4049 poneretur,
2095 3993 2202 4036 nihil
2240 4006 2293 4035 ex
2333 4005 2384 4036 eo
2424 3992 2664 4049 procedere
2703 3991 2744 4035 ei
2772 4004 2898 4046 prae-

1558 4050 1683 4094 sidii:
1727 4049 1948 4093 sancimus
1992 4049 2038 4092 in
2082 4061 2156 4093 eos
2194 4048 2405 4100 arbitros,
2453 4061 2562 4102 quos
2599 4047 2899 4103 praediximus

1558 4110 1603 4150 et
1648 4117 1758 4162 quos
1799 4104 1903 4150 talis
1949 4117 2191 4150 consensus
2236 4103 2414 4159 elegerit
2456 4104 2539 4147 sub
2585 4116 2634 4147 eo
2674 4108 2807 4159 pacto
2853 4103 2897 4145 in

1557 4161 1738 4228 scriptis
1767 4160 1836 4206 vel
1862 4174 1952 4206 non
1979 4162 2025 4204 in
2055 4160 2233 4217 scriptis
2262 4160 2437 4212 habito,
2475 4163 2526 4202 ut
2562 4172 2714 4203 eorum
2743 4159 2898 4203 defini-

1557 4218 1671 4263 tiom
1699 4221 1854 4271 stetur,
1885 4218 1922 4262 si
1952 4216 2126 4274 quidem
2157 4216 2514 4271 subscripserint,
2554 4219 2789 4271 postquam
2820 4214 2894 4258 de-

1556 4273 1702 4318 finitio
1740 4273 1963 4330 procedit,
2007 4273 2126 4329 quod
2164 4286 2254 4316 non
2284 4271 2487 4328 displicet
2515 4271 2728 4315 ambabus
2755 4271 2897 4335 parti-

1557 4330 1645 4374 bus
1689 4342 1840 4374 eorum
1884 4331 2123 4382 sententia,
2167 4342 2256 4373 non
2300 4329 2443 4373 solum
2480 4340 2555 4371 reo
2594 4330 2897 4382 exceptionem

1558 4487 1641 4514 cum
1671 4471 1730 4523 B,
1759 4487 1831 4513 om.
1866 4471 1962 4514 012⁰
2048 4472 2106 4526 (9)
2136 4473 2195 4513 sic
2223 4470 2279 4521 R,
2310 4469 2560 4511 dubit<2veris
2593 4470 2626 4511 C
2694 4471 2771 4522 (10)
2802 4484 2896 4511 cen-

1556 4540 1691 4568 semus
1719 4529 1793 4569 ins.
1829 4527 1883 4569 0¹
1996 4529 2064 4579 (11)
2094 4527 2222 4568 robur
2251 4528 2360 4577 dett„
2391 4526 2514 4566 robus
2545 4523 2617 4577 Rb,
2646 4526 2770 4567 rebus
2799 4527 2894 4569 012⁰

1556 4585 1633 4636 (12)
1648 4582 1876 4625 observatio
1891 4583 2047 4625 aboleri
2063 4596 2097 4626 c.
2115 4586 2173 4624 est
2189 4595 2343 4634 nosque
2356 4583 2571 4625 Mommsen
2628 4582 2699 4633 (13)
2718 4585 2757 4634 6,
2768 4591 2826 4634 23,
2837 4593 2893 4625 25.

1555 4641 1596 4693 8,
1626 4648 1682 4692 37,
1715 4649 1747 4681 n
1862 4640 1935 4692 (ιιι)
1964 4639 2188 4693 producere
2223 4640 2317 4681 CR⁰
2437 4639 2509 4691 (15)
2541 4639 2658 4694 iunqe
2687 4640 2726 4694 4,
2757 4648 2816 4691 πο,
2848 4649 2892 4681 20
