3094 4732
199 152 272 191 DE
306 151 509 189 MORTIS
546 151 720 190 CAUSA
757 148 1173 189 DONA'PIONIBUS

194 292 336 333 tretur
365 288 647 333 tribuendum
677 302 796 344 esse,
834 300 934 332 cum
966 286 1098 331 etiam
1127 286 1234 342 illis,
1276 301 1388 344 quae
1421 287 1530 343 iure,

1528 133 1637 192 367

2590 142 2712 194 VIII
2750 144 2954 195 55-58

1614 303 1752 347 passa
1795 293 1886 344 est,
1930 303 2031 335 cum
2073 289 2160 335 divi
2198 292 2346 336 Severi
2386 295 2700 340 constitutione
2740 296 2871 340 etiam
2910 295 2957 339 in

194 344 411 389 secundas
449 350 598 389 tamen
643 345 961 390 contraxerunt
998 342 1198 397 nuptias,
1238 344 1346 388 nihil
1379 357 1436 388 ex
1463 345 1533 389 his
1615 346 1768 391 mortis
1810 359 1947 391 causa
1984 345 2319 403 donationibus,
2361 350 2399 393 si
2432 350 2485 394 de
2515 356 2661 396 cetero
2691 351 2956 408 patrimonio

191 400 430 498 {rivilegiis
469 402 685 445 tributum
724 413 821 445 esse
859 399 1099 444 vellemus?
1156 399 1210 443 D.
1243 413 1323 444 ΧΗ
1358 399 1400 444 lc.
1437 400 1530 445 Oet.

232 455 395 500 imenio
425 463 470 501 et
500 457 723 502 Catullino
754 469 897 501 eonsS.
1344 461 1399 510 [a.
1433 460 1531 509 349]

249 508 279 558 8
316 511 456 556 ¹Idem
487 515 577 557 AA.
622 513 683 556 ad
714 510 902 568 Orfitum
932 525 1014 567 pu.
1084 510 1129 554 Si
1165 526 1372 568 umquam
1401 513 1532 557 liber-

191 567 249 611 tis
287 572 502 623 patronus
537 568 652 612 filios
691 580 780 612 non
806 566 976 610 habens
1012 567 1127 610 bona
1158 569 1303 612 omnia
1332 569 1400 612 vel
1427 581 1531 624 par-

191 627 279 666 tem
318 624 511 680 aliquam
547 624 812 668 facultatum
844 621 981 666 fuerit
1010 622 1245 668 donatione
1274 625 1458 680 largitus
1490 627 1534 667 et

191 685 347 734 postea
387 679 636 736 susceperit
673 679 862 731 liberos,
907 681 1051 722 totum
1095 679 1304 736 quidquid
1349 679 1534 735 largitus

190 735 326 780 fuerit
367 738 616 780 revertatur
655 734 702 778 in
745 733 940 778 eiusdem
981 734 1206 779 donatoris
1251 736 1435 780 arbitrio
1479 746 1535 779 ac

191 791 362 836 dicione
391 804 662 836 mansurum.
722 789 775 834 D.
812 802 842 833 V
866 789 906 833 lc.
937 791 1079 849 April.
1097 792 1332 836 Arbitione
1360 796 1405 836 et
1427 789 1531 834 Lol-

191 848 314 892 liano
346 861 488 892 conss.
1344 851 1400 900 [a.
1434 849 1530 898 355]

245 901 277 950 9
323 901 490 962 ’Impp
535 901 813 946 Theodosius
856 908 898 946 et
949 902 1290 947 Valentinianus
1335 903 1426 947 AA.
1473 901 1536 946 ad

188 964 404 1003 senatum.
463 957 740 1002 Donationes
772 957 891 1002 circa
921 958 1056 1001 filium
1086 958 1288 1013 filiamve,
1328 962 1533 1014 nepotem

189 1026 244 1057 ne
276 1017 436 1069 temve,
489 1017 778 1070 pronepotem
830 1020 1147 1070 proneptemve
1199 1014 1534 1070 emancipatos³

191 1027 436 1114 celebratas
466 1074 596 1135 pater
625 1082 704 1113 seu
734 1082 841 1113 avus
868 1070 935 1113 vel
965 1083 1157 1126 proavus
1195 1082 1404 1115 revocare
1443 1082 1533 1114 non

187 1125 351 1180 poterit
393 1126 481 1169 nim
523 1126 692 1169 edoctis
737 1125 1103 1171 manifestissimis
1147 1126 1316 1181 causis,
1371 1126 1532 1181 quibus

187 1194 285 1225 eam
324 1193 561 1237 personam
600 1182 646 1225 in
686 1195 816 1236 quam
856 1183 1018 1226 collata
1058 1182 1237 1226 donatio
1278 1187 1346 1226 est
1379 1186 1533 1226 contra

185 1236 328 1292 ipsam
358 1236 506 1282 venire
534 1237 744 1294 pietatem
775 1241 819 1282 et
844 1251 898 1282 ex
922 1239 1067 1283 causis
1093 1251 1206 1294 quae
1228 1237 1400 1294 legibus
1427 1250 1532 1281 con·

185 1293 385 1337 tinentur
413 1293 551 1338 fuisse
582 1294 805 1338 constabit
831 1295 1060 1350 ingratam.
1121 1294 1177 1338 D.
1207 1306 1301 1338 VIII
1327 1294 1386 1338 id.
1418 1293 1531 1338 Nov.

185 1347 430 1394 Ravennae
475 1349 723 1394 Theodosio
771 1363 852 1394 XII
893 1356 938 1395 et
988 1350 1304 1395 Valentiniano
1350 1361 1398 1393 η
1437 1349 1530 1394 AA.

186 1416 332 1449 conss.
1360 1419 1400 1450 a.
1432 1409 1514 1449 426

245 1459 309 1509 10
341 1460 475 1520 ⁴Imp.
509 1460 792 1506 lastinianus
820 1463 872 1506 A.
905 1461 1087 1506 Iuliano
1109 1477 1193 1520 pp.
1255 1408 1534 1505 Gederaliteil·

185 1517 410 1562 sancimus
463 1531 614 1562 omnes
667 1518 926 1562 donationes
971 1519 1066 1574 lege
1111 1517 1338 1562 confectas
1384 1517 1532 1560 firmas

185 1573 468 1629 illibatasque
505 1587 706 1627 manere,
750 1575 788 1619 si
825 1587 916 1618 non
945 1572 1197 1617 donationis
1229 1578 1437 1629 acceptor
1466 1573 1531 1615 in-

184 1633 336 1685 gratus
375 1630 495 1674 circa
535 1631 794 1675 donatorem
831 1629 1105 1683 inveniatur,
1150 1629 1214 1672 ita
1258 1634 1309 1672 ut
1347 1629 1533 1672 iniurias

185 1690 359 1730 atroces
387 1686 434 1729 in
462 1699 562 1730 eum
593 1686 791 1730 effundat
814 1686 882 1729 vel
910 1697 1068 1728 manus
1092 1685 1251 1740 impias
1275 1685 1442 1729 inferat
1465 1685 1532 1727 vel

182 1742 384 1786 iacturae
427 1743 586 1786 molem
626 1755 680 1785 ex
717 1741 886 1785 insidiis
924 1741 1016 1785 suis
1055 1741 1249 1796 ingerat,
1292 1753 1404 1795 quae
1442 1753 1534 1784 non

184 1797 322 1842 levem
361 1810 538 1842 sensum
577 1797 856 1842 substantiae
892 1796 1122 1840 donatoris
1157 1797 1343 1852 imponit
1370 1796 1441 1839 vel
1469 1796 1531 1838 vi-

183 1859 257 1898 tae
295 1854 541 1909 periculum
581 1853 750 1908 aliquid
790 1853 830 1896 ei
858 1852 1060 1896 intulerit
1087 1851 1156 1895 vel
1186 1851 1399 1907 quasdam
1428 1864 1532 1899 cou-

183 1909 410 1953 ventiones
455 1909 547 1953 sive
589 1908 636 1952 in
679 1908 856 1964 scriptis
897 1908 1126 1951 donationi
1167 1907 1398 1963 impositas
1443 1908 1534 1951 sive

183 1967 279 2009 sine
318 1964 496 2021 scriptis
526 1965 724 2017 habitas,
767 1976 877 2019 quas
907 1964 1158 2008 donationis
1189 1967 1400 2019 acceptor
1429 1976 1532 2020 spor

189 2026 201 2064 1
268 2020 445 2078 pondit,
486 2021 663 2064 minime
701 2020 886 2076 implere
923 2020 1127 2064 voluerit.
1195 2019 1268 2063 Ex
1306 2019 1376 2064 his
1417 2019 1534 2063 enim

183 2077 487 2122 tantummodo
529 2077 701 2130 causis,
739 2077 778 2121 si
813 2076 981 2120 fuerint
1018 2077 1065 2119 in
1102 2075 1297 2120 iudicio⁵
1327 2075 1533 2120 dilucidis

183 2133 452 2189 argumentis
491 2133 843 2189 cognitionaliter
879 2133 1175 2189 adprobatae‚
1221 2132 1355 2176 etiam
1394 2131 1532 2176 dona-

183 2191 326 2233 tiones
364 2189 411 2233 in
450 2202 527 2233 eos
563 2189 709 2233 factas
747 2189 882 2233 everti
912 2188 1215 2242 concedimus,
1256 2200 1312 2232 ne
1352 2187 1410 2233 sit
1439 2188 1532 2232 cui-

185 2245 286 2289 dam
328 2245 510 2289 licentia
553 2247 598 2288 et
641 2244 809 2289 alienas
853 2258 925 2289 res
967 2257 1126 2300 capere
1166 2250 1209 2288 et
1248 2244 1533 2299 fragilitatem

183 2301 330 2345 ridere
369 2301 614 2355 donatoris,
656 2306 701 2344 et
735 2300 899 2344 iterum
936 2301 1082 2356 ipsum
1118 2300 1376 2344 donatorem
1406 2313 1532 2344 suas-

185 2371 271 2414 que
299 2370 371 2402 res
398 2357 586 2414 perdere
615 2361 660 2401 et
688 2356 900 2412 praefatis
930 2357 1058 2400 malis
1097 2357 1153 2400 ab
1188 2356 1363 2412 ingrato
1394 2356 1532 2400 dona-

185 2418 209 2458 2
269 2413 404 2458 tionis
445 2418 684 2469 acceptore
727 2412 871 2456 adfici.
945 2412 1069 2456 Haec
1107 2417 1256 2456 tamen
1296 2424 1437 2468 usque
1476 2411 1534 2455 ad

185 2470 349 2526 primas
379 2482 592 2526 personas
622 2468 925 2512 tantummodo
956 2473 1077 2512 stare
1116 2480 1369 2521 censemus,
1409 2467 1534 2511 nulla

184 2527 363 2570 licentia
399 2525 683 2570 concedenda
727 2524 955 2569 donatoris
1000 2524 1334 2569 successoribus
1378 2523 1532 2567 huius-

184 2582 302 2627 modi
340 2582 712 2637 querimoniarum
749 2580 1037 2637 primordium
1067 2580 1312 2624 instituere.
1373 2580 1533 2624 etenim

186 2639 222 2682 si
260 2639 358 2694 ipse
401 2638 476 2694 qui
513 2638 627 2682 haec
661 2650 819 2693 passus
850 2641 918 2680 est
960 2636 1124 2690 tacuit,
1170 2636 1394 2681 silentium
1438 2637 1533 2680 eius

185 2699 362 2739 maneat
405 2707 577 2750 semper
617 2698 662 2738 et
701 2706 790 2737 non
827 2706 855 2737 a
889 2693 1151 2749 posteritate
1191 2692 1288 2737 eius
1326 2692 1534 2736 suscitari

187 2750 458 2795 concedatur
500 2751 569 2795 vel
613 2750 824 2794 adversus
867 2749 1016 2805 ipsum
1073 2748 1148 2804 qui
1189 2748 1390 2805 ingratus
1435 2762 1534 2793 esse

186 2807 348 2852 dicitur
387 2808 455 2851 vel
489 2806 701 2850 adversus
741 2806 836 2849 eius
873 2804 1216 2849 successionem.
1286 2803 1342 2849 D.
1382 2817 1455 2848 XV
1489 2804 1532 2849 lc.

185 2862 330 2922 April.
375 2861 770 2920 Constantinopoli
808 2860 1060 2919 Lampadio
1101 2866 1145 2905 et
1176 2859 1330 2906 Oreste
1369 2875 1433 2906 vv.
1469 2874 1532 2905 ec.

185 2932 329 2963 conss.
1344 2921 1400 2970 [a.
1434 2921 1531 2971 530]

685 3173 796 3220 LVI
834 3173 1044 3234 (nvn).6

365 3269 441 3309 DE
471 3267 678 3308 MORTIS
710 3266 887 3307 CAUSA
917 3267 1350 3309 DONATIONIBUS.

247 3365 269 3412 1
323 3363 456 3423 ⁷Imp.
495 3363 759 3408 Alexander
797 3364 848 3407 A.
889 3362 1150 3422 Dapltenae.
1222 3362 1270 3405 Si
1307 3362 1535 3406 donationi

189 3422 488 3476 contineatur,
533 3424 584 3464 ut
627 3419 765 3463 altero
810 3419 1018 3464 defuncto
1063 3419 1121 3463 ad
1161 3420 1350 3462 alterum
1388 3419 1533 3473 portio

189 3491 342 3522 eorum
378 3489 490 3533 quae
529 3476 809 3520 donabantur
838 3476 1094 3532 pertineret,
1134 3476 1351 3519 existente
1384 3474 1533 3518 condi-

190 3535 338 3587 cione,
377 3534 415 3577 si
456 3532 611 3576 mortis
652 3544 789 3576 causa
829 3533 1006 3577 donatio
1037 3531 1373 3588 perficiebatur,
1411 3529 1534 3573 fidei-

190 3589 413 3634 commissi
442 3589 557 3632 actio
590 3589 812 3643 competit.
860 3587 952 3633 PP.
973 3600 1062 3631 HJJ
1088 3586 1131 3631 lc.
1154 3587 1245 3632 Oet.
1270 3585 1476 3631 Maximo
1494 3598 1537 3629 I]

189 3652 232 3690 et
261 3646 449 3690 Aeliano
481 3658 624 3688 conss.
1348 3646 1403 3695 [a.
1437 3645 1534 3693 223]

247 3699 278 3746 2
321 3699 434 3758 Imp.
485 3699 744 3743 Gordianus
785 3700 837 3742 A.
882 3698 1024 3744 Zoilo.
1099 3700 1317 3743 Intestata
1360 3703 1536 3742 mortua

190 3756 413 3813 quondam
443 3769 559 3800 nuru
589 3760 668 3798 tua
698 3755 844 3812 neptis
873 3759 974 3807 tua,
1014 3768 1128 3811 quae
1168 3768 1221 3799 ex
1256 3768 1309 3799 ea
1338 3754 1429 3797 filio
1458 3757 1535 3797 tuo

190 3813 391 3869 quaesita
428 3817 520 3866 est,
560 3811 826 3866 quandoque
862 3816 1010 3866 potest
1047 3812 1104 3855 ad
1134 3812 1229 3855 eius
1261 3811 1405 3855 venire
1434 3821 1534 3853 suc-

194 3876 209 3912 1
275 3868 532 3912 cessionem.
591 3867 687 3911 Nec
723 3871 871 3910 tamen
909 3880 962 3910 ea
1000 3872 1105 3923 post
1133 3871 1318 3912 mortem
1347 3865 1426 3909 filii
1455 3864 1534 3919 tui,

190 3939 246 3969 ex
284 3938 370 3980 quo
412 3923 664 3979 quaesierat
700 3922 858 3976 filiam,
899 3923 974 3967 alii
1009 3924 1167 3979 nuptui
1198 3936 1245 3967 se
1276 3921 1536 3967 collocando

191 3983 337 4025 dotem
382 3980 492 4022 dans
537 3978 854 4034 prohibebatur
896 3991 1027 4035 quam
1065 3980 1196 4023 vellet
1234 3978 1535 4023 condicionem

193 4042 216 4081 2
276 4036 414 4080 eidem
445 4035 536 4078 doti
566 4034 726 4078 dicere.
786 4034 872 4077 Sed
913 4034 951 4077 si
979 4035 1134 4078 mortis
1166 4047 1302 4078 causa
1332 4032 1533 4078 donatio-

190 4106 290 4137 nem
332 4093 378 4135 in
420 4091 599 4134 fratrem
645 4102 774 4133 suum
819 4090 1052 4134 conferens
1096 4091 1145 4134 in
1188 4103 1339 4134 casum
1381 4088 1534 4133 mortis

191 4162 299 4193 suae
353 4161 449 4192 eam
504 4147 649 4190 dotem
700 4145 886 4189 eundem
929 4145 1110 4190 fratrem
1131 4160 1284 4198 ,suum
1327 4144 1534 4201 stipulari

194 4347 245 4396 (1)
276 4366 331 4381 =
365 4346 437 4387 Th.
470 4347 507 4396 ις,
536 4354 587 4395 13,
613 4353 631 4385 3
720 4344 774 4394 (2)
803 4363 859 4378 ==
892 4344 964 4384 Th.
996 4346 1034 4394 8,
1064 4352 1115 4394 13,
1143 4353 1184 4384 δε
1217 4345 1335 4397 iunye
1364 4346 1402 4392 6,
1423 4350 1528 4391 55,11

194 4410 230 4440 et
260 4417 362 4453 quae
394 4404 452 4443 ibi
482 4403 698 4442 laudantur
791 4401 845 4450 (3)
876 4399 1214 4450 emancipationis
1243 4404 1423 4451 tempore
1461 4397 1532 4438 Th.

193 4458 248 4507 (4)
280 4457 397 4511 iunye
413 4467 449 4509 8,
466 4467 522 4507 53,
541 4466 583 4499 35
670 4456 723 4507 (5)
754 4457 812 4495 sic
838 4457 928 4496 dett.
955 4470 1037 4495 cum
1060 4456 1155 4505 ΒΣ,
1186 4454 1387 4495 iudicium
1413 4451 1534 4494 LCR

194 4516 248 4561 (ὃ)
288 4513 428 4562 347,
458 4525 492 4566 3,
524 4523 566 4554 45
603 4527 699 4565 seqq
745 4534 796 4539 —
833 4511 892 4563 Cf]
923 4509 1025 4564 Diy.
1057 4512 1124 4560 39,
1153 4519 1176 4552 B
1319 4509 1374 4559 (ἵ)
1414 4509 1533 4561 iunye

193 4570 231 4614 4,
265 4576 323 4619 48,
354 4577 371 4608 3
520 4570 575 4619 (a)
614 4571 705 4621 post
744 4564 1002 4606 consulatum
1042 4565 1258 4618 Lampadii
1300 4569 1341 4605 et
1379 4563 1533 4605 Orestis

194 4635 256 4662 vv.
287 4635 345 4666 cc.
375 4638 451 4665 scr.
538 4627 593 4676 (9)
623 4644 679 4660 =
709 4623 780 4663 Th.
810 4623 847 4672 8,
875 4630 927 4673 16,
958 4631 994 4661 1:
1027 4623 1144 4675 ianqe
1160 4622 1199 4672 8,
1214 4629 1269 4671 34,
1287 4630 1322 4665 8.
1359 4621 1419 4670 10,
1438 4627 1532 4670 19‚2

1617 406 1830 457 quantum
1859 401 2061 447 Falcidia
2098 402 2221 447 iubet
2255 404 2382 450 heres
2419 419 2509 450 non
2538 407 2694 460 habet,
2732 407 2957 463 provisum

1616 458 1695 511 sit,
1733 459 1772 503 is
1810 458 1885 514 qui
1920 458 2055 502 nurui
2092 462 2196 503 tuae
2232 460 2359 505 heres
2390 462 2584 506 extiterit
2612 463 2707 506 eius
2739 463 2956 507 constitu-

1614 513 1751 558 tionis
1791 514 2053 559 beneficium
2091 528 2182 559 non
2220 515 2528 572 prohibebitur
2563 519 2802 573 postulare.
2863 516 2954 561 PP.

1616 582 1653 612 Χ
1678 569 1720 613 lc.
1753 569 1881 614 Febr.
1916 569 2148 614 Gordiano
2179 572 2229 615 A.
2260 578 2304 616 et
2330 573 2492 617 Aviola
2521 586 2663 616 conss.
2773 577 2829 625 [a.
2859 575 2956 623 239]

1674 622 1703 671 3
1737 624 1882 683 Impp.
1913 625 2226 671 Diocletianus
2261 633 2306 672 et
2332 627 2645 673 Maximianus
2672 628 2765 671 AA.
2804 633 2847 671 et
2879 625 2957 671 CC.

1617 678 1797 724 Heredi.
1856 680 1951 725 Nec
1990 681 2141 727 fratris
2178 683 2249 727 sui
2286 683 2442 727 mortis
2479 694 2616 726 causa
2644 685 2767 726 recte
2795 682 2960 726 factam

1617 734 1898 780 donationem
1939 738 2081 781 sorori
2123 738 2375 782 rescindere
2412 737 2530 781 licet.
2598 735 2643 780 S.
2683 749 2751 780 111
2783 736 2826 780 lc.
2859 735 2958 779 Ian.

1616 788 1756 833 Sirmi
1784 790 1876 834 AA.
1909 805 2052 835 conss.
2772 796 2828 844 [a.
2862 794 2959 843 293]

1672 843 1704 889 4
1734 843 1850 902 Imp.
1877 844 2161 890 lastinianus
2183 847 2236 890 A.
2262 846 2458 890 Iohanni
2480 861 2562 903 pp.
2622 845 2733 891 Cum
2762 847 2818 890 de
2844 859 2961 890 mor-

1614 900 1673 944 tis
1713 912 1849 944 causa
1879 900 2118 945 donatione
2148 900 2437 944 dubitabatur
2465 906 2510 945 et
2539 902 2611 945 alii
2641 901 2817 957 quidem
2844 902 2961 945 inter

1614 955 1793 1005 ultimas
1821 956 2073 1000 voluntates
2112 968 2210 1000 eam
2247 961 2499 1011 posuerunt
2537 961 2582 1000 et
2619 957 2776 1011 legatis
2805 957 2961 1011 adgre-

1613 1011 1802 1068 gandam
1833 1024 1930 1056 esse
1961 1016 2242 1066 censuerunt,
2274 1012 2348 1055 alii
2377 1016 2524 1056 autem
2554 1013 2672 1056 inter
2701 1012 2961 1057 donationes

1615 1080 1728 1125 quae
1763 1068 1882 1112 inter
1919 1067 2041 1112 vivos
2082 1067 2334 1112 consistunt
2373 1080 2471 1112 eam
2499 1071 2768 1124 posuerunt,
2810 1067 2962 1112 dubie-

1613 1126 1708 1168 tate
1752 1136 1903 1168 eorum
1947 1123 2131 1180 explosa
2174 1123 2398 1170 sancimus
2439 1136 2590 1169 omnes
2629 1124 2782 1168 mortis
2827 1136 2965 1168 causa

1616 1180 1897 1233 donationes,
1929 1180 2019 1224 sive
2047 1179 2174 1223 iuxta
2203 1182 2388 1223 mortem
2416 1179 2623 1225 facientis
2653 1180 2820 1224 fuerint
2849 1180 2962 1223 cele·

1615 1236 1770 1281 bratae
1814 1236 1905 1280 sive
1948 1235 2146 1291 longiore
2190 1236 2458 1290 cogitatione
2501 1237 2657 1281 mortis
2697 1237 2964 1281 subsecutae

1615 1297 1742 1347 sunt,
1784 1292 1897 1337 actis
1934 1292 2111 1336 minime
2147 1291 2343 1348 indigere
2382 1305 2526 1348 neque
2555 1296 2788 1348 expectare
2816 1291 2964 1348 publi-

1617 1361 1770 1393 carum
1805 1361 2099 1404 personarum
2142 1348 2440 1403 praesentiam
2488 1353 2533 1392 et
2575 1361 2630 1393 ea
2673 1360 2787 1404 quae
2830 1360 2965 1404 super

1615 1404 1871 1449 huiusmodi
1898 1404 2194 1448 monumentis
2226 1404 2370 1448 solent
2402 1404 2615 1449 adhiberi.
2676 1404 2754 1448 sed
2789 1404 2854 1448 ita
2891 1416 2963 1447 res

1615 1461 1842 1516 procedat,
1873 1465 1936 1515 ut,
1967 1459 2006 1504 si
2035 1460 2231 1516 quinque
2263 1460 2453 1505 testibus
2482 1461 2791 1517 praesentibus
2821 1459 2890 1503 vel
2919 1459 2964 1502 in

1617 1517 1795 1582 scriptis
1824 1517 1895 1561 vel
1934 1516 2028 1561 sine
2066 1517 2314 1561 litterarum
2353 1517 2661 1573 suppositione
2699 1516 2857 1572 aliquis
2885 1529 2962 1560 vo-

1616 1573 1748 1617 luerit
1776 1573 1930 1617 mortis
1962 1584 2099 1616 causa
2129 1573 2409 1616 donatidnem
2444 1572 2614 1626 facere,
2654 1577 2700 1617 et
2736 1573 2832 1617 sine
2869 1585 2964 1616 mo·-

1615 1632 1925 1674 numentorum
1965 1628 2225 1673 accessione
2263 1641 2334 1672 res
2373 1633 2500 1684 gesta
2538 1632 2718 1673 maneat
2755 1627 2964 1672 firmitate

1615 1685 1781 1729 vallata
1811 1687 1856 1729 et
1883 1685 2050 1728 'nullam
2080 1684 2345 1728 calumniam
2373 1685 2566 1741 accipiat
2605 1697 2747 1742 neque
2782 1689 2965 1741 propter

1615 1741 1721 1794 hoc,
1761 1741 1878 1796 quod
1917 1743 2045 1794 gesta
2083 1740 2124 1783 ei
2162 1753 2252 1784 non
2291 1746 2590 1795 accesserunt,
2630 1741 2839 1786 inefficax
2867 1752 2965 1784 esse

1616 1800 1750 1851 atque
1787 1796 1958 1840 inutilis
1994 1795 2198 1839 videatur
2235 1800 2280 1839 et
2318 1808 2467 1840 omnes
2510 1797 2692 1841 effectus
2736 1797 2964 1848 sortiatur,

1616 1865 1727 1908 quos
1757 1851 1942 1896 ultimae
1969 1851 2138 1895 habent
2167 1851 2468 1906 liberalitates,
2500 1865 2582 1896 nec
2607 1864 2662 1896 ex
2687 1864 2965 1909 quacumque

1614 1909 1744 1964 parte
1773 1907 1997 1951 absimiles
2025 1919 2124 1951 esse
2152 1906 2482 1963 intellegantur.
2541 1907 2596 1952 D.
2629 1908 2671 1952 lc.
2700 1907 2823 1966 Sept.
2853 1906 2963 1952 Con-

1615 1964 1915 2021 stantinopoli
1932 1962 2184 2021 Lampadio
2202 1967 2247 2007 et
2263 1960 2419 2008 Oreste
2434 1977 2497 2008 vv.
2516 1977 2575 2008 ee.
2595 1967 2762 2008 conss.⁸
2792 1968 2849 2017 [a.
2865 1966 2962 2016 530]

2093 2247 2231 2295 Lvn
2268 2247 2482 2311 (Lvm).

1616 2342 1694 2383 DE
1725 2342 2106 2383 INFIRMANDIS
2136 2342 2343 2384 POENIS
2374 2342 2726 2384 CAELIBATUS
2764 2343 2837 2383 ET
2875 2342 2968 2383 OR-

1785 2397 2007 2439 BITATIS
2037 2398 2112 2439 ET
2141 2397 2478 2440 DECIMARIIS
2507 2397 2789 2439 SUBLATIS.

1675 2492 1698 2540 1
1738 2492 1873 2552 ⁹Imp.
1907 2494 2229 2540 Constantinus
2258 2497 2309 2539 A.
2352 2494 2413 2538 ad
2442 2494 2680 2552 populum.
2748 2493 2831 2548 Qui
2869 2494 2966 2536 iure

1616 2551 1753 2593 veteri
1782 2550 1976 2595 caelibes
2005 2550 2307 2601 habebantur,
2348 2550 2675 2594 imminentibus
2704 2550 2848 2605 legum
2876 2555 2964 2593 ter-

1616 2606 1793 2650 roribus
1831 2606 2076 2650 liberentur
2115 2609 2248 2663 atque
2286 2607 2350 2650 ita
2387 2608 2556 2659 vivant,
2601 2618 2657 2650 ac
2700 2605 2739 2649 si
2781 2618 2964 2649 numero

1616 2663 1876 2707 maritorum
1906 2662 2175 2706 matrimonii
2196 2662 2375 2706 foedere
2397 2662 2673 2714 fulcirentur,
2705 2662 2848 2717 sitque
2873 2674 2966 2705 om-

1615 2718 1748 2762 nibus
1787 2730 1931 2774 aequa
1971 2718 2169 2763 condicio
2212 2719 2472 2774 capessendi
2509 2718 2627 2773 quod
2662 2718 2847 2773 quisque
2876 2730 2966 2761 me·

1617 2777 1782 2818 reatur.
1842 2787 1925 2818 nec
1954 2787 2057 2819 vero
2089 2774 2322 2830 quisquam
2352 2775 2487 2818 orbus
2521 2774 2763 2818 habeatur:
2803 2786 2967 2829 propo-

1622 2835 1638 2873 1
1715 2830 1801 2874 sita
1843 2829 1948 2874 huic
1992 2831 2159 2874 nomini
2209 2831 2369 2874 damna
2413 2844 2503 2874 non
2547 2831 2751 2873 noceant.
2827 2829 2967 2884 Quam

1616 2899 1711 2930 rem
1740 2889 1786 2930 et
1816 2886 1935 2931 circa
1963 2886 2150 2931 feminas
2181 2887 2463 2931 aestimamus
2504 2898 2745 2940 earumque
2786 2885 2966 2929 cervici-

1617 2943 1700 2987 bus
1730 2942 1938 2999 imposita
1966 2942 2075 2987 iuris
2105 2943 2293 2998 imperia
2316 2943 2436 2985 velut
2461 2941 2676 2997 quaedam
2706 2941 2808 2996 iuga
2836 2941 2965 2984 solvi-

1616 3012 1714 3043 mus
1738 2999 1991 3055 promiscue
2016 2999 2232 3043 omnibus.
2279 2997 2406 3042 ¹⁰PP.
2439 2997 2480 3040 lc.
2499 2997 2643 3054 April.
2662 2996 2835 3040 Romae
2853 2995 2966 3039 Con-

1616 3055 1817 3099 stantino
1848 3056 1899 3099 A.
1941 3066 1992 3098 VI
2017 3060 2062 3099 et
2093 3055 2386 3099 Constantino
2421 3053 2462 3097 C.
2496 3065 2638 3095 conss.
2778 3056 2834 3104 [a.
2869 3054 2965 3103 320]

1676 3102 1707 3156 2
1744 3109 1928 3168 ¹¹Impp.
1948 3110 2184 3153 Honorius
2213 3116 2255 3153 et
2272 3108 2547 3152 Theodosius
2564 3107 2654 3151 AA.
2685 3105 2866 3149 Isidoro
2880 3119 2962 3163 pu.

1617 3167 1737 3208 Inter
1752 3167 1893 3208 virum
1924 3171 1966 3208 et
1992 3178 2173 3208 uxorem
2198 3166 2413 3208 rationem
2440 3174 2616 3207 cessare
2640 3162 2809 3216 exlege
2824 3161 2966 3216 Papia

1618 3221 1886 3265 decimarum
1925 3226 1992 3274 et,
2031 3221 2228 3276 quamvis
2269 3233 2356 3263 non
2397 3218 2692 3262 interveniant
2730 3218 2870 3270 liberi,
2910 3229 2964 3260 ex

1618 3278 1710 3322 suis
1755 3289 1932 3332 quoque
1974 3288 2051 3319 eos
2094 3276 2282 3319 solidum
2327 3287 2486 3330 capere
2528 3274 2827 3325 testamentis,
2880 3273 2964 3318 nisi

1618 3334 1734 3376 forte
1764 3333 1835 3375 iex
1863 3332 1950 3375 alia
1974 3331 2182 3374 minuerit
2207 3331 2428 3385 derelicta,
2457 3330 2746 3374 decernimus.
2791 3331 2965 3372 tantum

1617 3389 1752 3444 igitur
1789 3392 1892 3444 post
1929 3388 2040 3430 haec
2076 3386 2262 3431 maritus
2291 3387 2359 3430 vel
2399 3399 2511 3430 uxor
2551 3385 2636 3430 sibi
2674 3385 2860 3430 invicem
2890 3384 2963 3427 de-

1618 3445 1891 3498 relinquant,
1934 3446 2146 3499 quantum
2179 3446 2406 3498 superstes
2423 3443 2458 3470 ¹²
2487 3454 2611 3486 amor
2641 3441 2847 3496 exegerit.
2907 3440 2962 3484 I).

1610 3500 1735 3559 prid.
1767 3513 1870 3543 non.
1907 3498 2027 3556 Sept.
2071 3498 2251 3543 Varane
2280 3511 2399 3542 cons.
2776 3500 2832 3549 [a.
2866 3499 2963 3548 410]

2080 3781 2241 3829 Lvm
2278 3781 2502 3843 (Lvnn)

1980 3878 2056 3917 DE
2086 3878 2223 3919 IURE
2253 3874 2597 3917 LIBERORUM.

1679 3973 1701 4019 1
1744 3972 1926 4031 ¹³Impp.
1948 3972 2182 4016 Honorius
2206 3978 2251 4016 et
2277 3971 2550 4017 Theodosius
2566 3970 2659 4013 AA.
2677 3967 2859 4012 Isidoro
2875 3981 2958 4025 pu.

1618 4029 1759 4073 Nemo
1796 4036 1899 4085 post
1936 4029 2046 4072 haec
2077 4042 2104 4072 a
2133 4029 2259 4072 nobis
2290 4030 2358 4071 ius
2387 4027 2627 4070 liberorum
2689 4026 2803 4077 etat,
2842 4021 2961 4078 quod

1619 4085 1748 4130 simul
1777 4084 1864 4127 hac
1892 4084 1988 4140 lege
2018 4085 2219 4128 omnibus
2252 4082 2593 4127 concedimus¹⁴.
2718 4078 2836 4136 prid.
2854 4091 2958 4121 non.

1620 4140 1740 4198 Sept.
1784 4139 1962 4184 Varane
1993 4152 2113 4185 cons.
2773 4138 2829 4186 [a.
2859 4135 2958 4185 410]

1618 4339 1694 4389 (10)
1725 4338 1775 4377 D.
1808 4335 1914 4388 prid.
1944 4338 1985 4377 k.
2015 4336 2137 4378 Febr.
2170 4334 2360 4376 Serdicae
2385 4331 2608 4385 praemittit
2642 4329 2729 4380 Th„
2768 4330 2819 4381 cf
2853 4327 2959 4381 leyes

1619 4394 1844 4446 {unqendas
1929 4393 2001 4445 (ιι)
2033 4413 2085 4427 ==
2122 4393 2193 4432 Th.
2225 4392 2262 4442 8,
2287 4399 2341 4439 ιι,
2367 4396 2410 4430 2:
2441 4389 2560 4440 iunqe
2583 4389 2618 4435 1,
2643 4393 2699 4435 19,
2726 4394 2760 4426 6.
2794 4386 2831 4434 δ,
2857 4393 2917 4433 ss,
2942 4392 2956 4423 ι

1617 4451 1691 4501 (¹2)
1724 4448 1783 4489 sic
1803 4447 1890 4498 Th„
1920 4448 2115 4501 superastis
2148 4447 2188 4497 Ο,
2220 4443 2451 4496 superstitis
2476 4443 2517 4483 R
2555 4497 2562 4504 υ
2602 4443 2675 4492 (13)
2701 4439 2772 4481 Th.
2791 4441 2956 4503 8‚·17,3:

1617 4506 1806 4601 guigfini’
1835 4513 1916 4601 19‚T
1910 4513 1960 4600 ἐς.
1993 4505 2030 4553 8,
2063 4513 2120 4553 57,
2153 4511 2172 4541 2
2343 4500 2415 4551 (14)
2455 4496 2643 4539 omnibus
2682 4493 2956 4544 concedimus]

1645 4572 1667 4600 e
1792 4572 1840 4599 us
1939 4589 1948 4598 .
