3138 4776
147 180 240 234 ΦΕ
272 179 675 223 ADSESSORIBUS
709 179 780 220 ET
813 176 1144 218 DOMESTICIS

161 319 230 367 vel
273 320 500 365 avaritiam
543 333 598 364 ex
643 318 714 363 his
760 314 924 380 aliquid
962 317 1167 360 temerari
1210 316 1490 362 concesserit.

161 372 217 423 D.
254 384 373 420 '71111
396 375 440 421 lc.
471 376 585 421 Nov.
618 371 1007 430 Constantinopoli
1035 371 1244 418 Honorio
1274 375 1326 418 A.
1357 385 1414 417 Χ]
1452 377 1495 416 et

159 430 425 477 'Constantio
457 443 500 476 11
529 444 670 477 conss.
1298 429 1358 486 [a.
1389 426 1492 482 417]

219 484 248 532 7
285 486 425 531 ¹Idem
455 488 546 532 AA.
577 482 818 531 Eustatbio
845 495 922 540 pp.
982 482 1115 526 Velut
1152 489 1378 528 castrense
1416 494 1492 538 pe-

162 543 326 587 culium
366 543 447 587 filii
487 542 675 586 familias
717 538 971 583 adsessores
1016 540 1174 581 etiam2
1216 543 1320 595 post
1355 537 1494 595 patris

162 599 330 643 obitum
367 599 608 652 vindicent,
648 595 722 652 qui
761 593 953 638 consiliis
992 596 1181 650 propriis
1217 595 1494 638 administra-

161 659 281 699 tores
318 654 471 699 iuvare
509 654 850 704 consueverunt,
890 649 929 693 si
969 650 1072 705 quid
1112 651 1241 694 licitis
1277 649 1494 695 honestis-

162 722 248 767 que
275 710 412 755 lucris
442 709 691 754 coadunare
719 707 975 762 potuerunt.
1016 705 1070 750 D.
1090 719 1125 749 X
1150 706 1192 750 lc.
1220 705 1364 765 April.
1385 703 1495 750 Con-

160 765 458 826 stantinopoli
509 763 716 808 Honorio
759 773 863 805 ΧΠ]
921 766 966 805 et
1016 761 1265 807 Theodosio
1316 773 1353 806 x
1389 759 1493 870 gadi]-

162 835 307 866 conss.
1319 831 1359 860 a.

219 873 250 924 8
290 875 435 921 ⁸Idem
472 874 563 920 ΑΛ.
602 871 922 931 Asclepiodoto
955 887 1037 930 pp.
1106 873 1266 916 Nullus
1298 818 1496 916 ¹iudicum

162 931 220 977 ad
266 930 531 989 provinciam
584 928 667 973 sibi
717 928 993 972 commissam
1045 942 1305 984 quemquam
1348 938 1495 971 secum

161 988 323 1032 ducere
358 985 541 1039 audeat,
582 984 654 1028 cui
691 984 920 1028 domestici
948 985 1016 1028 vel
1057 985 1309 1028 cancellarii
1338 993 1496 1026 nomen

161 1043 368 1100 imponat,
398 1054 480 1086 nec
509 1040 757 1096 profectum
788 1040 845 1083 ad
875 1054 923 1084 se
947 1040 1254 1095 undecumque
1270 1037 1493 1094 suscipiat,

161 1111 219 1143 110
244 1097 387 1142 famae
414 1102 520 1141 nota
550 1109 649 1139 cum
678 1097 895 1141 bonorum
930 1096 1232 1152 publicatione
1259 1096 1493 1151 plectatur.

159 1153 355 1211 periculo
386 1152 502 1197 enim
531 1153 766 1208 primatum
798 1151 934 1196 officii
967 1152 1267 1203 cancellarios,
1298 1150 1379 1195 sub
1410 1146 1496 1211 fide

157 1213 380 1265 gestorum
418 1221 473 1252 ex
510 1208 664 1252 eodem
694 1208 875 1252 0111010ἰ
910 1209 1074 1252 electos
1104 1207 1324 1252 iudicibus
1354 1204 1494 1268 apph-

159 1263 252 1308 cari
290 1264 516 1316 iubemus,
555 1264 619 1308 ita
656 1267 708 1308 ut
747 1269 850 1320 post
880 1264 1125 1320 depositam
1154 1263 1495 1307 administratio-

156 1322 286 1365 nem⁵
322 1333 405 1365 nec
442 1320 640 1364 militiam
679 1321 886 1364 deserant
924 1325 968 1363 et
996 1319 1337 1376 provincialibus
1367 1327 1494 1378 prae-

159 1376 345 1420 sentiam
373 1376 443 1420 sui
471 1376 728 1429 exhibeant,
767 1389 853 1432 quo
883 1376 1131 1420 volentibus
1171 1376 1230 1419 sit
1258 1369 1495 1417 accusandl

159 1444 235 1476 eos
263 1428 468 1477 facultas.
529 1432 569 1476 si
598 1432 711 1476 enim
737 1432 898 1476 idonea
927 1444 1064 1475 causa
1091 1430 1296 1485 exegerit,
1333 1428 1391 1472 ad
1420 1427 1495 1470 de-

156 1488 344 1543 tegenda
370 1487 527 1533 iudicis
549 1488 717 1544 flagitia
741 1491 786 1532 et
805 1487 1054 1544 quaestioni
1069 1499 1144 1530 eos
1161 1485 1290 1529 subdi
1307 1486 1495 1540 oportet.

157 1543 212 1588 D.
250 1543 375 1603 prid.
420 1543 463 1588 lc.
509 1542 609 1588 Iun.
657 1542 1048 1601 Constantinopoli
1090 1540 1410 1600 Asclepiodoto
1454 1541 1500 1582 et

155 1598 418 1644 Mariniano
447 1612 592 1644 conss.
1297 1596 1359 1653 [a.
1392 1593 1494 1650 423]

213 1652 245 1701 9
288 1653 435 1714 Impp.
483 1653 761 1699 Theodosius
811 1659 855 1697 et
907 1651 1250 1696 Valentinianus
1292 1653 1383 1695 AA.
1437 1650 1498 1693 ad

125 1743 127 1745 .
158 1708 355 1754 Taurum
388 1723 474 1769 pp.
546 1710 592 1753 Si
634 1714 736 1765 post
785 1708 1027 1764 depositam
1072 1707 1495 1751 administrationem

153 1764 347 1809 iudicum
381 1765 677 1830 praesentiam
707 1765 774 1808 vel
811 1764 1125 1808 exhibitionem
1155 1763 1496 1807 domesticorum

155 1820 427 1876 querimonia
467 1820 800 1876 provincialium
845 1823 924 1863 aut
966 1819 1195 1863 curialium
1239 1819 1307 1862 vel
1347 1818 1497 1874 aliqua

153 1876 333 1932 publica
374 1876 615 1920 necessitas
658 1876 969 1932 postulaverit,
1015 1889 1094 1931 per
1139 1875 1313 1919 eosdem
1358 1874 1495 1918 admi-

153 1932 426 1983 nistratores,
470 1945 655 1988 quorum
697 1932 924 1976 domestici
962 1932 1148 1984 fuerint,
1192 1930 1353 1975 iudicio
1393 1930 1496 1986 legi-

152 1987 323 2044 busque
365 1987 610 2032 tradantur.
677 1987 733 2032 1).
773 2001 804 2031 V
835 2001 940 2033 non.
980 1987 1067 2032 Iul.
1102 1986 1498 2045 Constantinopoli

155 2042 404 2088 Theodosio
432 2045 485 2088 A.
516 2056 642 2088 xml
668 2049 714 2089 et
739 2042 947 2089 Maximo
979 2057 1121 2088 consa
1297 2044 1359 2100 [a.
1392 2042 1495 2099 433]

211 2097 274 2146 10
304 2098 431 2166 Jdem
467 2101 559 2145 ΑΛ.
599 2100 834 2145 Florentio
868 2115 950 2159 pp.
1024 2101 1078 2145 In
1115 2100 1376 2144 consiliariis
1418 2100 1495 2143 ob-

154 2168 320 2200 servan
362 2168 603 2210 censemus,
649 2162 699 2200 ut
735 2157 781 2200 in
810 2169 932 2208 eum,
980 2157 1053 2213 qui
1082 2157 1129 2200 in
1159 2170 1240 2201 sua
1268 2156 1498 2212 provincia

151 2211 271 2255 ultra
308 2216 519 2268 quattuor
557 2226 730 2258 menses
768 2213 1120 2257 moderatoribus
1162 2213 1384 2256 adsederit
1418 2212 1497 2255 ad-

151 2279 305 2312 versus
347 2267 464 2323 leges
509 2269 713 2324 antiquas
757 2274 802 2313 et
843 2269 1041 2313 divorum
1086 2273 1206 2313 retro
1245 2269 1497 2325 principum

153 2323 306 2378 scita⁶‚
335 2323 603 2380 proscriptio
634 2325 849 2369 bonorum
883 2331 928 2369 et
958 2325 1184 2369 accusatio
1215 2325 1382 2380 publici
1412 2325 1497 2368 cri-

154 2379 282 2423 minis
311 2379 554 2434 immineat,
593 2380 680 2424 nisi
717 2394 798 2437 per
827 2382 1018 2425 caeleste
1048 2381 1277 2425 oraculum
1307 2382 1375 2424 vel
1405 2393 1496 2422 am-

153 2434 377 2491 plissimae
417 2439 523 2480 tuae
567 2436 682 2480 sedis
727 2437 1083 2493 praeceptionem
1133 2450 1230 2481 sese
1274 2435 1497 2480 defendat.

154 2490 210 2535 J).
220 2502 325 2535 χιιι
335 2490 379 2535 lc.
391 2490 520 2536 Febr.
536 2491 786 2536 Theodosio
796 2505 912 2536 XVII
923 2498 967 2538 et
975 2492 1110 2537 Festo
1128 2506 1270 2536 conss.
1320 2492 1380 2548 [a.
1394 2491 1497 2548 439]

215 2545 273 2592 11
309 2545 434 2591 Idem
449 2548 541 2591 AA.
575 2547 705 2592 Zoilo
730 2563 810 2606 pp.
834 2547 1040 2593 Orientis.
1100 2548 1204 2593 Non
1232 2561 1389 2614 parum
1421 2548 1498 2591 ad-

154 2602 400 2647 sessoribus
437 2616 508 2646 ma
539 2603 773 2647 ’stratuum
814 2605 1031 2649 maiorum
1068 2618 1199 2660 quam
1238 2605 1347 2659 ipsis
1384 2605 1498 2647 iudi-

157 2659 280 2702 cibus
309 2663 488 2704 nostrae
550 2660 836 2704 enivolentiae
864 2661 1107 2704 liberalitas
1143 2660 1378 2704 tribuenda
1415 2665 1496 2704 est.

153 2714 339 2771 ideoque
391 2715 666 2760 consiliarios
719 2716 913 2760 virorum
966 2716 1203 2760 illustrium
1248 2715 1498 2772 praefecto-

153 2782 250 2814 rum
292 2775 383 2814 tam
426 2772 671 2827 praetorio·
695 2786 827 2827 quam
863 2772 995 2816 huius
1033 2773 1213 2816 inclitae
1242 2773 1363 2816 urbis
1395 2773 1499 2816 emi-

152 2826 596 2883 nentissimorumque
610 2830 918 2883 magistrorum
939 2829 1127 2872 militum
1154 2841 1235 2872 nec
1258 2842 1347 2872 non
1367 2828 1499 2872 etiam
1539 2844 1541 2862 2

150 2881 232 2926 viri
268 2882 452 2926 illustris
491 2884 689 2940 magistri
728 2884 1000 2939 officiorum,
1039 2885 1131 2928 sive
1167 2884 1399 2941 praedicto
1431 2884 1496 2929 of-

150 2937 251 2983 ficio
293 2939 381 2982 iam
422 2939 565 2984 functi
609 2945 712 2984 sunt
764 2954 843 2985 seu
886 2941 1126 2996 fungentur
1167 2943 1214 2984 in
1255 2946 1497 2997 posterum,

152 2994 285 3049 ⁷post
318 2994 566 3051 depositum
603 2996 735 3040 etiam
772 2997 966 3041 officium
1003 2998 1059 3041 ab
1100 2998 1218 3041 omni
1246 2997 1498 3042 indictionis

152 3062 286 3094 onere
323 3063 403 3095 seu
441 3052 632 3095 civilium
668 3066 746 3097 seu
788 3053 1043 3097 militarium
1077 3053 1272 3097 iudicum
1309 3067 1494 3109 prorsus

151 3105 366 3151 immunes
410 3119 508 3151 esse
548 3109 868 3164 praecipimus,
913 3113 966 3153 ut
1007 3123 1090 3153 nec
1130 3110 1187 3153 ab
1227 3110 1499 3165 amplissima

157 3161 330 3216 quidem
374 3163 479 3206 sede
520 3164 589 3206 tui
631 3165 834 3208 culminis
878 3165 942 3209 eis
985 3165 1078 3208 ulla
1119 3165 1322 3208 molestia
1365 3178 1500 3221 super

153 3217 436 3272 suscipiendo
467 3219 665 3273 quolibet
691 3221 938 3274 gravamine
953 3224 968 3248 ⁸
1009 3221 1186 3275 penitus
1222 3221 1497 3275 iniungatur:

157 3271 475 3329 quinquaginta
504 3274 716 3317 librarum
746 3276 841 3318 auri
870 3276 1017 3319 officio
1049 3276 1115 3319 tui
1144 3276 1343 3319 culminis
1377 3275 1497 3319 dam-

153 3327 334 3372 natione
372 3328 621 3382 mustando,
662 3331 699 3374 si
739 3331 842 3386 quid
872 3331 1081 3374 adversus
1112 3336 1279 3374 statuta
1311 3332 1498 3375 clemen-

153 3384 244 3427 tiae
284 3389 464 3428 nostrae
506 3384 708 3429 innovari
758 3386 1038 3430 concesserit.
1107 3386 1164 3430 D.
1204 3398 1233 3430 V
1275 3386 1319 3431 lc.
1358 3386 1497 3432 Mart.

159 3438 410 3485 Theodosio
439 3441 491 3485 A.
525 3454 663 3485 XVIII
689 3447 733 3487 et
759 3442 922 3486 Albino
954 3455 1096 3486 conss.
1311 3447 1366 3495 [a.
1397 3447 1498 3497 444]

214 3492 277 3541 12
307 3495 454 3556 Impp.
507 3496 848 3542 Valentinianus
889 3504 932 3542 et
966 3496 1232 3541 Marcianus
1267 3499 1360 3542 AA.
1391 3497 1498 3543 Pal-

156 3551 279 3596 ladio
313 3566 396 3611 pp.
471 3552 629 3597 Liceat
678 3555 880 3598 omnibus
919 3554 1138 3598 iudicibus
1177 3554 1336 3598 illustri
1371 3567 1497 3610 prae-

154 3606 256 3652 ditis
299 3613 518 3664 potestate
560 3610 838 3654 consiliarios
881 3610 967 3655 sibi
1003 3611 1179 3654 eosdem
1218 3611 1409 3654 secundo
1444 3623 1498 3655 ac

155 3663 286 3707 tertio
331 3669 377 3708 et
419 3665 596 3720 saepius
638 3667 885 3722 iniungere,
937 3667 1040 3722 quia
1084 3667 1156 3721 qui
1201 3667 1335 3710 semel
1378 3671 1498 3710 recte

156 3719 355 3773 cognitus
398 3725 479 3773 est,
525 3721 581 3764 ob
625 3722 710 3766 1100
753 3723 898 3767 30111111
940 3736 1030 3766 non
1061 3721 1213 3774 debet,
1259 3722 1376 3778 quod
1412 3723 1499 3766 iam

153 3775 397 3830 probatus⁰
426 3779 517 3828 est,
546 3777 801 3834 improbari.
868 3777 912 3823 D
915 3812 1136 3823 ......
1180 3778 1497 3822 Valentiniano

153 3832 193 3873 Α
196 3864 417 3876 ......
1090 3834 1151 3891 [a.
1184 3838 1265 3878 450
1295 3835 1365 3880 vel
1392 3834 1495 3892 455]

214 3884 276 3933 13
310 3884 632 3948 [Αὐτοκράτωρ
663 3886 825 3943 Ζήνων
854 3893 934 3957 Α]
950 3891 983 3916 ¹⁰

271 3941 548 3997 ιιΜηὸέποτεε
598 3948 732 4001 χωρὶς
773 3947 870 3989 τῶν
911 3944 1143 4002 αρχόντων
1187 3946 1232 3989 οἱ
1273 3945 1496 4003 συμπόνοι

267 3996 444 4082 αὐτῶν2
464 3997 773 4054 ὃικαζέτωσαν
814 4000 872 4045 τὰ
921 4004 1110 4046 ἐκείνων
1151 4003 1358 4046 τιθέντες
1401 4001 1497 4046 ὀνό-

263 4058 421 4111 μοι’τα.ι

152 4109 208 4155 D.
247 4123 298 4156 VJ
322 4110 365 4156 lc.
397 4110 483 4156 Iul.
506 4117 621 4171 post
647 4111 931 4157 consulatum
959 4113 1171 4172 Lonqini.
1300 4117 1360 4169 [a.
1392 4114 1495 4171 487]

154 4257 204 4306 (1)
227 4253 298 4297 Th.
319 4258 355 4306 1,
374 4263 432 4307 35,
449 4263 491 4295 2:
522 4257 642 4310 iunye
659 4256 697 4307 2,
714 4264 748 4306 7,
765 4264 786 4297 4
881 4257 934 4308 (2)
965 4256 1088 4296 etiam
1113 4272 1172 4297 om
1193 4257 1264 4298 Th.
1282 4266 1421 4299 contra
1452 4256 1496 4298 Β

156 4314 210 4363 (3)
223 4331 279 4348 =
298 4312 370 4353 171.
390 4313 427 4359 1,
441 4319 500 4364 35,
515 4320 535 4353 3
622 4310 678 4363 (4)
696 4324 744 4352 ex
761 4310 899 4352 eodem
914 4311 1078 4353 offificio
1095 4328 1167 4354 om.
1191 4311 1261 4354 Th.
1341 4315 1396 4366 (5)
1424 4327 1498 4367 per

154 4368 399 4407 continuum
413 4367 640 4408 triennium
657 4369 729 4409 ins.
753 4367 825 4408 Th.
913 4372 968 4419 (6)
990 4369 1062 4410 Th.
1087 4372 1119 4421 l,
1136 4377 1194 4420 35,
1209 4378 1226 4411 1
1320 4371 1373 4421 (7)
1389 4371 1497 4421 finis

158 4443 208 4458 ==
229 4424 293 4474 12,
309 4432 345 4475 9,
361 4433 376 4465 1
457 4424 514 4476 (8)
529 4424 692 4477 privato
707 4422 773 4463 vel
786 4422 955 4476 publico
971 4425 1044 4465 ins.
1063 4425 1087 4464 l.
1103 4440 1201 4478 yem.
1289 4426 1342 4478 (9)
1357 4428 1418 4467 sic
1432 4426 1494 4476 M,

153 4477 371 4530 probatum
391 4479 463 4521 CR
549 4479 624 4531 (10)
641 4481 848 4534 inscriptio
865 4481 1046 4521 restituta
1061 4489 1119 4522 est
1133 4496 1182 4522 cst
1194 4483 1494 4536 subscriptione.

155 4535 380 4587 iunyendae
394 4536 578 4577 videntur
594 4537 632 4588 2,
651 4545 683 4586 7,
701 4544 741 4577 19
760 4544 795 4577 et
811 4550 913 4588 quae
928 4537 987 4577 ibi
1000 4536 1219 4578 laudantur
1297 4538 1367 4590 (11)
1383 4558 1437 4574 =
1452 4538 1495 4578 B

156 4591 243 4640 6,1,
261 4598 310 4632 71.
342 4593 461 4644 7,1,1
588 4593 662 4643 (12)
692 4593 739 4633 id
765 4601 840 4633 est:
871 4603 1096 4644 numquam
1124 4593 1212 4633 sine
1240 4592 1496 4645 praesidibus

157 4644 381 4689 adsessores
409 4659 550 4690 eorum
578 4647 763 4689 iudicent
790 4646 960 4690 illorum
988 4648 1154 4690 nomine
1174 4649 1377 4691 subiecto:
1406 4649 1494 4701 sor·

1517 161 1582 219 89
2664 163 2687 214 1
2726 168 2806 215 51.
2847 168 2911 215 52

1641 312 1704 360 14
1747 311 1862 372 Imp.
1904 309 2185 356 lastinianus
2227 313 2278 356 A.
2317 309 2604 356 Demostheni
2640 326 2715 377 pp.
2774 314 2913 358 Nemo

1579 382 1634 413 cx
1676 370 1768 424 his,
1815 367 1889 424 qui
1932 366 2134 410 advocati
2174 381 2410 412 causarum
2450 366 2678 410 constituti
2717 374 2820 413 sunt
2847 371 2913 414 vel

1578 424 1747 468 fuerint
1791 427 1836 469 et
1873 423 1917 467 in
1957 422 2043 465 hac
2073 424 2191 477 regia
2225 425 2335 468 urbe
2363 423 2409 467 in
2454 435 2726 477 quocumque
2755 425 2915 469 iudicio

1580 479 1781 536 deputati
1822 482 1864 523 et
1898 478 1946 521 in
1981 477 2078 520 aliis
2119 481 2319 523 omnibus
2350 477 2590 534 provinciis
2630 482 2782 520 nostro
2813 482 2915 523 sub-

1577 535 1704 579 iectis
1752 535 1960 591 imperio,
2014 534 2176 577 audeat
2220 536 2262 577 in
2318 548 2406 578 uno
2450 533 2687 588 eodemque
2724 537 2918 587 tempore

1577 594 1669 633 tam
1709 591 1997 634 advocatione
2034 591 2099 631 uti
2145 603 2275 644 quam
2321 588 2562 634 consiliarii
2606 588 2919 641 cuiuscumque

1576 647 1879 700 magistratus,
1911 646 2068 700 quibus
2099 658 2170 689 res
2199 646 2382 701 publica
2405 644 2597 700 gerenda
2623 643 2918 694 committitur,

1578 713 1729 744 curam
1759 702 1984 758 adripere,
2025 714 2126 744 cum
2158 706 2230 745 sat
2259 700 2520 754 abundeque
2550 698 2719 743 sufficit
2746 699 2813 740 vel
2843 712 2921 753 per

1577 756 1910 800 advocationem
1965 758 2110 800 causis
2165 756 2487 812 perfectissime
2540 753 2814 809 patrocinari
2858 756 2925 796 vel

1578 811 1825 855 adsessoris
1864 812 2011 856 officio
2052 812 2191 866 fungi,
2229 824 2298 864 ne,
2332 824 2430 854 cum
2459 811 2505 852 in
2535 814 2769 863 utrumque
2799 808 2922 852 festi-

1577 870 1674 919 net,
1713 871 1918 909 neutrum
1948 869 2060 911 bene
2090 871 2293 922 peragat:
2331 866 2408 909 sed
2439 865 2528 908 sive
2559 864 2799 907 advocatus
2830 877 2924 907 esse

1577 922 1796 974 maluerit,
1841 922 1927 964 1100
1972 935 2071 964 011111
2115 922 2265 964 debita
2313 920 2509 964 sollertia
2551 920 2734 974 implere
2771 920 2925 975 possit,

1578 979 1647 1023 vel
1685 977 1724 1022 si
1761 976 2062 1020 adsessionem
2101 977 2302 1031 elegerit,
2341 976 2386 1018 in
2425 988 2478 1019 ea
2513 975 2715 1018 videlicet
2753 989 2925 1030 perma-

1578 1037 1706 1087 neat,
1751 1033 1816 1076 ita
1858 1036 2032 1084 tamen,
2078 1036 2129 1074 ut
2171 1037 2274 1087 post
2312 1031 2549 1074 consiliarii
2590 1032 2927 1075 sollicitudinem

1579 1089 1826 1146 depositam
1869 1088 2004 1131 liceat
2046 1087 2086 1130 ei
2129 1088 2185 1130 ad
2223 1100 2384 1131 munus
2423 1087 2723 1131 advocationis
2754 1089 2926 1133 reverti.

1583 1150 1601 1189 1
1662 1145 1757 1188 Nec
1797 1145 1855 1188 sit
1894 1156 2152 1188 concessum
2189 1143 2363 1187 cuidam
2393 1143 2565 1187 duobus
2597 1144 2927 1198 magistratibus

1579 1201 1782 1245 adsidere
1813 1205 1857 1243 et
1883 1200 2115 1254 utriusque
2143 1199 2296 1243 iudicii
2336 1212 2487 1243 curam
2516 1213 2728 1255 peragere
2773 1208 2929 1255 (neque

1579 1258 1695 1301 enim
1724 1256 1855 1301 facile
1886 1256 2152 1300 credendum
2196 1261 2262 1299 est
2298 1256 2470 1300 duabus
2502 1257 2635 1299 etiam
2665 1257 2929 1300 necessariis

1578 1314 1713 1357 rebus
1743 1327 1881 1357 unum
1911 1312 2135 1357 sufficere:
2169 1325 2271 1355 nam
2303 1325 2402 1355 cum
2433 1312 2510 1355 uni
2538 1312 2703 1355 iudicio
2726 1313 2929 1367 adfuerit,

1580 1371 1720 1413 altero
1761 1370 1964 1414 abstrahi
2008 1381 2190 1413 necesse
2228 1373 2296 1412 est
2333 1369 2486 1424 sicque
2515 1368 2622 1411 nulli
2653 1382 2805 1412 eorum
2836 1369 2929 1412 ido-

1579 1439 1709 1469 neum
1739 1425 1786 1469 in
1817 1429 1961 1469 totum
1990 1425 2212 1478 inveniri),
2244 1425 2321 1469 sed
2352 1425 2491 1468 altera
2520 1424 2776 1468 adsessione
2805 1426 2927 1480 peni-

1579 1486 1651 1525 tus
1683 1486 1853 1526 semota
1882 1482 2014 1525 unius
2037 1482 2323 1536 magistratus
2350 1494 2447 1525 esse
2474 1485 2727 1524 contentum
2751 1482 2927 1525 iudicio.

1581 1541 1605 1580 2
1677 1538 1773 1582 Nec
1826 1537 1995 1582 callidis
2048 1537 2448 1581 machinationibus
2499 1537 2751 1581 huiusmodi
2793 1538 2931 1592 legem

1578 1599 1707 1692 putet
1746 1594 1843 1649 quis
1882 1607 1979 1638 esse
2019 1594 2468 1638 circumscribendam
2500 1598 2557 1645 01,
2598 1594 2755 1637 3111011
2786 1595 2931 1637 001131-

1598 1650 1695 1692 iarii
1739 1651 1909 1706 signum
1955 1650 2072 1706 quod
2103 1650 2283 1693 solitum
2313 1654 2380 1692 est
2411 1650 2574 1693 chartis
2606 1650 2823 1705 imponat,
2854 1651 2932 1694 sed

1580 1707 1691 1750 alias
1746 1707 1961 1761 quasdam
2013 1707 2184 1750 litteras
2249 1718 2358 1749 exco
2392 1706 2524 1749 ‘tatas
2587 1706 2930 1758 adsimulaverit‚

1580 1762 1824 1806 existimari
1863 1763 1905 1806 ei
1941 1763 2075 1806 licere
2115 1762 2241 1817 fungi
2280 1762 2354 1818 qui
2388 1775 2454 1804 em
2493 1766 2736 1805 memorato
2770 1762 2931 1814 officio,

1581 1819 1664 1863 sub
1705 1818 1959 1863 huiusmodi
1997 1822 2146 1862 tamen
2186 1819 2343 1861 umbra
2382 1819 2544 1871 latere,
2585 1831 2684 1861 cum
2721 1819 2766 1860 in
2795 1819 2933 1874 legem

1581 1875 1863 1918 committunt
1901 1876 1968 1927 hi,
2012 1875 2087 1931 qui
2116 1875 2308 1930 vigorem
2351 1875 2445 1918 eius
2480 1874 2754 1931 scrupulosis
2786 1880 2828 1918 et
2858 1887 2932 1918 ex-

1579 1935 1603 1974 3
1666 1931 1868 1986 cogitatis
1915 1932 2086 1976 artibus
2131 1931 2308 1974 eludere
2352 1930 2579 1974 festinant.
2650 1930 2806 1986 Neque
2850 1931 2934 1975 sibi

1578 1987 1771 2032 blandiri
1801 2001 2063 2043 quemquam
2097 1992 2285 2042 oportet,
2325 1987 2443 2043 quod
2474 1990 2520 2031 et
2547 1987 2793 2043 praesentis
2823 1987 2930 2043 legis

1579 2044 1758 2088 aculeos
1790 2044 1932 2100 possit
1962 2044 2168 2095 evadere,
2208 2043 2575 2099 quemadmodum
2614 2048 2658 2087 et
2687 2044 2930 2087 anteriores

1578 2099 1697 2156 leges
1738 2113 1873 2156 super
1912 2101 1996 2144 hac
2037 2114 2086 2144 re
2125 2101 2294 2156 positas
2335 2099 2585 2143 deludebat.
2645 2100 2683 2145 si
2713 2101 2810 2155 quis
2841 2106 2933 2144 ete-

1578 2157 1669 2200 nim
1712 2156 1758 2199 in
1802 2157 1882 2200 tali
1927 2157 2159 2201 commisso
2203 2157 2339 2201 fuerit
2376 2156 2607 2207 inventus,
2651 2156 2765 2200 sciat
2803 2170 2850 2200 se
2882 2157 2936 2199 de

1578 2212 1822 2257 matriculis
1875 2214 2194 2257 advocatorum
2247 2214 2424 2268 penitus
2469 2225 2566 2257 esse
2613 2212 2847 2256 delendum
2892 2218 2936 2256 et

1580 2269 1732 2312 decem
1770 2269 1982 2313 librarum
2023 2269 2120 2313 auri
2158 2270 2342 2312 multam
2383 2269 2547 2313 nostris
2584 2270 2765 2325 privatis
2803 2270 2933 2324 largi-

1579 2326 1776 2368 tionibus
1802 2325 2040 2377 illaturum,
2073 2338 2152 2381 per
2167 2325 2309 2368 virum
2333 2325 2550 2369 illustrem
2568 2325 2769 2369 comitem
2787 2338 2934 2368 rerum

1579 2381 1852 2437 privatarum
1883 2381 2153 2436 exigendam,
2185 2385 2230 2424 et
2259 2381 2390 2424 aliam
2413 2381 2624 2425 maiorem
2656 2382 2815 2437 regalis
2841 2382 2933 2425 cul-

1579 2437 1709 2480 minis
1739 2437 1992 2481 subiturum
2023 2437 2256 2490 offensam,
2296 2451 2396 2480 cum
2426 2450 2508 2481 nec
2538 2438 2634 2493 ipse
2662 2437 2819 2488 iudex,
2858 2437 2934 2492 qui

1580 2492 1667 2536 hoc
1696 2492 1793 2536 fieri
1821 2505 1981 2548 passus
2027 2499 2094 2537 est
2134 2498 2178 2536 et
2208 2493 2351 2536 sciens
2381 2493 2666 2548 prudensque
2696 2494 2782 2537 hoc
2813 2507 2932 2537 com-

1581 2553 1607 2592 4
1652 2549 1831 2603 miserit,
1864 2549 1957 2592 sine
1986 2549 2202 2604 imperiali
2234 2550 2526 2593 commotione
2547 2550 2811 2593 remanebit:
2842 2550 2933 2593 Ea-

1582 2605 1680 2648 dem
1718 2617 1865 2660 poena
1905 2605 2163 2649 subiciendo
2204 2605 2335 2648 etiam
2374 2617 2426 2649 eo
2457 2606 2524 2648 vel
2554 2606 2637 2657 eis,
2681 2605 2755 2662 qui
2791 2606 2836 2648 in
2863 2606 2934 2650 his

1582 2661 1752 2713 causis,
1794 2674 1979 2716 quarum
2018 2661 2310 2717 patrocinium
2356 2661 2504 2717 adepti
2542 2666 2647 2705 sunt
2687 2661 2935 2718 quibusque

1581 2717 1914 2761 advocationem
1938 2731 2064 2761 suam
2088 2717 2405 2774 praestiterint,
2437 2717 2754 2762 adsessionis¹³
2785 2718 2934 2761 cuius-

1582 2786 1769 2829 cumque
1805 2774 2089 2828 magistratus
2131 2774 2278 2817 colore
2307 2773 2470 2816 audeat
2498 2774 2566 2817 vel
2596 2773 2793 2817 audeant
2822 2774 2936 2817 iudi-

1583 2842 1699 2881 care,
1740 2842 1795 2873 ne
1826 2830 2090 2873 adfectionis
2121 2842 2229 2873 suae
2260 2829 2562 2873 advocationis
2590 2842 2758 2874 memor
2787 2830 2934 2874 incor-

1539 2924 1541 2943 ,
1579 2886 1703 2941 rupti
1744 2886 1902 2930 iudicis
1946 2900 2033 2930 non
2079 2886 2222 2950 possit
2259 2898 2419 2929 nomen
2454 2885 2666 2942 perferre.
2726 2885 2781 2930 D.
2822 2898 2851 2930 V
2890 2885 2934 2930 lc.

1585 2941 1678 2988 Oct.
1714 2941 1994 2987 Chalcedone
2023 2941 2163 2987 Decio
2194 2955 2258 2987 vo.
2290 2955 2412 2986 cons.

1643 2996 1705 3044 15
1743 2999 1778 3025 u
2744 2943 2801 3026 [a.
2836 2945 2934 2996 529]

2207 3169 2312 3216 LII.

1582 3252 1658 3292 DE
1717 3251 1971 3291 ANNONIS
2017 3251 2091 3290 ET
2153 3250 2358 3290 CAPITU
2397 3250 2936 3292 ADMINISTRANTIUM

1582 3307 1695 3347 VEL
1725 3306 2090 3346 ADSESSORUM
2120 3306 2454 3347 ALIORUMVE
2494 3307 2770 3348 PUBLICAS
2811 3307 2933 3349 SOL-

1583 3361 1948 3403 LICITUDINES
2004 3362 2344 3402 GERENTIUM
2388 3362 2502 3403 VEL
2562 3363 2772 3412 EORUM,
2834 3364 2933 3411 QUI

1679 3417 1920 3464 ALIQUAS
1953 3418 2267 3459 CONSECUTI
2298 3418 2442 3459 SUNT
2471 3419 2833 3460 DIGNITATES.

1644 3497 1665 3544 1
1708 3497 1891 3558 ¹⁵Impp.
1926 3499 2202 3544 Theodosius
2238 3506 2282 3545 et
2321 3500 2664 3546 Valentinianus
2692 3503 2784 3546 ΛΑ.
2826 3502 2932 3546 Flo-

1583 3555 1729 3599 rentio
1759 3569 1844 3613 pp.
1915 3556 2128 3600 Omnibus
2165 3561 2255 3599 tam
2297 3558 2400 3601 viris
2441 3558 2760 3614 spectabilibus
2802 3571 2934 3614 quam

1582 3611 1684 3654 viris
1723 3611 1976 3656 clarissimis
2014 3612 2256 3667 iudicibus,
2301 3614 2376 3668 qui
2404 3627 2484 3669 per
2513 3615 2762 3669 provincias
2780 3616 2814 3642 ¹⁶
2843 3615 2934 3658 sive

1583 3667 1814 3710 militarem
1853 3667 1946 3711 sive
1985 3669 2152 3712 civilem
2184 3669 2608 3714 administrationem
2638 3674 2810 3726 gerunt,
2848 3683 2931 3713 nec

1583 3736 1671 3765 non
1709 3722 1857 3767 comiti
1898 3725 2284 3777 commerciorum,
2323 3726 2534 3780 magistro
2576 3727 2688 3770 aeris
2719 3726 2810 3770 sive
2839 3726 2931 3781 pri-

1583 3786 1709 3822 vatae
1751 3780 1837 3832 rei,
1880 3780 2087 3825 rationali
2139 3794 2219 3837 per
2261 3782 2493 3826 Ponticam
2541 3788 2674 3838 atque
2717 3781 2930 3824 Asianam

1583 3834 1803 3879 dioecesin
1858 3840 1901 3879 et
1954 3837 2259 3881 adsessoribus
2315 3838 2508 3881 iudicum
2561 3838 2832 3892 singulorum
2883 3837 2931 3879 in

1582 3891 1846 3946 praebendis
1886 3891 2064 3936 solaciis
2104 3906 2380 3936 annonarum
2416 3894 2489 3937 hic
2528 3893 2643 3937 fixus
2675 3906 2727 3936 ac
2758 3892 2928 3936 stabilis

1583 3946 1832 3990 servabitur
1861 3947 2032 4002 modus,
2063 3954 2113 3992 ut
2142 3962 2195 3993 ea
2224 3962 2304 4004 pro
2337 3949 2523 3992 annonis
2547 3955 2591 3993 et
2618 3949 2766 4004 capitu
2792 3948 2930 4003 digni-

1583 4003 1664 4046 tati
1694 4016 1802 4046 suae
1830 4003 1990 4049 debitis
2019 4005 2165 4069 pretia
2194 4009 2543 4060 consequantur,
2584 4017 2698 4060 quae
2726 4004 2929 4060 particu-

1582 4058 1748 4102 laribus
1775 4058 2121 4116 delegationibus
2145 4062 2315 4105 soleant
2341 4060 2570 4104 contineri.
2619 4059 2756 4104 Dm
2768 4059 2926 4104 k.Iun.

1586 4113 1980 4174 Constantinopoli
1983 4115 2236 4161 Theodosio
2247 4128 2362 4160 XVII
2377 4122 2421 4160 et
2434 4116 2567 4161 Festo
2582 4130 2724 4160 conss.
2759 4121 2813 4168 [a.
2829 4118 2927 4167 439]

1582 4266 1687 4298 tasse
1727 4273 1776 4299 ex
1812 4259 1904 4312 ipsa
1941 4260 2215 4300 constitutione
2256 4259 2490 4312 deprompta
2528 4267 2586 4299 est
2625 4258 2831 4298 adnotatio
2872 4257 2930 4298 ad

1580 4308 1890 4364 δικαζέτωσαν
1927 4317 1968 4356 in
2011 4317 2100 4355 ΒΣ
2128 4318 2222 4365 7,1,
2248 4324 2263 4355 1
2315 4311 2427 4367 μήτε
2477 4310 2556 4355 τὰς
2608 4307 2928 4370 προκατάρξεις

1581 4373 1858 4410 ποιείτωσαν
1885 4365 1995 4424 μήτε
2023 4368 2101 4411 τὰς
2129 4365 2374 4425 ἀποφάσεις
2402 4371 2466 4421 (id
2493 4378 2549 4410 est
2581 4381 2684 4409 neve
2710 4367 2800 4409 litis
2829 4380 2927 4409 con-

1580 4425 1744 4465 testatio
1774 4426 1885 4478 apud
1915 4439 1981 4467 eos
2010 4426 2083 4467 fiat
2111 4439 2212 4466 neve
2241 4426 2486 4466 sententiam
2515 4425 2666 4476 ferant)
2760 4427 2832 4476 (13)
2862 4427 2926 4466 sic

1586 4481 1752 4522 Contius
1779 4482 1839 4531 B,
1868 4482 2117 4523 adsessiones
2148 4483 2243 4523 libri
2369 4482 2441 4533 (14)
2477 4481 2674 4523 Graecam
2703 4480 2927 4523 Iustiniani

1582 4539 1892 4580 constitutionem
1939 4540 2013 4579 hoc
2064 4539 2147 4579 loco
2197 4537 2426 4578 desiderari
2472 4537 2644 4577 eiusdem
2688 4538 2923 4591 aryumenn‘,

1581 4593 1691 4633 ouius
1720 4602 1779 4634 est
1807 4608 1840 4635 c.
1857 4602 1896 4637 13
1927 4595 1965 4634 h.
1999 4603 2037 4646 t.,
2070 4610 2117 4635 ex
2146 4594 2250 4635 Nov.
2276 4602 2320 4634 60
2352 4608 2384 4633 c.
2413 4601 2434 4633 2
2465 4592 2666 4645 colliqitur
2779 4595 2853 4647 (15)
2880 4593 2924 4634 Β

1579 4651 1615 4701 ὓ,
1647 4657 1679 4702 1,
1708 4658 1770 4693 101
1907 4654 1983 4703 (16)
2010 4651 2069 4692 sic
2097 4651 2159 4703 M,
2189 4648 2444 4703 provinciam
2477 4647 2550 4690 GR

2530 4719 2579 4761 12
