3152 4784
209 108 267 149 m
301 105 498 155 QUIBUS
535 105 721 144 CAUSIS
756 103 1082 142 MILITANTES

205 241 301 287 vice
329 253 502 298 quoque
530 241 744 305 principis
772 238 975 284 audituro
1006 237 1170 302 licebit,
1202 246 1251 284 ut
1279 242 1544 287 intentatum

205 297 324 354 apud
353 309 401 340 se
432 297 618 351 crimen,
659 310 697 340 81
734 294 1006 352 patefactum
1035 294 1204 359 11118801,
1235 297 1293 341 ad
1320 299 1543 355 principa-

212 359 262 396 la
331 352 418 395 lem
461 353 626 397 referat
668 351 903 396 notionem.
978 349 1167 395 Ultionis
1212 361 1360 397 autem
1407 355 1544 399 tantis

204 407 458 452 inferendae
495 408 781 464 dignitatibus
819 405 975 450 modus
1012 419 1102 449 non
1138 408 1223 452 nisi
1256 410 1302 452 in
1331 411 1543 466 principis

203 463 411 508 residebit
439 465 647 517 arbitrio,
688 476 787 507 cum
822 462 880 505 sit
919 464 1089 505 certum
1127 470 1330 519 oportere
1359 478 1543 510 accusa-

201 521 312 564 toris
350 520 612 564 calumniam
649 528 740 572 (reo
775 516 978 562 videlicet
1016 519 1217 572 protinus
1258 521 1541 573 absolvendo)

201 576 453 620 inconsulta
484 588 656 631 quoque
684 578 836 617 nostra
865 573 1101 618 serenitate
1130 582 1262 630 prout
1291 578 1409 632 leges
1439 589 1541 620 san-

205 632 327 676 ciunt
357 632 569 685 coerceri,
610 630 695 674 nisi
729 629 844 672 forte
873 633 1111 673 accusator
1143 644 1316 687 quoque
1344 646 1433 676 non
1461 631 1540 674 mi-

202 687 323 732 noris
354 700 486 743 quam
513 699 616 730 reus
646 686 704 729 sit
732 684 978 740 dignitatis:
1017 686 1061 728 in
1098 687 1183 730 hoc
1218 700 1406 744 namque
1435 699 1541 730 casu

204 755 338 800 super
365 741 606 787 coercenda
631 740 880 784 huiusmodi
903 743 1177 786 accusatoris
1204 743 1424 786 calumnia
1453 755 1542 786 non

203 799 419 843 immerito
487 797 753 841 consulenda
817 797 901 838 erit
957 797 1216 852 principalis
1285 799 1538 842 auctoritas.

204 859 229 898 2
287 854 417 898 Viros
455 858 600 897 autem
636 852 831 895 illustres
867 851 914 894 in
945 852 1030 895 hac
1059 853 1212 896 inclita
1242 855 1351 898 urbe
1382 854 1539 908 degen-

205 916 292 964 tes,
344 909 417 966 qui
471 908 564 952 sine
619 907 1000 951 administratione
1054 909 1301 953 honorariis
1346 907 1542 953 decorati

202 964 368 1010 fuerint
405 963 639 1016 codicillis,
678 963 782 1007 licet
820 964 953 1006 talem
983 965 1334 1019 praerogativam
1363 968 1541 1008 nostrae

201 1019 406 1065 iussionis
442 1019 703 1071 meruerint,
744 1023 795 1063 ut
831 1019 949 1075 quod
988 1034 1078 1063 non
1120 1022 1285 1075 egerint
1312 1021 1541 1064 videantur

201 1076 361 1133 egisse,
399 1075 447 1118 in
485 1075 787 1119 criminalibus
829 1076 974 1119 causis
1005 1077 1263 1130 magnificae
1291 1080 1395 1119 tuae
1424 1074 1540 1118 sedis

200 1138 244 1176 et
294 1130 617 1176 illustrissimae
671 1131 921 1175 urbicariae
974 1133 1282 1196 praefecturae
1324 1143 1406 1175 nec
1451 1143 1540 1173 non

199 1187 329 1232 etiam
381 1186 464 1230 viri
516 1187 736 1242 magnifici
788 1187 984 1242 magistri
1030 1187 1278 1231 officiorum
1323 1185 1539 1244 (quotiens

197 1247 343 1287 tamen
395 1243 453 1286 ad
506 1243 599 1286 eius
642 1243 852 1286 iudicium
895 1244 1100 1299 specialis
1143 1248 1320 1287 nostrae
1362 1241 1539 1298 pietatis

198 1300 464 1343 emanaverit
490 1299 643 1348 iussio)
684 1300 910 1342 sententiis
948 1299 1213 1354 respondere
1250 1298 1538 1349 decernimus,

197 1354 261 1398 ita
288 1359 341 1397 ut
368 1354 621 1398 huiusmodi
641 1355 722 1398 viri
751 1355 930 1399 sedendi
954 1355 1127 1410 quidem
1151 1355 1198 1397 in
1218 1353 1539 1408 cognitionibus

198 1414 255 1455 2a
284 1410 479 1455 dicendis
508 1411 684 1454 minime
713 1411 798 1454 sibi
822 1411 1043 1454 vindicent
1065 1410 1337 1453 facultatem.
1388 1409 1540 1452 Sciant

196 1471 344 1510 autem
379 1466 466 1522 ipsi
505 1479 678 1522 quoque
714 1479 796 1510 1100
840 1466 894 1510 (10
934 1479 981 1509 80
1014 1466 1083 1509 vel
1121 1466 1213 1509 suis
1253 1464 1538 1509 facultatibus

195 1521 468 1566 iudicaturos
491 1522 657 1577 aliquid
682 1535 763 1565 nec
786 1522 984 1577 probatis
1011 1520 1279 1570 criminibus,
1309 1521 1394 1565 nisi
1414 1520 1538 1576 prius

196 1578 254 1621 ad
307 1583 506 1622 nostram
556 1578 766 1633 pietatem
819 1576 1088 1628 rettulerint,
1141 1589 1276 1632 posse
1324 1581 1535 1619 statuere.

196 1638 220 1676 3
289 1632 500 1688 Quotiens
538 1637 685 1675 autem
723 1632 806 1675 viri
842 1632 1037 1675 illustres
1074 1632 1120 1674 in
1156 1632 1394 1687 provinciis
1433 1644 1537 1674 0011-

194 1689 334 1733 stituti
373 1691 479 1741 (non
517 1688 564 1731 hi
592 1693 758 1739 tamen,
801 1699 985 1741 quorum
1024 1687 1214 1742 cognitio
1255 1688 1311 1730 ad
1341 1691 1539 1730 nostram

193 1744 464 1787 maiestatem
506 1743 575 1786 vel
619 1743 678 1785 ad
719 1742 814 1785 vice
858 1742 1000 1785 nostri
1048 1743 1238 1786 numinis
1283 1743 1538 1786 auditurum

193 1800 424 1856 pertineat)
463 1798 510 1841 in
540 1798 852 1853 querimoniam
886 1797 1050 1841 fuerint
1081 1799 1349 1842 criminalem
1379 1799 1535 1852 vocati,

191 1861 236 1898 et
275 1853 476 1906 sedendi,
518 1867 618 1897 cum
657 1854 906 1897 celebratur
942 1854 1156 1908 cognitio,
1206 1855 1251 1897 in
1289 1855 1536 1898 secretariis

191 1910 476 1954 iudicantium
512 1909 583 1953 ius
622 1914 951 1965 consequantur
996 1915 1041 1953 et
1082 1909 1250 1954 iudices
1299 1911 1535 1966 patefactis

191 1978 363 2023 quoque
400 1965 654 2010 criminibus
693 1965 885 2010 ferendis
927 1971 1083 2009 contra
1129 1966 1382 2011 huiusmodi
1419 1968 1536 2011 viros

193 2022 259 2066 vel
311 2021 549 2066 facultates
602 2034 755 2066 eorum
807 2022 1037 2066 sententiis
1095 2022 1372 2078 abstineant,
1432 2023 1536 2067 dum

193 2082 369 2122 nostrae
397 2078 575 2134 pietatis
605 2077 663 2121 ad
692 2091 796 2122 suas
819 2078 1060 2122 meruerint
1082 2079 1319 2123 relationes
1352 2092 1535 2135 respon-

192 2148 312 2179 sum:
353 2134 570 2190 supplicio
606 2134 830 2186 videlicet,
872 2134 990 2189 quod
1030 2135 1368 2180 accusatoribus
1409 2139 1534 2192 pate-

192 2190 314 2235 facta
356 2202 507 2234 eorum
550 2190 770 2234 calumnia
812 2190 1096 2246 ingerendum
1140 2196 1231 2244 est,
1285 2204 1368 2236 nec
1415 2192 1537 2247 apud

191 2246 483 2303 provinciales
519 2245 712 2299 iudices,
751 2247 790 2290 si
825 2259 913 2290 non
927 2279 938 2299 ,
980 2247 1095 2290 sicut
1133 2247 1336 2303 superius
1370 2247 1536 2292 dictum

193 2307 273 2356 est,
303 2301 486 2360 similem
516 2301 770 2358 dignitatem
798 2302 1007 2355 habeant,
1039 2302 1292 2350 differendo.
1337 2304 1393 2348 D.
1423 2305 1535 2349 Con-

190 2358 500 2417 stantinopoli.
1174 2363 1230 2412 [a.
1263 2363 1485 2405 485-486
1497 2362 1533 2413 P]

784 2460 936 2509 XXV.

194 2541 254 2582 IN
307 2541 510 2588 QUIBUS
565 2540 757 2583 CAUSIS
800 2542 1148 2584 MILITANTES
1192 2544 1326 2585 FORI
1369 2545 1536 2585 PRAE—

414 2597 752 2638 SCRIPTIONE
781 2598 877 2639 UTI
906 2599 1025 2639 NON
1052 2600 1312 2641 POSSUNT.

250 2664 274 2712 1
314 2663 476 2724 ¹Impp.
521 2664 799 2709 Theodosius
835 2670 881 2710 et
918 2664 1260 2711 Valentinianus
1295 2668 1388 2711 AA.
1430 2667 1536 2712 Flo—

192 2721 335 2765 rentio
355 2735 441 2779 pp.
512 2721 672 2765 Omnes
717 2721 892 2764 omnino
931 2721 1196 2766 domesticos
1241 2725 1314 2767 et²
1356 2730 1535 2779 agentes

189 2777 236 2822 in
265 2777 399 2821 rebus
429 2778 474 2820 et
503 2789 804 2832 quaecumque
833 2777 920 2820 alia
948 2779 1253 2833 praetenditur
1285 2779 1439 2822 militia
1468 2780 1537 2822 vel

190 2833 409 2889 dignitas³
432 2834 514 2876 sub
531 2832 885 2876 moderatoribus
900 2834 1227 2889 provinciarum
1241 2849 1323 2891 pro
1340 2835 1535 2879 functio-

189 2889 319 2933 nibus
355 2889 546 2946 publicis
587 2889 856 2944 respondere
897 2890 1019 2932 nulla
1059 2890 1146 2934 fori
1183 2892 1535 2947 praescriptione

188 2945 377 2988 valitura
405 2944 647 2998 sancimus,
687 2945 725 2988 si
763 2945 847 2988 hac
883 2945 957 3000 qui
988 2946 1222 3001 exiguntur
1282 2948 1428 2991 ublica
1460 2948 1532 2991 de-

193 3007 212 3044 1
273 3001 368 3045 bita
406 3000 475 3044 uti
513 3001 835 3056 temptaverint.
895 3002 1031 3045 Immo
1070 3009 1115 3045 et
1147 3003 1194 3046 in
1222 3016 1248 3046 a
1270 3003 1294 3013 '⁴
1348 3004 1533 3058 privatis

190 3057 439 3101 actionibus
484 3061 726 3111 occupatos
769 3057 970 3101 volumus
1013 3059 1292 3114 respondere,
1338 3060 1413 3115 qui
1455 3072 1535 3115 per

189 3112 441 3168 provincias
479 3112 788 3167 negotiantur‘³
834 3113 904 3156 vel
939 3113 1257 3158 conductorum
1293 3115 1533 3168 vocabulis,

193 3181 293 3211 cum
331 3180 421 3211 non
459 3170 632 3209 armata
661 3167 815 3209 militia
843 3168 1032 3223 praediti
1062 3175 1187 3223 sunt,
1222 3170 1533 3222 defenduntur,

191 3224 282 3267 sive
311 3222 540 3266 domorum
569 3221 813 3265 divinarum
842 3223 932 3266 sive
961 3224 1154 3267 virorum
1180 3225 1425 3280 potentium
1455 3239 1534 3269 seu

194 3278 428 3322 cuiuslibet
464 3277 733 3320 condicionis
770 3283 873 3320 sunt
917 3279 1230 3331 conductores,
1281 3280 1368 3324 nisi
1417 3280 1534 3324 forte

193 3339 481 3379 commeatum
524 3333 580 3375 ad
619 3346 710 3376 rem
749 3333 971 3388 propriam
1014 3336 1360 3389 componendam
1402 3337 1534 3380 unius

194 3397 217 3432 2
285 3390 391 3433 anni
428 3388 620 3432 indutias
660 3388 934 3432 ostenderint
971 3402 1018 3433 se
1059 3391 1294 3446 accepisse.
1363 3391 1533 3435 Eadem

193 3446 336 3490 forma
392 3445 639 3489 servanda⁵
680 3445 727 3487 in
770 3444 841 3488 his
891 3446 1045 3499 etiam,
1104 3447 1181 3501 qui
1223 3447 1449 3490 mercandi
1492 3453 1535 3490 et

193 3501 409 3545 militandi
447 3513 575 3544 sacra
612 3499 827 3544 beneficia
864 3507 1141 3555 meruerunt,
1183 3507 1232 3545 ut
1275 3502 1407 3546 etiam
1448 3502 1535 3558 ipsi

194 3557 441 3602 rectoribus
493 3557 816 3612 provinciarum
868 3556 1180 3612 respondeant.
1251 3557 1306 3602 D.
1336 3569 1442 3602 ΧΗ]
1488 3557 1532 3602 lc.

194 3612 344 3657 Febr.⁶
377 3611 769 3670 Constantinopoli
808 3611 1057 3657 Theodosio
1086 3614 1138 3657 A.
1170 3626 1286 3658 XVII
1317 3618 1361 3658 et
1399 3613 1533 3658 Festo

194 3681 338 3712 conss.
1347 3673 1403 3722 [a.
1437 3674 1532 3721 439]

763 3768 958 3817 XXVI?

192 3851 290 3891 UBI
335 3850 552 3892 CAUSAE
594 3849 862 3891 FISCALES
906 3850 1019 3892 VEL
1061 3851 1303 3893 DIVINAE
1346 3851 1533 3892 DOMUS

435 3903 826 3958 HOMINUMQUE
854 3906 983 3947 EIUS
1013 3907 1291 3948 AGANTUR.

250 3974 275 4020 1
334 3972 481 4031 Impp.
536 3971 726 4017 Severus
777 3980 819 4017 et
863 3975 1116 4019 Antoninus
1158 3975 1250 4019 AA.
1297 3974 1531 4019 Dioscoro.

191 4030 295 4075 Non
323 4030 532 4075 defensae
559 4029 714 4073 mortis
750 4031 1052 4085 quaestionem
1075 4031 1197 4087 apud
1223 4035 1534 4086 procuratores

191 4173 243 4223 (1)
271 4192 329 4208 =
357 4170 462 4214 Nov.
484 4171 633 4212 Theod.
665 4173 703 4223 7,
734 4179 749 4211 1
778 4171 823 4211 Β
854 4173 893 4221 7,
924 4181 957 4224 5,
989 4180 1034 4213 92

195 4229 340 4269 habent
367 4227 412 4268 B
507 4227 561 4278 (3)
592 4226 767 4266 militiae
797 4226 909 4276 dign.
943 4227 1047 4268 Νου.
1080 4237 1220 4269 contra
1250 4230 1294 4270 Β
1388 4229 1442 4281 (4)
1474 4231 1531 4270 3ίο

194 4283 299 4325 Νου.
317 4283 375 4335 Β,
405 4283 593 4323 otiantur
608 4280 683 4333 Rb,
713 4282 922 4322 sociantur
939 4283 1016 4335 Ra,
1045 4283 1226 4324 sociatur
1250 4283 1284 4325 C
1367 4284 1422 4337 (5)
1447 4298 1530 4325 ser-

193 4341 289 4378 vata
316 4338 422 4380 Nov.
509 4340 564 4390 (6)
594 4340 653 4379 sic
681 4339 745 4379 vel
771 4337 866 4376 mai.
897 4337 1001 4379 Nov.
1087 4339 1142 4390 (7)
1172 4340 1216 4380 B
1248 4342 1335 4392 7,5‚
1354 4349 1396 4382 93
1421 4355 1528 4393 seqq.

195 4395 252 4446 (8)
281 4394 407 4447 impp.
437 4393 703 4434 Constantius
733 4396 773 4433 et
797 4393 997 4433 Constans
1011 4396 1096 4435 AA.
1121 4411 1197 4435 scr.
1298 4396 1355 4448 (9)
1387 4411 1434 4437 ex
1468 4399 1530 4447 11,

195 4457 285 4499 75‚1
315 4449 354 4490 d.
380 4463 464 4489 vm
492 4450 533 4489 k.
559 4449 682 4490 Febr.
705 4448 918 4489 Bononiae
940 4448 1110 4490 Placido
1140 4453 1180 4491 et
1202 4450 1379 4491 Romulo
1402 4464 1529 4492 conss.

196 4505 268 4552 (ΕΞ
298 4506 438 4556 maia)
467 4507 638 4546 restituit
653 4506 883 4545 Hermann
950 4506 1025 4558 (10)
1053 4507 1140 4546 AA.
1166 4523 1242 4547 scr.
1313 4509 1380 4559 (11)
1410 4509 1534 4548 scribi

199 4560 335 4600 debuit
361 4560 456 4612 imp.
490 4560 755 4600 Constantius
772 4564 820 4599 A.
903 4560 977 4611 (12)
995 4582 1048 4595 τε
1070 4561 1141 4601 Th.
1162 4564 1226 4613 10,
1243 4572 1276 4613 4,
1292 4572 1307 4603 1
1390 4565 1463 4615 (13)
1481 4563 1532 4602 ad

1149 4173 1205 4226 (2)
1237 4176 1278 4213 et
1307 4189 1377 4214 om.
1411 4174 1530 4224 Νου.,

1547 88 1637 146 131

2647 96 2723 148 111
2763 100 2966 148 24—-26

1627 250 1802 289 nostros
1836 257 1924 288 non
1953 244 2157 299 oportere
2187 245 2369 288 tractari
2399 246 2496 301 quis
2522 245 2706 301 ignorat,
2738 261 2818 292 nec
2847 248 2966 294 bona

1627 300 1736 344 fisco
1766 300 1858 357 peti
1883 311 2028 356 posse,
2051 311 2193 363 ‚quam
2222 301 2255 344 si
2288 302 2341 345 de
2374 302 2553 345 crimine
2579 304 2824 347 constiterit
2850 305 2967 361 apud

1629 369 1740 410 eum,
1772 356 1845 400 cui
1874 354 2087 400 convictis
2116 367 2303 409 poenam
2332 357 2534 412 inrogare
2562 358 2696 403 licet?
2729 361 2862 415 plane
2891 361 2967 405 de-

1626 411 1792 455 functis
1822 410 2045 456 homicidii
2072 410 2160 454 reis
2186 412 2304 467 apud
2329 419 2640 468 procuratores
2663 428 2835 471 quoque
2862 430 2966 460 cau·

1627 479 1723 510 sam
1753 467 1967 523 agendam
1997 478 2093 510 esse
2123 467 2236 510 ratio
2265 469 2494 523 permittit.
2553 469 2647 513 ΡΡ.
2673 482 2745 513 1⁷11
2770 471 2828 513 id.
2855 471 2964 515 Mai.

1626 522 1856 567 Laterano
1887 529 1933 567 et
1959 521 2128 578 Rufino
2158 536 2300 567 conss.
2779 529 2836 576 [a.
2874 530 2966 578 197]

1685 574 1716 622 2
1754 576 1880 622 Idem
1918 578 2010 622 AA.
2049 578 2239 622 Aristae.
2308 579 2410 623 Non
2439 579 2848 633 animadvertimus,
2890 594 2968 624 cur

1627 644 1806 675 causam
1843 633 1901 677 ad
1942 633 2137 677 officium
2175 641 2513 689 procuratorum
2553 639 2805 678 nostrorum
2834 636 2968 689 perti-

1624 690 1798 729 nentem
1830 689 1886 731 ad
1910 690 2184 743 proconsulis
2208 690 2433 734 notionem
2457 691 2675 732 advocare
2700 689 2820 732 velis
2867 702 2969 732 nam

1625 754 1725 784 cum
1753 743 1838 785 hoc
1869 750 2118 797 quaeratur,
2157 758 2214 788 an
2243 750 2371 800 pater
2399 748 2503 788 tuus
2533 748 2719 787 mortem
2750 744 2834 787 sibi
2865 757 2968 788 con-

1624 796 1801 839 sciverit
1828 803 1949 840 metu
1978 799 2164 842 alicuius
2187 812 2358 854 poenae
2381 812 2434 841 ac
2455 805 2695 853 propterea
2719 799 2836 842 bona
2861 799 2968 843 fisco

1625 851 1816 894 debeant
1853 852 2091 903 vindicari,
2131 854 2218 895 iam
2258 867 2348 896 non
2397 853 2450 896 de
2491 853 2672 895 crimine
2710 858 2790 896 aut
2859 868 2969 898 oena

1623 907 1798 958 mortui,
1830 907 1907 949 sed
1937 907 1989 949 de
2021 907 2148 949 bonis
2179 908 2477 961 quaerendum
2509 915 2588 951 est.
2634 907 2689 951 D.
2708 921 2788 951 ,1111
2845 910 2966 954 ‚Oct

1622 964 1750 1020 Apro
1782 966 1827 1005 et
1852 960 2061 1005 Maximo
2092 974 2236 1004 conss.
2783 969 2838 1016 [a.
2873 969 2969 1018 207]

1681 1014 1711 1064 3
1743 1015 1858 1074 Imp.
1876 1017 2133 1060 Antoninus
2151 1018 2203 1059 A.
2222 1015 2487 1060 Heliodoro.
2533 1016 2804 1063 Procurator
2832 1034 2969 1074 meus,

1623 1073 1699 1128 qui
1743 1072 1844 1116 vice
1888 1071 2105 1127 praesidis
2145 1071 2400 1127 provinciae
2443 1086 2533 1116 non
2578 1074 2798 1129 fungitur,
2855 1076 2971 1120 sicut

1623 1129 1795 1184 exigere
1819 1141 2007 1183 poenam
2031 1127 2233 1171 desertae
2255 1128 2555 1173 accusationis
2582 1137 2742 1185 potest,
2769 1131 2832 1174 ita
2856 1132 2968 1176 iudi·

1623 1198 1738 1237 care,
1771 1187 1822 1227 ut
1850 1196 1903 1227 ea
1923 1183 2142 1226 inferatur
2165 1183 2384 1227 sententia
2407 1197 2501 1237 sua,
2532 1198 2621 1229 non
2645 1192 2803 1242 potest.
2856 1187 2910 1232 D.
2938 1201 2972 1232 x

1621 1240 1665 1285 lc.
1697 1240 1756 1284 Se
1793 1246 1820 1284 t.
1852 1239 1995 1284 Laeto
2026 1246 2071 1284 et
2101 1238 2280 1284 Cereale
2310 1253 2450 1283 conss.
2783 1248 2837 1295 [a.
2871 1245 2968 1300 215]

1681 1295 1711 1342 4
1771 1310 1859 1354 mp.
1899 1295 2163 1339 Alexander
2199 1297 2250 1339 A.
2290 1294 2538 1340 Maximae.
2606 1297 2715 1342 Cum
2756 1300 2970 1343 vendente

1622 1358 1913 1407 procuratore
1957 1364 2054 1395 meo
2091 1351 2250 1395 emisse
2289 1358 2333 1395 te
2370 1353 2554 1408 praedia
2593 1354 2739 1409 dicas,
2780 1356 2968 1411 pretium

1628 1414 1640 1450 1
1707 1421 1858 1452 eorum
1898 1407 2148 1452 necessario
2189 1408 2357 1451 solvere
2397 1409 2544 1453 debes.
2606 1409 2714 1454 Cum
2750 1412 2833 1466 his,
2874 1412 2968 1468 qui-

1621 1465 1706 1507 bus
1747 1463 2059 1507 mandantibus
2098 1463 2250 1507 eadem
2286 1464 2468 1519 praedia
2498 1466 2655 1510 emisse
2685 1473 2728 1511 te
2759 1473 2802 1511 et
2832 1468 2967 1512 tradi-

1622 1519 1741 1563 disse
1770 1521 1914 1571 dicas,
1956 1522 2112 1574 agente
2141 1525 2187 1562 te
2216 1527 2481 1576 procurator
2509 1534 2657 1576 meus,
2699 1524 2737 1567 si
2766 1524 2860 1568 eius
2889 1537 2967 1568 au-

1622 1576 1830 1619 dientiam
1861 1577 2056 1631 elegeris,
2088 1579 2336 1631 cognoscet,
2367 1582 2418 1619 ut
2441 1579 2675 1632 pecuniam
2701 1593 2814 1634 quae
2838 1581 2969 1636 pretii

1622 1633 1796 1675 nomine
1835 1632 1917 1675 tibi
1956 1632 2141 1676 debetur
2178 1637 2223 1675 et
2256 1645 2415 1676 usuras
2447 1646 2559 1689 quae
2588 1634 2697 1679 fisco
2728 1636 2968 1680 solvendae

1621 1694 1727 1731 sunt
1756 1688 1971 1744 consequi
2007 1688 2166 1744 possis.
2225 1686 2319 1731 ΡΡ.
2354 1700 2444 1732 1111
2468 1689 2527 1733 id.
2564 1690 2656 1735 Oet.
2687 1690 2895 1737 Maoeimo
2926 1700 2969 1736 et

1621 1743 1822 1788 Paterno
1854 1757 1998 1788 conss.
2778 1752 2834 1800 [a.
2870 1752 2966 1802 2332

1677 1798 1706 1845 5
1751 1799 1865 1857 Imp
1910 1799 2230 1843 Constantinus
2269 1801 2319 1843 A.
2359 1800 2421 1844 ad
2464 1799 2634 1845 Ursum.
2701 1803 2773 1847 Ad
2811 1804 2966 1849 fiscum

1620 1858 1892 1912 pertinentes
1933 1868 2091 1899 causas
2131 1855 2362 1914 rationalis
2391 1857 2587 1910 decidat,
2628 1859 2831 1903 omnibus
2863 1873 2967 1904 con-

1621 1912 1902 1956 cussionibus
1930 1911 2229 1968 prohibendis.
2289 1912 2343 1956 D.
2376 1926 2479 1956 non.
2511 1913 2638 1958 Febr.
2674 1914 2967 1960 Constantino

1620 1970 1671 2012 A.
1705 1980 1796 2011 1111
1821 1973 1867 2012 et
1894 1967 2071 2011 Licinio
2104 1979 2193 2010 ΙΙΙ]
2221 1981 2363 2011 conss.
2780 1976 2836 2024 [a.
2870 1976 2967 2025 315]

1679 2021 1710 2071 6
1742 2022 1868 2068 Idem
1905 2026 1982 2067 A.⁸
2017 2023 2079 2067 ad
2117 2023 2339 2067 Italicum.
2410 2024 2457 2068 Si
2494 2025 2592 2081 quis
2623 2026 2832 2072 adversus
2864 2041 2966 2071 con-

1620 2080 1846 2124 ductorem
1888 2085 2089 2123 nostrum
2129 2080 2295 2135 aliquid
2334 2080 2553 2136 agendum
2582 2082 2839 2136 crediderit,
2875 2085 2966 2128 viro

1619 2136 1781 2180 illustri
1824 2136 1972 2180 comiti
2010 2149 2157 2179 rerum
2195 2136 2468 2192 privatarum
2498 2137 2655 2182 referri
2686 2144 2874 2195 oportet,
2913 2153 2969 2184 ne

1621 2197 1666 2235 et
1702 2192 1841 2236 iudici
1880 2192 2215 2236 existimationis
2260 2198 2303 2236 et
2347 2192 2494 2237 officio
2540 2194 2634 2239 eius
2678 2195 2835 2239 salutis
2880 2196 2966 2240 dis-

1623 2249 1787 2293 crimen
1815 2248 2052 2292 immineat.
2111 2247 2166 2292 I).
2198 2248 2240 2291 lc.
2273 2248 2391 2292 Febr
2393 2283 2769 2295 ..........
2801 2255 2967 2296 conss.⁹

1679 2303 1707 2350 7
1742 2304 1867 2349 Idem
1896 2305 1992 2348 A.¹⁰
2031 2304 2092 2348 ad
2120 2303 2433 2362 Buleplzorum
2470 2306 2741 2351 rationalem
2770 2321 2966 2352 summae

1621 2362 1698 2404 rei.
1759 2360 2005 2404 Dominicis
2031 2361 2198 2404 colonis
2222 2366 2267 2404 et
2295 2361 2678 2416 patrimonialibus
2708 2364 2965 2419 gravitatem

1620 2422 1744 2459 tuam
1784 2417 2036 2459 censuimus
2076 2416 2431 2471 disceptatricem
2469 2430 2566 2461 esse
2597 2418 2769 2463 debere.
2831 2420 2965 2464 duces

1623 2473 1736 2516 enim
1766 2477 1810 2515 et
1838 2472 2114 2527 praepositos
2143 2472 2329 2515 limitum
2359 2478 2403 2515 et
2433 2477 2680 2517 castrorum
2702 2482 2746 2518 et
2769 2481 2964 2520 rectores

1620 2528 1945 2585 provinciarum
1982 2527 2217 2571 evocandis
2262 2532 2308 2571 et
2350 2529 2624 2573 arcessendis
2665 2531 2832 2574 colonis
2863 2533 2962 2575 abs-

1620 2586 1762 2628 tinere
1805 2588 1994 2639 oportet.
2061 2583 2116 2627 D.
2162 2595 2252 2627 XVI
2288 2583 2332 2628 lc.
2372 2582 2509 2629 Mart.
2555 2585 2758 2630 Limenio
2802 2592 2847 2631 et
2885 2586 2964 2631 Ca-

1622 2641 1781 2685 tullino
1812 2653 1956 2683 conss.
2778 2647 2834 2695 [a.
2868 2647 2963 2695 349]

1678 2694 1708 2743 8
1741 2695 1866 2739 Idem
1895 2695 1991 2739 A.²²
2027 2694 2089 2738 ad
2120 2694 2316 2738 Taurum
2335 2709 2421 2753 pp.
2491 2694 2601 2738 Cum
2640 2696 2806 2752 aliquid
2846 2700 2964 2743 colo-

1620 2764 1703 2795 nus
1735 2757 1812 2794 aut
1842 2763 1994 2794 servus
2033 2751 2097 2794 rei
2134 2751 2334 2806 privatae
2374 2756 2553 2794 nostrae
2585 2758 2739 2795 contra
2770 2754 2963 2809 discipli-

1620 2820 1722 2851 nam
1766 2807 1988 2862 publicam
2031 2806 2267 2850 adseratur
2315 2812 2591 2862 perpetrare,
2646 2807 2702 2851 ad
2754 2808 2964 2852 iudicium

1619 2865 1805 2907 rectoris
1836 2862 2090 2918 provinciae
2118 2862 2266 2906 venire
2298 2862 2519 2918 cogendus
2547 2870 2627 2914 est,
2659 2865 2723 2908 sic
2747 2866 2963 2921 videlicet,

1619 2924 1670 2964 ut
1700 2922 1936 2975 praesente
1965 2918 2173 2962 rationali
2196 2919 2265 2961 vel
2288 2924 2576 2974 procuratore
2600 2920 2755 2964 domus
2787 2926 2964 2966 nostrae

1618 2977 1735 3019 inter
1777 2988 1878 3019 eum
1922 2978 1967 3019 et
2010 2978 2316 3019 accusatorem
2359 2987 2497 3018 causa
2547 2980 2765 3019 tractetur
2809 2984 2873 3029 et,
2926 2979 2963 3022 si

1619 3032 1790 3075 facinus
1835 3031 1971 3075 fuerit
2012 3031 2330 3086 adprobatum,
2381 3030 2491 3072 iuris
2534 3031 2743 3075 severitas
2788 3045 2962 3076 exsera-

1618 3092 1704 3131 tur.
1773 3087 1828 3131 D.
1868 3099 1899 3130 V
1935 3100 2039 3130 non.
2084 3085 2222 3129 Mart.
2267 3084 2407 3128 Sirmi
2449 3084 2650 3128 Datiano
2695 3093 2740 3129 et
2785 3086 2964 3132 Cereale

1619 3157 1762 3187 conss,
2774 3146 2830 3195 [a.
2864 3147 2961 3196 358]

1675 3196 1705 3244 9
1742 3196 1924 3254 ²2Jmpp.
1969 3195 2313 3239 Valentinianus
2350 3199 2395 3239 et
2434 3194 2598 3239 Valens
2625 3199 2717 3241 AA.
2757 3198 2820 3241 ad
2854 3198 2962 3243 Plat-

1619 3254 1791 3311 lippum
1830 3251 2102 3295 vieariumst³
2174 3251 2376 3294 Universi
2426 3250 2634 3295 fiduciam
2676 3259 2851 3308 gerant,
2898 3258 2960 3308 ut,

1619 3322 1718 3352 cum
1742 3308 1838 3362 quis
1862 3320 2013 3350 eorum
2034 3307 2091 3349 ab
2106 3311 2257 3350 actore
2274 3308 2307 3333 ¹⁴
2334 3320 2482 3350 rerum
2498 3307 2771 3363 privatarum
2785 3315 2961 3354 nostra-

1617 3378 1714 3406 rum
1743 3363 1835 3407 sive
1865 3376 1892 3405 a
1920 3366 2211 3417 procuratore
2239 3363 2375 3406 fuerit
2402 3369 2587 3408 vexatus
2611 3364 2797 3418 iniuriis,
2829 3380 2962 3420 super

1619 3421 1711 3463 eius
1753 3419 2026 3462 contumeliis
2056 3418 2124 3461 vel
2162 3418 2579 3474 depraedationibus
2615 3421 2786 3465 deferre
2815 3423 2960 3477 queri-

1619 3475 1810 3518 moniam
1847 3474 2093 3517 sinceritati
2131 3479 2235 3519 tuae
2273 3475 2340 3518 vel
2379 3476 2542 3518 rectori
2580 3477 2833 3531 provinciae
2872 3492 2959 3522 non

1619 3530 1791 3573 dubitet
1829 3533 1874 3573 01
1912 3529 1969 3572 ad
2007 3530 2211 3585 publicae
2227 3532 2261 3557 ¹⁵
2300 3531 2564 3574 sententiam
2602 3533 2821 3578 vindictae
2865 3536 2960 3578 sine

1617 3586 1768 3641 aliqua
1803 3585 2096 3640 trepidatione
2134 3587 2383 3631 convolare.
2444 3600 2557 3642 quae
2595 3601 2665 3632 res
2696 3602 2796 3632 cum
2825 3589 2962 3633 fuerit

1620 3642 1751 3685 certis
1790 3642 2123 3696 probationibus
2165 3642 2409 3695 declarata,
2469 3644 2693 3688 sancimus
2738 3651 2782 3688 et
2825 3645 2958 3689 edici-

1618 3710 1730 3749 mus,
1760 3700 1822 3750 ut,
1854 3697 1891 3740 si
1920 3697 1966 3739 in
1994 3698 2306 3753 provincialem
2330 3699 2447 3742 hanc
2471 3699 2701 3743 audaciam
2727 3701 2824 3755 quis
2856 3714 2958 3744 uam

1618 3753 1762 3796 moliri
1785 3752 1920 3796 fuerit
1941 3765 2092 3806 ausus,
2121 3754 2298 3809 publice
2311 3754 2432 3798 vivus
2455 3760 2772 3798 concremetur.
2864 3789 2874 3799 .
2891 3767 2960 3799 ιιι

1617 3823 1723 3852 non.
1765 3807 1850 3851 Iul.
1883 3807 2173 3853 Heracliae¹⁶
2214 3809 2529 3854 Valentiniano
2569 3816 2613 3853 et
2653 3810 2836 3854 Valente
2863 3812 2956 3854 AA.

1619 3877 1762 3908 conss.
2770 3869 2825 3920 [a.
2858 3870 2955 3919 365]

1677 3918 1742 3966 10
1773 3918 1951 3977 Imppp.
1991 3917 2238 3965 Gratianus
2287 3917 2628 3964 Valentinianus
2672 3927 2716 3965 et
2757 3921 2957 3966 leeodo-

1617 3975 1712 4018 sius
1740 3976 1872 4018 AAA.
1904 3973 1966 4018 ad
1993 3974 2241 4020 Polemium
2299 3989 2345 4031 p.
2414 3976 2595 4019 Nullum
2625 3989 2679 4019 ex
2709 3977 2853 4021 officio
2883 3990 2954 4020 ra-

1618 4030 1818 4083 tionalis,
1858 4030 1933 4086 qui
1970 4032 2190 4076 exactioni
2218 4045 2268 4076 ve
2324 4031 2489 4076 chartis
2518 4032 2748 4086 inserviat,
2785 4033 2832 4076 in
2866 4033 2955 4077 alio

1614 4171 1719 4224 phil.
1758 4171 1836 4212 vic.
1877 4182 2069 4226 sumptum
2110 4182 2167 4214 est
2206 4189 2252 4213 ex
2292 4173 2364 4213 Th.
2400 4176 2461 4223 10,
2493 4182 2526 4224 4,
2557 4183 2585 4223 1,
2625 4175 2691 4215 cui
2726 4175 2956 4216 inscribitur

1615 4229 1714 4279 imp.
1743 4228 2028 4269 constantinus
2056 4242 2092 4269 a.
2123 4229 2174 4268 ad
2202 4227 2436 4280 philippum
2469 4229 2666 4268 vicarium
2695 4229 2819 4280 urbis,
2857 4232 2956 4271 anni

1928 4284 2000 4336 (14)
2031 4285 2076 4324 Si
2092 4285 2184 4336 quis
2200 4284 2250 4323 ab
2266 4288 2403 4325 actore
2420 4287 2560 4338 incipit
2579 4286 2651 4326 172.
2725 4286 2799 4338 (15)
2816 4284 2955 4337 publi-

1947 4341 2021 4392 (16)
2054 4339 2256 4380 heracliae
2285 4341 2440 4381 videtur
2469 4342 2647 4380 additum
2678 4355 2726 4381 er
2753 4343 2955 4395 subscrip-

1616 4397 1719 4434 tione
1754 4395 1824 4434 Th.
1859 4397 1924 4446 10,
1952 4404 1986 4448 4,
2018 4406 2034 4438 1
2075 4396 2130 4449 (d.
2162 4408 2215 4436 111
2249 4407 2344 4434 11011.
2375 4398 2493 4435 mart.
2525 4394 2735 4436 heracleae
2764 4402 2955 4437 constan-

1616 4449 1706 4489 tino
1736 4462 1772 4490 a.
1803 4462 1855 4490 111
1884 4453 1926 4490 et
1953 4450 2098 4491 licinio
2127 4464 2180 4491 111
2210 4450 2372 4502 consa),
2410 4466 2493 4492 cum
2534 4452 2842 4493 Valentinianus
2880 4454 2954 4494 hoc

1619 4507 1682 4546 die
1711 4505 1955 4558 Mediolani,
1993 4508 2143 4548 Valens
2177 4508 2402 4547 Caesareae
2432 4507 2648 4547 constiterit

1614 4285 1766 4324 scilieet
1780 4292 1841 4324 313

1616 4350 1704 4377 00111
1735 4339 1832 4380 libri

2534 4632 2617 4671 17*
