3152 4784
146 182 187 231 v
228 180 286 227 12
1457 151 1559 209 206
2383 153 2458 206 nn
2494 168 2624 209 man
2659 168 2873 209 Dorium

140 320 387 377 suppositas
447 330 496 359 ro
521 316 619 358 dote
646 317 690 356 et
715 317 818 356 ante
842 313 1018 368 nuptias
1047 307 1282 354 donatione
1303 305 1458 348 rebus·
1501 303 1507 391 Ι
1542 301 1794 345 huiusmodi
1819 301 2076 349 donationes
2101 310 2147 350 et
2170 304 2396 348 mulierem
2421 303 2568 350 dotem
2591 319 2717 351 suam
2738 306 2879 363 ipsam

138 390 221 431 que
250 379 372 418 extra
431 375 546 414 otem
575 368 822 411 constitutis
851 372 1015 419 tenere,
1050 377 1139 408 non
1167 367 1340 404 tantum
1368 372 1460 403 ma·
1544 356 1734 422 habere,
1774 369 1892 423 cum·
1911 358 2122 406 fortuitus
2163 373 2294 404 casus
2336 359 2423 403 hoc
2466 359 2639 405 lucrum
2681 363 2722 407 ei
2756 362 2879 407 addi-

136 431 209 475 riti
237 442 307 473 res
346 427 385 470 ei
422 424 588 468 tenenti
617 427 661 465 et
691 435 826 477 super
853 423 924 466 his
954 421 1011 464 ad
1039 417 1245 463 iudicium
1276 419 1460 458 vocatae
1545 412 1677 478 derit,
1709 412 1966 479 etii-rmum
1989 415 2074 460 hoc
2101 429 2128 460 a
2162 416 2221 459 ud
2246 428 2341 458 eam
2363 427 2634 471 permanere,
2665 418 2751 464 nisi
2770 419 2879 475 ipse,

136 498 238 529 exce
270 482 402 526 tionis
427 477 692 535 praesidium
719 477 774 519 ad
801 476 1102 532 expellendum
1130 473 1184 514 ab
1210 471 1461 526 hypotheca
1547 481 1624 524 qui
1659 468 1714 511 ab
1753 472 1880 513 initio
1921 469 2066 515 dotem
2141 471 2279 516 ederit
2289 472 2318 524 ⁵,
2363 470 2448 514 sibi
2493 471 2590 515 dari
2630 472 2883 519 huiusmodi

136 539 392 584 credltorem
422 532 659 578 secundum
689 536 989 585 praestamus,
1030 528 1107 572 sed
1136 526 1269 570 etiam
1298 525 1336 569 si
1363 526 1462 581 ipsa
1505 571 1507 575 ,
1548 536 1701 589 casum
1737 524 1976 580 stipulatus
2015 532 2101 571 est:
2142 531 2249 572 tunc
2289 526 2470 579 etenim,
2511 540 2611 571 cum
2650 541 2791 586 neque
2823 531 2879 574 ab

136 600 288 639 contra
326 591 620 635 detentatores
659 599 807 629 rerum
845 587 901 629 ad
930 585 1135 628 maritum
1164 594 1294 626 suum
1323 582 1459 636 perti·
1505 580 1507 618 F
1546 579 1671 624 init1o
1712 580 1907 636 suspicio
1945 582 2093 639 aliqua
2128 584 2367 628 liberorum
2407 582 2652 638 concurrit,
2692 585 2770 629 sed
2798 585 2883 630 sibi

133 650 325 694 nentium
354 660 406 690 su
441 657 487 687 er
514 642 653 685 isdem
682 641 942 696 hypothecis
985 639 1201 693 aliquam¹
1239 637 1462 682 actionem
1549 648 1721 680 omnem
1764 648 1856 679 rem
1895 637 1970 682 ille
1998 639 2074 695 qui
2112 639 2257 684 dotem
2296 638 2416 682 dedit
2453 638 2686 694 pepigerit,
2729 641 2881 686 huius-

132 703 369 750 secundum
424 712 548 754 egum
586 696 912 740 distinctionem
951 698 1145 747 moveat,
1176 707 1267 737 non
1307 693 1462 738 obesse
1548 696 1573 735 2
1631 691 1751 735 modi
1779 695 1997 738 tractatus
2026 694 2190 740 habere
2218 696 2366 740 locum
2401 707 2490 738 non
2526 698 2688 750 potest.
2747 697 2884 754 Atqui

131 762 171 804 ei
209 755 528 802 matrimonium
567 748 714 795 adhu'c
756 751 1047 795 constitutum
1086 750 1333 802 sancimus,
1384 749 1463 794 sed
1545 749 1594 791 in
1623 747 1720 791 aliis
1751 747 1956 793 omnibus
1986 751 2186 807 casibus,
2226 752 2272 795 in
2310 750 2469 807 quibus
2498 750 2594 806 ipse
2624 764 2715 795 non
2743 752 2882 808 stipu-

131 817 192 858 ita
222 827 315 858 eam
348 822 479 867 posse
519 807 694 852 easdem
724 820 795 850 res
826 806 1049 850 vindicare
1078 806 1145 850 vel
1175 818 1203 849 a
1233 805 1461 849 creditori-
1504 823 1507 850 1
1545 801 1663 848 latus
1694 807 1774 855 est,
1804 804 2012 849 tristitiae
2040 819 2146 850 suae
2175 807 2330 851 mulier
2358 806 2444 850 hoc
2468 806 2697 863 proprium
2721 806 2886 851 habeat

130 873 212 914 bus
241 865 556 924 posterioribus
585 864 655 907 vel
684 863 739 906 ab
771 863 889 918 aliis,
928 863 1003 918 qui
1041 875 1131 906 non
1160 862 1338 918 potiora
1364 862 1464 905 iura
1504 854 1507 886 Ι
1549 864 1583 926 3·
1605 862 1695 924 (1).
1723 859 1936 904 solacium
1963 873 2043 917 per
2072 863 2289 907 actionem
2319 862 2448 907 dotis.
2497 862 2724 918 Similique
2751 862 2884 908 modo

129 926 295 980 legibus
326 922 488 965 habere
518 923 775 973 noscuntur,
812 923 862 962 ut
891 919 1131 975 potuisset,
1172 918 1211 962 si
1239 918 1461 961 matrimo-
1547 929 1587 961 s1
1625 929 1722 971 quis
1762 921 2073 962 extraneorum
2112 919 2175 974 (id
2210 924 2279 963 est
2315 919 2390 975 qui
2428 931 2528 963 eum
2564 931 2647 975 pro
2690 931 2776 974 quo
2808 919 2887 964 dat

130 982 246 1024 nium
287 991 336 1022 eo
377 976 506 1020 modo
548 980 665 1020 esset
704 976 979 1028 dissolutum,
1020 988 1105 1031 quo
1140 974 1255 1018 dotis
1289 979 1332 1018 et
1359 978 1463 1017 ante
1503 983 1508 1046 ι
1547 986 1636 1015 non
1675 971 1722 1014 in
1760 976 1981 1028 potestate
2017 973 2198 1029 habeat)
2237 988 2319 1031 pro
2350 975 2434 1019 alio
2467 979 2570 1018 ante
2598 974 2777 1031 nuptias
2807 975 2886 1019 do·

127 1036 303 1092 nuptias
358 1032 606 1077 donationis
662 1032 835 1075 exactio
884 1031 926 1074 ei
971 1036 1220 1086 competere
1262 1032 1461 1095 poterat:
1546 1027 1770 1072 nationem
1809 1033 2030 1094 nupturae
2069 1030 2188 1074 dedit
2227 1031 2399 1075 mulieri
2437 1034 2484 1075 et
2510 1031 2764 1075 necessaria
2791 1042 2885 1075 mo-

128 1094 189 1135 ita
216 1095 378 1142 tamen,
407 1091 460 1132 ut
487 1088 641 1131 eadem
668 1088 826 1131 mulier
855 1087 1020 1131 nullam
1050 1087 1213 1130 habeat
1242 1086 1463 1129 licentiam
1547 1090 1758 1128 numenta
1781 1084 2045 1135 adhibuerit,
2076 1100 2175 1130 cum
2198 1087 2385 1131 excedat
2408 1100 2623 1131 summam
2647 1087 2887 1142 legitimam

129 1161 201 1191 eas
233 1159 302 1190 res
332 1144 553 1188 alienandi
577 1145 748 1187 vivente
772 1143 930 1187 marito
961 1147 1004 1186 et
1037 1142 1316 1186 matrimonio
1346 1142 1462 1185 inter
1548 1140 1728 1184 donatio
1744 1173 1754 1191 ,
1795 1141 1864 1184 vel
1901 1154 1993 1184 non
2029 1141 2173 1187 minor
2200 1148 2343 1186 mater
2371 1143 2562 1187 familias
2592 1148 2786 1199 nuptura
2816 1142 2886 1197 sit,

130 1217 204 1247 eos
242 1201 503 1252 constituto,
551 1200 628 1243 sed
681 1199 902 1243 fructibus
948 1212 1099 1242 earum
1142 1198 1199 1241 ad
1241 1202 1462 1241 sustenta·
1549 1210 1640 1241 non
1669 1196 1813 1240 solum
1841 1195 1899 1239 ad
1929 1209 2046 1251 eam,
2088 1199 2159 1242 cui
2188 1202 2291 1243 ante
2320 1199 2498 1254 nuptias
2529 1199 2708 1244 donatio
2740 1199 2885 1252 datur,

129 1261 288 1302 tionem
330 1262 421 1299 tam
465 1256 533 1299 sui
578 1268 709 1310 quam
747 1255 893 1298 mariti
930 1254 1231 1310 filiorumque,
1276 1254 1314 1297 si
1354 1267 1464 1309 quos
1505 1279 1507 1301 ÷
1546 1257 1832 1297 monumenta
1862 1265 1986 1296 suam
2014 1253 2207 1297 habeant
2242 1253 2518 1308 firmitatem,
2559 1256 2637 1299 sed
2667 1256 2802 1300 etiam
2830 1255 2888 1299 ad

131 1320 151 1359 1
218 1313 434 1367 habeant,
476 1312 699 1355 abutatur.
770 1310 1073 1355 Creditoribus
1113 1310 1283 1354 scilicet
1317 1309 1465 1353 mariti
1504 1302 1508 1350 Ι
1546 1309 1672 1353 illum
1710 1321 1791 1364 pro
1831 1322 1918 1365 quo
1949 1308 2092 1362 dedit,
2133 1314 2203 1364 ut,
2243 1310 2282 1355 si
2309 1310 2482 1354 lucrum
2510 1310 2554 1355 ei
2580 1324 2635 1356 ex
2664 1311 2888 1356 dotalibus

129 1374 283 1415 contra
321 1382 420 1413 eum
461 1367 640 1423 eiusque
678 1380 772 1419 res,
814 1367 851 1411 si
891 1380 999 1422 quas
1039 1370 1195 1421 postea
1233 1365 1349 1410 forte
1384 1365 1464 1409 ad·
1547 1365 1690 1421 pactis
1734 1366 1986 1418 accesserit,
2031 1379 2121 1410 non
2155 1365 2242 1410 hoc
2287 1366 2415 1410 cedat
2452 1366 2678 1421 donatori,
2724 1367 2802 1412 sed
2839 1369 2887 1412 in

128 1425 345 1481 quisierit,
386 1425 558 1479 integra
598 1435 680 1467 sua
717 1423 817 1466 iura
851 1422 1136 1466 habentibus:
1181 1422 1290 1478 ipsis
1333 1422 1465 1465 etiam
1504 1457 1508 1489 1
1547 1435 1676 1465 suum
1714 1421 1888 1465 lucrum
1926 1422 2013 1465 hoc
2050 1421 2234 1465 maritus
2281 1425 2509 1466 convertat
2546 1422 2807 1479 firmumque
2845 1428 2890 1468 et

125 1482 282 1525 marito
312 1486 356 1523 et
384 1492 524 1524 uxore
552 1484 655 1535 post
682 1479 948 1522 matrimonii
971 1477 1305 1522 dissolutionem
1330 1491 1464 1534 super
1505 1492 1507 1531 3
1548 1478 1842 1522 inrevocabile
1880 1478 2066 1530 habeat,
2106 1477 2192 1522 nisi
2231 1477 2419 1522 donator
2456 1483 2502 1522 et
2539 1478 2613 1522 hic
2649 1478 2735 1523 sibi
2761 1478 2888 1524 reddi

127 1539 228 1582 dote
272 1540 317 1580 et
358 1542 460 1579 ante
503 1534 682 1591 nuptias
732 1535 968 1578 donatione
1013 1548 1095 1590 pro
1141 1534 1354 1578 dotalium
1395 1534 1463 1578 in·
1547 1533 1801 1578 huiusmodi
1832 1547 1982 1578 casum
2006 1533 2142 1577 fuerit
2170 1534 2421 1600 stipulatus,
2451 1547 2508 1578 ne
2538 1533 2656 1578 etin
2683 1534 2888 1591 praefato

127 1595 471 1638 strumentorum
486 1596 638 1635 tenore
653 1591 823 1646 integro
839 1604 921 1634 suo
941 1592 1035 1634 iure
1058 1590 1282 1646 petituris.
1323 1589 1378 1634 D.
1397 1602 1467 1634 III
1505 1602 1507 1639 ξ
1547 1595 1573 1633 4
1632 1603 1740 1634 casu
1779 1590 1919 1634 simile
1959 1590 2168 1639 anteriori
2205 1591 2357 1634 vitium
2392 1591 2575 1634 oriatur.
2634 1590 2712 1635 Sin
2739 1595 2886 1636 autem

125 1650 182 1693 id.
215 1649 319 1693 Dee.
352 1648 425 1693 dn.
457 1647 714 1691 Iustiniano
744 1649 796 1691 A.
829 1658 875 1689 ΙΙ
902 1660 1022 1690 cons.
1274 1650 1331 1700 [a.
1363 1650 1462 1698 528]
1505 1645 1507 1699 ξ
1547 1647 1689 1690 minor
1729 1647 1954 1702 quantitas
1996 1646 2055 1690 sit
2083 1646 2152 1689 vel
2180 1647 2243 1690 ita
2272 1660 2343 1690 res
2371 1651 2496 1702 gesta
2526 1646 2608 1699 sit,
2647 1650 2700 1692 ut
2731 1660 2886 1692 monu-

137 1757 139 1759 .
180 1702 244 1752 30
277 1704 404 1749 Idem
433 1705 484 1748 A.
516 1702 805 1748 Demostheni
857 1717 909 1759 p.
978 1702 1031 1746 In
1069 1703 1202 1746 rebus
1239 1702 1462 1747 dotalibus
1504 1706 1507 1750 i
1546 1705 1796 1746 mentorum
1835 1715 1890 1746 ex
1930 1703 2047 1745 omni
2076 1706 2203 1759 parte
2233 1702 2354 1746 nulla
2383 1703 2442 1747 sit
2469 1702 2661 1755 utilitas,
2698 1707 2744 1747 et
2779 1708 2888 1748 tunc

125 1762 214 1805 sive
249 1760 488 1804 mobilibus
529 1760 618 1803 sive
646 1759 822 1803 immob'
843 1759 944 1803 ibus
986 1772 1062 1802 seu
1093 1771 1140 1803 se
1169 1759 1462 1811 moventibus,
1504 1753 1507 1802 Ι
1548 1759 1726 1803 donatio
1772 1758 1830 1802 ad
1873 1763 2107 1813 utramque
2149 1771 2385 1814 personam
2421 1759 2566 1803 valeat
2617 1765 2661 1803 et
2702 1760 2887 1804 maritus

125 1818 163 1861 si
205 1822 352 1860 tamen
388 1820 561 1867 extant,
607 1815 698 1859 sive
736 1815 995 1858 aestimatae
1032 1815 1122 1859 sive
1156 1814 1464 1859 inaestimatae
1504 1803 1508 1856 Ι
1548 1827 1699 1858 casum
1729 1815 1950 1869 lucretur,
1991 1814 2076 1858 nisi
2117 1819 2160 1858 et
2197 1814 2270 1858 hic
2301 1815 2490 1859 donator
2519 1828 2618 1859 eum
2649 1816 2889 1872 stipulatus

127 1874 236 1928 sint,
291 1872 516 1915 mulierem
564 1872 610 1914 in
652 1871 721 1914 his
765 1871 1037 1914 vindicandis
1085 1883 1258 1914 omnem
1299 1871 1464 1914 habere
1504 1876 1507 1889 ¹
1548 1876 1570 1913 5
1604 1874 1663 1924 (2)
1724 1871 1795 1914 sit.
1853 1870 2094 1914 Praeterea
2123 1871 2358 1923 sancimus,
2390 1871 2428 1915 si
2454 1872 2552 1927 quis
2577 1872 2624 1915 in
2650 1872 2796 1916 dotem
2821 1871 2889 1916 vel

125 1933 229 1984 post
267 1928 528 1972 dissolutum
567 1926 894 1971 matrimonium
934 1927 1284 1983 praerogativam
1314 1932 1357 1970 et
1386 1939 1462 1970 ne·
1504 1906 1507 1969 Ι
1546 1927 1759 1983 praedia⁶
1803 1926 1873 1970 vel
1918 1930 2086 1970 certum
2129 1926 2318 1971 reditum
2356 1927 2423 1971 vel
2472 1927 2605 1972 aedes
2643 1929 2714 1972 vel
2749 1941 2888 1984 panes

124 1985 284 2028 minem
323 1984 590 2027 creditorum
627 1982 798 2035 mariti,
836 1983 911 2037 qui
949 1983 1192 2026 anteriores
1222 1988 1347 2036 sunt,
1379 1983 1465 2027 sibi
1504 1972 1507 2021 Ι
1550 1983 1697 2027 civiles
1727 1982 1966 2049 spopondit
1994 1983 2064 2026 vel
2091 1982 2307 2039 promisit,
2347 1984 2384 2027 si
2413 1995 2469 2026 ex
2497 1987 2697 2039 tempore
2735 1983 2888 2028 matri-

125 2040 340 2096 potiorem
380 2052 556 2083 causam
597 2038 644 2082 in
679 2038 749 2083 his
785 2051 866 2095 per
900 2039 1197 2095 hypothecam
1225 2038 1461 2091 vindicare,
1504 2022 1507 2094 Ι
1546 2039 1682 2083 monii
1719 2039 1944 2083 biennium
1979 2043 2257 2082 transactum
2298 2039 2378 2093 sit,
2421 2038 2523 2083 ilico
2563 2039 2784 2084 redituum
2820 2040 2890 2085 vel

127 2110 226 2140 cum
267 2095 444 2142 eaedem
479 2108 548 2138 res
587 2099 630 2137 et
664 2095 721 2139 ab
759 2094 882 2138 initio
923 2094 1072 2139 uxoris
1101 2095 1281 2139 fuerant
1310 2100 1355 2138 et
1382 2107 1461 2138 na·
1546 2095 1808 2151 pensionum
1836 2108 1919 2139 nec
1949 2107 2039 2138 non
2063 2095 2191 2151 panis
2219 2094 2358 2139 civilis
2384 2100 2616 2151 quaestum
2638 2108 2738 2139 eum
2759 2108 2888 2152 prae-

124 2152 327 2195 turaliter
364 2152 410 2194 in
449 2151 543 2195 eius
581 2154 918 2206 permanserunt
956 2150 1161 2194 dominio.
1227 2164 1317 2195 non
1347 2151 1462 2194 enim
1547 2155 1687 2204 stare,
1731 2151 1905 2195 etiamsi
1946 2163 2036 2194 non
2078 2150 2243 2194 fuerint
2295 2150 2442 2195 adhuc
2492 2164 2565 2195 res
2618 2151 2888 2216 principales

125 2207 242 2263 quod
283 2209 427 2263 legum
473 2207 717 2250 subtilitate
761 2207 976 2250 transitus
1022 2219 1175 2250 earum
1227 2207 1274 2250 in
1316 2206 1463 2250 mariti
1545 2207 1760 2250 traditae:
1805 2211 1851 2251 et
1891 2206 1931 2250 si
1972 2208 2070 2250 tota
2113 2206 2193 2250 dos
2231 2206 2278 2250 in
2318 2219 2428 2250 auro
2469 2207 2546 2261 sit,
2589 2207 2742 2251 itidem
2787 2212 2890 2263 post

122 2263 436 2320 patrimonium
480 2262 654 2305 videtur
697 2262 814 2316 fieri,
858 2262 956 2306 ideo
1004 2261 1069 2306 rei
1111 2262 1273 2306 veritas
1319 2262 1463 2306 deleta
1545 2263 1771 2307 biennium
1810 2274 1969 2306 usuras
2008 2275 2151 2317 usque
2189 2261 2247 2305 ad
2287 2262 2464 2305 tertiam
2495 2267 2670 2318 partem
2700 2262 2887 2308 centesi-

129 2324 144 2362 l
212 2319 281 2363 vel
320 2318 508 2362 confusa
544 2322 624 2361 est.
691 2316 907 2361 Volumus
945 2318 1094 2373 itaque
1139 2330 1236 2361 eam
1277 2317 1326 2361 in
1369 2330 1462 2361 rem
1547 2323 1571 2362 6
1629 2331 1728 2362 mae
1756 2318 1993 2374 praestari.
2053 2317 2131 2361 Sin
2169 2323 2315 2361 autem
2351 2317 2466 2362 aliae
2498 2331 2570 2361 res
2600 2321 2780 2374 praeter
2806 2318 2888 2363 im-

121 2374 340 2418 actionem
379 2375 505 2429 quasi
543 2374 590 2416 in
626 2373 877 2416 huiusmodi
911 2374 1045 2417 rebus
1074 2373 1267 2430 propriis
1295 2373 1461 2417 habere
1545 2374 1731 2418 mobiles
1760 2373 1828 2417 vel
1858 2386 2014 2416 aurum
2043 2372 2211 2417 fuerint
2237 2373 2283 2416 in
2312 2373 2416 2417 dote
2426 2374 2458 2427 ⁷,
2495 2374 2586 2418 sive
2620 2373 2668 2417 in
2705 2379 2888 2431 argento

122 2435 166 2473 et
193 2430 555 2487 hypothecariam
585 2429 787 2472 omnibus
820 2429 1086 2473 anteriorem
1114 2429 1357 2485 possidere,
1396 2434 1460 2480 ut,
1545 2430 1637 2474 sive
1674 2430 1722 2473 in
1755 2429 2047 2474 muliebribus
2077 2428 2348 2473 ornamentis
2381 2429 2471 2474 sive
2499 2430 2547 2473 in
2575 2433 2696 2475 veste
2725 2431 2816 2475 sive
2843 2431 2889 2475 in

122 2487 211 2531 sive
240 2498 294 2530 ex
323 2485 517 2529 naturali
544 2486 638 2528 iure
669 2484 891 2528 eiusdem2
927 2485 1122 2529 mulieris
1162 2498 1233 2529 res
1263 2497 1362 2529 esse
1389 2485 1461 2530 in·
1544 2485 1644 2529 aliis
1690 2485 2062 2542 quibuscumque,
2109 2484 2148 2529 si
2191 2484 2368 2540 quidem
2411 2485 2672 2531 aestimatae
2708 2485 2889 2543 fuerint,

120 2543 385 2597 tellegantur
413 2542 481 2585 vel
511 2540 752 2585 secundum
781 2540 926 2596 legum
961 2540 1251 2585 subtilitatem
1281 2540 1339 2584 ad
1366 2554 1460 2584 ma·
1546 2541 1678 2586 simili
1732 2541 1861 2585 modo
1915 2547 2018 2597 post
2067 2541 2294 2587 biennium
2345 2547 2390 2585 et
2433 2554 2586 2586 earum
2628 2556 2791 2587 usuras
2834 2555 2889 2589 ex

1503 2829 1505 2850 Ι

1503 2891 1506 2911 Ι

119 2599 194 2641 riti
223 2597 516 2642 substantiam
544 2597 816 2653 pervenisse,
853 2610 935 2652 per
963 2603 1197 2653 utramque
1225 2596 1340 2640 viam
1370 2597 1461 2642 sive
1546 2599 1681 2642 tertia
1721 2601 1851 2654 parte
1892 2609 2093 2641 currere:
2134 2596 2442 2641 aestimatione
2480 2611 2652 2651 earum,
2703 2598 2808 2656 quia
2845 2611 2890 2644 et

120 2655 167 2699 in
196 2667 287 2698 rem
318 2653 407 2697 sive
435 2653 797 2710 hypothecariam
827 2654 868 2696 ei
902 2653 1156 2708 plenissime
1187 2653 1457 2697 consulatur.

123 2715 147 2754 2
206 2710 356 2754 Omnis
386 2712 533 2753 autem
561 2708 816 2764 temporalis
848 2709 1073 2764 exceptiO,
1112 2710 1203 2754 sive
1241 2722 1322 2766 per
1354 2723 1459 2753 usu-

124 2766 351 2822 capionem
394 2765 576 2809 inducta
618 2766 707 2809 sive
745 2777 825 2820 per
864 2764 1017 2809 decem
1056 2765 1146 2809 sive
1188 2778 1269 2821 per
1311 2765 1463 2820 viginti

124 2835 341 2865 annorum
381 2821 606 2864 curricula
644 2833 723 2864 seu
757 2833 838 2875 per
866 2821 1045 2876 triginta
1072 2821 1142 2864 vel
1171 2821 1462 2876 quadraginta

1546 2656 1630 2698 hoc
1658 2653 1859 2719 apertius
1887 2653 2117 2698 declarare
2141 2667 2167 2697 o
2203 2657 2330 2709 ortet,
2361 2666 2415 2698 ea
2439 2653 2746 2710 intellegenda,
2777 2667 2890 2712 quae

1546 2724 1627 2766 pro
1666 2710 1848 2766 singulis
1889 2710 2120 2765 speciebus
2177 2712 2278 2753 acta
2316 2715 2384 2753 est
2411 2711 2480 2754 vel
2509 2723 2591 2767 pro
2621 2724 2890 2768 unoquoque

1545 2779 1704 2821 genere
1742 2764 1958 2810 dotalium
1990 2778 2017 2808 <s
2052 2765 2263 2819 ecierum,
2301 2765 2348 2809 id
2384 2771 2452 2809 est
2488 2779 2570 2822 pro
2607 2771 2791 2823 argento
2819 2767 2888 2812 vel

1544 2835 1627 2878 pro
1667 2821 1937 2866 ornamentis
1974 2834 2025 2864 ve
2079 2834 2160 2876 pro
2190 2825 2313 2865 veste
2351 2821 2536 2877 aliisque
2566 2823 2812 2878 speciebus,
2843 2828 2890 2868 et

124 2890 336 2920 annorum
387 2881 527 2920 metas
581 2877 670 2920 sive
715 2889 768 2919 ex
810 2875 896 2920 alio
943 2890 1220 2933 quocumque
1262 2879 1461 2932 tempore
1545 2891 1635 2921 non
1672 2889 1770 2922 esse
1811 2876 2130 2932 expectandam
2173 2881 2280 2943 post
2317 2877 2515 2932 singulas
2556 2879 2885 2924 aestimationes

121 2934 286 2977 maiore
316 2932 384 2976 vel
422 2933 590 2977 minore
629 2931 904 2986 introducta,
944 2945 997 2976 ea
1035 2933 1294 2978 mulieribus
1324 2946 1378 2976 ex
1406 2945 1460 2977 eo
1547 2946 1681 2978 unam
1711 2932 2078 2977 coadunationem
2102 2935 2240 2976 totlus
2268 2933 2442 2988 calculi,
2474 2933 2592 2989 quod
2622 2935 2729 2979 satis
2761 2947 2884 2980 scru-

123 2992 394 3045 opponatur,
437 3001 491 3031 ex
530 3002 616 3044 quo
647 2988 821 3044 possint
850 2989 1044 3032 actiones
1074 3001 1268 3041 movere,
1307 2988 1355 3033 id
1395 2994 1462 3032 est
1503 2995 1506 3030 Ι
1545 2989 1751 3045 pulosum
1781 2993 1825 3032 et
1851 3002 1932 3044 per
1961 2988 2138 3032 nimiam
2167 2988 2457 3033 subtilitatem
2478 2989 2778 3045 perniciosum
2802 2997 2882 3037 est.

123 3044 342 3101 opulentis
373 3044 546 3099 quidem
575 3043 744 3088 maritis
783 3044 1036 3089 constitutis
1065 3049 1168 3100 post
1197 3045 1461 3088 dissolutum
1502 3032 1506 3108 Ι
1547 3049 1570 3087 7
1631 3044 1707 3089 Sin
1737 3051 1886 3088 autem
1914 3043 2092 3088 minime
2119 3057 2191 3088 res
2214 3045 2396 3090 mobiles
2420 3045 2588 3090 fuerint
2610 3046 2882 3103 aestimatae,

121 3100 464 3150 matrimonium,
503 3100 647 3145 minus
685 3104 834 3144 autem
870 3100 1041 3144 idoneis
1080 3113 1134 3144 ex
1163 3114 1250 3156 quo
1280 3101 1367 3145 hoc
1397 3100 1460 3144 eis
1500 3125 1506 3360 Ι
1546 3114 1599 3145 ea
1635 3104 1741 3158 post
1776 3100 2002 3144 biennium
2041 3101 2284 3153 observari,
2324 3113 2439 3157 quae
2475 3102 2594 3157 leges
2632 3107 2736 3159 post
2753 3103 2885 3148 ‘litem

121 3157 409 3201 infortunium
452 3156 624 3200 illatum
668 3169 765 3201 esse
810 3157 1042 3210 claruerit,
1089 3170 1188 3200 cum
1228 3159 1461 3201 constante
1547 3161 1842 3202 contestatam
1870 3170 1952 3213 pro
1984 3156 2186 3201 omnibus
2211 3156 2464 3201 huiusmodi
2488 3158 2623 3203 rebus
2653 3158 2882 3204 definiunt.

123 3213 254 3256 etiam
281 3213 559 3256 matrimonio
598 3225 731 3269 posse
772 3213 974 3256 mulieres
1014 3217 1171 3257 contra
1201 3213 1460 3257 maritorum
1547 3217 1570 3257 8
1630 3213 1707 3257 Sin
1735 3225 1839 3257 vero
1869 3226 1941 3257 res
1970 3212 2214 3269 permixtae
2242 3212 2411 3257 fuerint
2440 3218 2485 3256 et
2513 3213 2675 3269 partim
2703 3215 2751 3259 in
2774 3227 2885 3260 auro

122 3281 278 3323 parum
319 3268 576 3312 idoneorum
619 3269 738 3313 bona
780 3269 1053 3324 hypothecas
1098 3282 1202 3314 suas
1254 3281 1460 3313 exercere
1543 3270 1706 3324 partim
1733 3269 1781 3313 in
1809 3268 1906 3313 aliis
1936 3269 2070 3313 rebus
2097 3268 2335 3313 mobilibus
2365 3269 2433 3313 vel
2462 3269 2772 3322 immobilibuS,
2801 3285 2884 3328 pro

122 3326 211 3367 iam
238 3328 391 3367 nostra
421 3325 542 3378 lege³
570 3325 858 3368 humanitatis
889 3325 1054 3368 intuitu
1094 3324 1322 3369 definitum
1366 3329 1457 3370 est:
1542 3326 1632 3369 iam
1668 3325 1793 3369 facta
1830 3324 2043 3370 divisione
2081 3325 2230 3369 omnia
2265 3324 2520 3381 procedere.
2586 3325 2770 3371 licentia
2805 3327 2884 3372 mi·-

122 3379 217 3423 ficti
247 3379 421 3423 divortii
448 3380 562 3424 falsa
593 3381 901 3425 simulatione⁴
938 3381 983 3424 in
1023 3381 1275 3426 huiusmodi
1309 3394 1456 3436 causa,
1542 3383 1659 3425 nime
1698 3381 1957 3437 deneganda
1994 3382 2151 3424 marito
2189 3380 2364 3436 quando
2403 3381 2593 3426 voluerit
2631 3382 2778 3427 dotem
2805 3397 2883 3440 pe-

125 3447 254 3490 quam
296 3439 449 3479 nostra
492 3436 562 3479 lex
606 3437 808 3491 amplexa
851 3439 941 3492 est,
997 3437 1200 3493 stirpitus
1246 3437 1456 3482 eruenda,
1541 3442 1658 3490 tere,
1699 3451 1756 3482 ne
1784 3438 1822 3482 is
1852 3437 1930 3494 qui
1958 3436 2092 3482 debet
2119 3441 2247 3493 putet
2276 3437 2361 3481 sibi
2389 3437 2615 3482 licentiam
2645 3451 2741 3483 esse
2770 3439 2884 3484 redi-

123 3491 332 3535 Reeitata
370 3491 557 3548 septimo
597 3493 645 3534 in
684 3506 800 3536 novo
831 3493 1100 3538 consistorio
1123 3493 1296 3552 palatii
1321 3492 1458 3539 Iusti·
1543 3500 1616 3537 tus
1655 3494 1725 3538 vel
1763 3494 1998 3550 pensiones
2037 3493 2107 3537 vel
2144 3506 2304 3537 usuras
2344 3493 2413 3538 vel
2448 3493 2560 3537 alias
2606 3495 2885 3540 accessiones

121 3546 259 3591 niani.
318 3543 373 3589 D.
406 3558 474 3590 III
499 3546 541 3590 lc.
574 3547 686 3592 Nov.
717 3547 858 3592 Decio
888 3562 951 3593 vc.
985 3563 1105 3593 cons,
1268 3553 1325 3603 [a.
1357 3553 1456 3604 529]
1544 3549 1732 3594 solventi
1772 3549 1886 3593 dotis
1931 3549 2195 3593 solutionem
2238 3548 2480 3604 protelare:
2526 3549 2604 3594 sed
2648 3550 2738 3594 sive
2781 3556 2885 3595 ante

178 3598 239 3649 31
276 3600 402 3646 Idem
429 3603 481 3645 A.
514 3600 694 3646 Iuliano
718 3617 803 3660 pp.
864 3603 972 3648 Cum
1014 3605 1189 3659 quidam
1219 3605 1344 3650 dotes
1375 3619 1456 3662 pro
1543 3606 1768 3650 biennium
1821 3605 1911 3649 sive
1962 3609 2121 3662 postea
2160 3604 2348 3649 voluerit
2398 3604 2546 3648 dotem
2589 3618 2694 3662 pars
2738 3607 2885 3652 mariti

122 3659 377 3701 mulieribus
417 3658 583 3701 dabant
619 3658 709 3702 sive
746 3664 909 3703 matres
944 3661 1034 3705 sive
1076 3661 1150 3705 alii
1182 3662 1361 3718 cognati
1387 3662 1458 3707 vel
1575 3666 1707 3717 etere,
1731 3666 1864 3718 queat
1889 3663 1936 3705 et
1958 3660 2201 3706 secundum
2221 3660 2341 3715 leges
2355 3672 2454 3705 eam
2470 3660 2657 3718 exigere.
2700 3660 2758 3707 D.
2775 3665 2885 3707 111⁸

122 3713 339 3767 extranei,
378 3718 498 3778 recte
537 3714 720 3778 quidem·
750 3727 824 3758 eas
853 3716 998 3759 mariti
1026 3717 1119 3760 sine
1149 3724 1454 3762 monumento-
1542 3677 1584 3763 Ξ.
1603 3717 1747 3777 April.
1779 3716 2032 3774 Lampadio
2064 3723 2109 3760 et
2126 3713 2281 3761 Oreste
2310 3730 2374 3761 vv.
2407 3730 2468 3761 ee.
2499 3730 2644 3763 conss.
2697 3721 2756 3772 [a.
2783 3722 2880 3773 530]

121 3783 219 3813 rum
259 3770 564 3813 observatione
604 3771 925 3825 susclpiebant:
972 3786 1072 3816 cum
1109 3778 1256 3818 autem
1299 3773 1457 3817 mulier

121 3825 459 3870 redhibitionem
499 3839 629 3869 casus
670 3826 967 3881 stipulabatur
1003 3831 1048 3872 et
1083 3828 1335 3874 huiusmodi
1363 3829 1455 3873 for·

120 3881 258 3925 tuitus
296 3894 427 3925 casus
458 3882 694 3934 evenisset,
734 3882 832 3938 ipsa
865 3883 1022 3927 mulier
1050 3890 1204 3940 utpote
1233 3899 1261 3930 a
1290 3898 1338 3929 se
1366 3899 1457 3929 non
2137 3888 2271 3936 XIII.

120 3937 242 3980 facta
280 3936 516 3981 donatione
546 3942 728 3993 propter
762 3938 870 3987 hoc,
912 3940 1028 3994 quod
1066 3946 1350 3985 monumenta
1380 3941 1456 3984 de·
1540 3971 1619 4011 DE
1657 3969 1757 4010 REI
1786 3967 2041 4010 UXORIAE
2071 3968 2320 4011 ACTIONE
2360 3970 2423 4011 IN
2457 3970 2540 4012 EX
2570 3969 2881 4012 STIPULATU

120 3993 1456 4105 ΗΜ
1541 4024 1836 4068 Aevom
1875 4025 2427 4123 ANA,
2460 4026 2688 4067 mm

122 4105 190 4148 vel
225 4105 344 4159 ipsas
384 4117 453 4147 res
496 4105 699 4148 reddere:
741 4110 786 4148 et
822 4105 887 4148 ita
926 4106 1228 4153 inveniebatur
1265 4109 1457 4154 forsitan

122 4164 223 4216 post
252 4159 424 4215 prolixa
448 4161 713 4204 matrimonii
737 4173 955 4204 annorum
978 4164 1199 4208 curricula
1225 4169 1269 4208 et
1291 4165 1455 4209 liberos
1600 4162 1625 4211 1
1669 4160 1802 4221 ⁹Imp.
1845 4160 2128 4207 lastinianus
2161 4164 2215 4208 Α.
2254 4162 2316 4207 ad
2343 4163 2568 4222 populum
2604 4160 2728 4206 urbis
2766 4159 2879 4206 Con-

127 4222 140 4258 l
215 4215 331 4258 forte
370 4215 507 4258 editos
554 4216 709 4260 infelix
746 4217 904 4260 mulier
940 4217 1155 4262 indotata.
1223 4220 1455 4265 Sancimus
1540 4217 1977 4276 stantinopolitanae
2020 4224 2065 4263 et
2111 4219 2346 4264 universos
2421 4216 2699 4264 rovineiales.
2767 4216 2878 4262 Rem

119 4272 268 4325 itaque
303 4272 349 4313 in
386 4270 638 4315 huiusmodi
674 4273 877 4316 omnibus
919 4273 1094 4318 casibus
1131 4275 1264 4320 nullis
1301 4290 1455 4320 monu-
1540 4276 1587 4320 in
1615 4274 1841 4330 praesenti
1870 4287 1960 4318 non
1988 4274 2213 4318 minimam
2242 4233 2540 4330 adgredimur,
2578 4272 2656 4316 sed
2684 4273 2730 4315 in
2758 4273 2876 4316 omni

123 4327 276 4370 mentis
307 4339 398 4369 rem
426 4327 634 4381 indigere,
669 4328 746 4371 scd
775 4328 821 4372 in
851 4328 968 4372 omni
996 4342 1184 4384 persona
1213 4335 1335 4377 ratas
1359 4344 1458 4377 esse
1499 4321 1503 4385 Ι
1542 4343 1683 4387 paene
1722 4343 1908 4384 corpore
1946 4330 2055 4374 iuris
2086 4330 2282 4385 effusam,
2319 4334 2411 4373 tam
2441 4341 2574 4386 super
2602 4327 2667 4372 rei
2695 4328 2878 4373 uxoriae

1400 4426 2006 4434 ———————-———-—--—————-

125 4468 173 4516 (1)
205 4467 383 4519 aliquam
414 4484 485 4509 om.
503 4470 590 4510 ΒΣ
601 4471 736 4522 (κ.π.)
821 4471 877 4520 (2)
910 4469 1089 4510 eiusdem
1119 4488 1189 4513 om.
1208 4475 1295 4514 ΒΣ
1321 4476 1375 4526 (κ.
1392 4473 1456 4525 π.)
1541 4471 1677 4515 dotem
1707 4470 1826 4512 datae
1861 4472 1895 4512 C
1976 4473 2032 4523 (8)
2063 4483 2125 4511 xv
2153 4462 2244 4521 scr„
2274 4471 2326 4524 cfl
2354 4469 2590 4522 Zeitechrzfl
2616 4470 2688 4518 fiir
2707 4469 2872 4511 Beck&-

126 4524 177 4567 (3)
210 4539 238 4561 c*
273 4533 315 4563 29
349 4526 383 4563 h.
418 4533 441 4563 1,.
573 4528 626 4575 (4)
657 4525 983 4566 dissimulatione
1019 4526 1105 4567 CM
1234 4530 1289 4581 (5)
1321 4531 1455 4570 dotem
1539 4528 1670 4583 yesch.
1703 4536 1736 4568 11
1761 4542 1808 4580 p.
1839 4534 1902 4570 17³1
2046 4529 2103 4579 (9)
2136 4527 2178 4567 Β
2208 4528 2275 4577 29,
2307 4535 2336 4576 1,
2365 4533 2450 4566 119:
2490 4527 2692 4579 iunymda
2720 4527 2874 4567 videtur

124 4576 292 4629 dederit,
324 4578 373 4617 ab
402 4579 526 4619 initio
555 4596 632 4623 scr.
736 4583 790 4634 (6)
820 4580 989 4635 praedia
1018 4581 1074 4621 M
1097 4597 1181 4623 cum
1210 4586 1298 4625 ΒΣ
1321 4588 1374 4634 (κ.
1391 4589 1454 4634 π),
1541 4588 1580 4634 4,
1612 4591 1672 4634 2⁹,
1703 4590 1746 4624 25

116 4635 325 4684 praedium
367 4636 400 4675 G
492 4636 544 4685 (7)
576 4636 667 4676 dote
699 4638 789 4678 dett.
823 4653 907 4678 cum
936 4637 1024 4677 ΒΣ
1047 4639 1100 4686 (κ.
1119 4640 1196 4687 π.),
1228 4639 1357 4681 dotem
1393 4642 1454 4691 M,
