3080 4770
192 147 307 197 VIII
347 144 544 192 17-22

184 297 319 334 matre
356 300 528 332 eorum:
571 283 741 327 duabus
782 281 894 324 enim
928 281 1104 325 dotibus
1135 278 1190 320 ab
1221 275 1373 318 eadem
1402 272 1508 317 sub-

182 346 342 389 stantia
393 342 550 385 debitis
600 352 653 381 ex
700 342 897 391 tempore
939 333 1287 392 praerogativam
1330 340 1509 372 manere

182 407 204 443 8
236 403 295 452 (2)
325 398 537 442 volumus.
596 394 717 436 Haec
757 396 904 435 autem
939 395 1111 434 tantum
1141 387 1197 430 ad
1227 386 1375 428 dotem
1405 396 1508 428 san-

180 456 333 505 cimus,
373 465 462 495 non
491 450 546 492 ad
576 452 677 490 ante
706 446 883 500 nuptias
916 446 1214 494 donationem,
1256 453 1386 496 quam
1426 453 1508 506 sup

179 508 362 564 tempori
404 505 567 551 servire
608 502 882 556 disponimus
927 506 970 544 et
1013 501 1176 561 habere
1212 497 1327 540 inter
1367 495 1508 539 credi-

178 571 293 609 tores
338 563 407 607 sui
448 558 655 614 temporis
701 556 911 600 ordinem.
979 568 1067 598 non
1110 566 1223 597 emm
1262 565 1343 608 pro
1383 552 1508 595 lucro

177 622 371 663 fovemus
400 617 617 666 mulieres,
649 611 725 655 sed
752 624 807 654 ne
836 611 1041 654 damnum
1071 609 1300 664 patiantur
1330 607 1509 662 suisque

178 682 201 719 9
232 679 289 729 (3)
333 674 462 717 rebus
493 668 805 715 defraudentur
834 678 1053 709 curamus.
1114 663 1253 718 Quam
1286 664 1424 719 legem
1455 676 1510 707 ex

177 730 394 787 praesenti
437 734 629 780 tempore
673 723 818 766 locum
860 722 1025 765 habere
1069 721 1291 764 sancimus
1337 724 1382 763 et
1420 732 1509 763 non

177 792 392 830 retrorsus
431 781 674 826 referimus.
740 778 795 822 D.
835 789 865 821 V
894 775 937 821 lc.
970 776 1074 820 Dec.
1117 774 1510 833 Constantinopoli

174 847 279 900 post
308 839 583 884 consulatum
608 832 849 893 Lampadii
878 839 922 877 et
948 832 1119 878 Orestis
1142 846 1207 878 vv.
1223 846 1284 877 cc.
1333 835 1389 884 [a.
1409 834 1506 882 531]

605 1062 766 1110 xviii
805 1060 1068 1122 (xvim).¹

176 1149 250 1187 DE
279 1146 371 1185 HIS
402 1143 497 1189 QUI
539 1144 600 1183 IN
637 1142 889 1183 PRIORUM
920 1140 1286 1182 CREDITORUM
1315 1138 1509 1180 LOOUM

667 1197 1013 1239 SUOCEDUNT.

234 1283 253 1329 1
300 1282 441 1346 Impp.
486 1280 676 1325 Severus
711 1285 757 1325 et
781 1280 1036 1324 Antoninus
1074 1280 1167 1323 AA.
1200 1277 1506 1322 Marcellinae.

174 1340 272 1382 Non
301 1337 543 1382 omnimodo
571 1336 817 1380 succedunt
839 1337 886 1379 in
909 1337 1055 1380 locum
1082 1335 1389 1392 hypothecarii
1413 1347 1507 1377 cre·

175 1395 323 1437 diteris
368 1394 434 1446 hi,
481 1407 666 1449 quorum
710 1393 899 1447 pecunia
939 1392 994 1435 ad
1035 1392 1294 1435 creditorem
1332 1391 1506 1433 transit.

174 1453 254 1493 hoc
298 1450 409 1492 enim
451 1452 558 1492 tunc
598 1450 878 1500 observatur,
926 1461 1024 1491 cum
1063 1448 1124 1500 is,
1171 1448 1246 1503 qui
1275 1447 1509 1502 pecuniam

173 1512 325 1561 postea
364 1505 459 1558 dat,
506 1506 587 1548 sub
624 1505 708 1548 hoc
749 1508 879 1559 pacto
913 1504 1087 1556 credat,
1128 1508 1178 1546 ut
1206 1503 1320 1546 idem
1350 1503 1509 1558 pignus

177 1568 192 1604 1
241 1563 281 1604 ei
306 1562 524 1616 obligetur
544 1566 587 1604 et
611 1561 657 1603 in
682 1561 827 1603 locum
853 1560 946 1603 eius
973 1559 1198 1603 succedat.
1255 1559 1383 1614 Quod
1409 1572 1508 1602 cum

174 1619 215 1659 in
255 1623 333 1659 tua
368 1630 558 1672 persona
598 1617 764 1660 factum
799 1629 890 1659 non
926 1616 984 1659 sit
1013 1615 1270 1669 (iudicatum
1299 1621 1365 1658 est
1394 1615 1510 1658 enim

127 1713 130 1715 Α
174 1680 215 1715 te
245 1675 428 1728 pignora
457 1686 546 1716 non
577 1673 838 1728 accepisse),
876 1671 1043 1715 frustra
1072 1677 1201 1727 putas
1231 1672 1312 1715 tibi
1343 1671 1508 1714 auxilio

175 1743 282 1783 opus
310 1742 403 1772 esse
431 1729 753 1772 constitutionis
781 1732 958 1771 nostrae
984 1728 1040 1770 ad
1064 1741 1158 1771 eam
1178 1741 1268 1771 rem
1286 1728 1508 1783 pertinen-

174 1786 242 1828 tis.
297 1782 393 1829 ΡΡ.
419 1786 475 1827 id.
501 1783 587 1827 Iul.
616 1784 894 1843 Pompeiano
921 1789 966 1828 et
987 1785 1119 1827 Avito
1142 1797 1285 1828 conss.
1329 1788 1384 1836 [a.
1411 1787 1507 1836 209]

230 1838 260 1885 2
294 1839 404 1896 Imp.
437 1841 693 1883 Antoninus
722 1842 773 1883 A.
805 1840 955 1883 Felici.
1018 1839 1125 1884 Cum
1155 1853 1235 1895 pro
1275 1845 1425 1894 patre,
1463 1839 1510 1883 in

178 1897 300 1939 cuius
340 1900 560 1951 potestate
599 1909 686 1938 non
726 1908 847 1950 eras,
885 1897 1118 1951 pecuniam
1157 1896 1265 1939 fisco
1294 1895 1508 1948 intuleris,

176 1958 219 1994 et
247 1953 341 1994 iure
370 1951 591 2007 privilegio
623 1953 715 1994 eius
751 1951 1007 1995 successisti
1037 1953 1110 1994 et2
1140 1953 1232 1995 eius
1262 1952 1409 1995 locum
1440 1952 1511 1995 cui

176 2008 405 2062 pecuniam
434 2009 672 2050 numerasti
704 2009 968 2051 consecutus
1000 2020 1060 2059 es,
1091 2021 1175 2051 nec
1199 2007 1245 2051 hi
1269 2007 1509 2051 creditores

176 2064 313 2118 patris
354 2064 439 2116 tui,
482 2063 556 2118 qui
596 2065 870 2118 personalem
910 2063 1163 2107 habuerunt
1194 2064 1414 2107 actionem
1442 2063 1511 2107 vel

178 2133 273 2161 cum
303 2131 354 2162 eo
385 2124 540 2174 postea
566 2120 647 2162 sub
678 2119 934 2174 pignoribus
964 2125 1295 2172 contraxerunt,
1324 2120 1510 2176 pignora

175 2181 251 2217 tua
289 2178 332 2217 te
370 2175 598 2228 ignorante
636 2175 918 2218 distrahendo
956 2176 1041 2217 iuri
1077 2180 1155 2219 tuo
1186 2176 1352 2231 aliquid
1383 2177 1508 2219 dero-

181 2236 191 2272 1
255 2235 478 2284 gaverunt.
539 2230 662 2273 Unde
691 2231 919 2285 intellegis,
951 2232 988 2274 si
1020 2232 1123 2286 quid
1152 2236 1228 2275 tuo
1260 2231 1437 2274 nomine
1467 2236 1510 2274 te

171 2286 353 2328 absente
382 2287 438 2329 ab
469 2286 695 2328 actoribus
725 2287 812 2330 tuis
844 2287 1035 2329 solutum
1066 2291 1145 2340 est,
1187 2292 1238 2329 ut
1266 2287 1509 2330 indebitum

172 2344 445 2383 numeratum
488 2341 660 2384 restitui
703 2342 975 2396 pignoraque
1019 2342 1101 2385 tibi
1142 2355 1257 2385 nexa
1302 2342 1510 2397 persequi

170 2401 212 2439 te
250 2407 394 2451 posse.
464 2395 557 2439 ΡΡ.
598 2396 640 2439 lc.
677 2396 768 2440 Oct.
810 2395 982 2440 Romae
1017 2395 1184 2441 Sabino
1218 2410 1262 2440 Π
1298 2403 1343 2441 et
1370 2399 1507 2441 Anul-

172 2452 262 2494 lino
294 2465 435 2494 conss.
1319 2457 1375 2506 [a.
1410 2457 1506 2505 216]

227 2504 255 2552 3
290 2506 400 2564 Imp.
441 2507 705 2551 Alexander
740 2509 792 2551 A.
834 2508 1021 2552 Valenti.
1092 2508 1138 2552 Si
1177 2510 1372 2565 potiores
1415 2522 1506 2552 cre-

171 2563 330 2606 ditores
361 2564 548 2618 pecunia
572 2569 651 2606 tua
676 2564 846 2608 dimissi
870 2570 985 2620 sunt,
1018 2566 1177 2622 quibus
1207 2566 1398 2620 obligata
1423 2566 1510 2609 fuit

168 2620 402 2673 possessio,
435 2632 566 2674 quam
596 2620 750 2664 emisse
779 2625 822 2664 te
853 2621 975 2674 dicis,
1015 2623 1078 2665 ita
1108 2625 1160 2664 ut
1187 2623 1376 2677 pretium
1407 2635 1506 2678 per-

170 2675 336 2718 veniret
373 2675 430 2717 ad
469 2676 646 2719 eosdem
675 2677 844 2730 priores
877 2677 1140 2730 creditores,
1180 2679 1227 2722 in
1256 2679 1325 2722 ius
1356 2691 1509 2721 eorum

170 2731 422 2774 successisti
461 2734 506 2774 et
543 2735 698 2775 contra
737 2745 833 2788 eos,
873 2733 948 2788 qui
986 2734 1248 2778 infirmiores
1287 2734 1374 2777 illis
1411 2734 1506 2778 fue-

170 2791 286 2840 runt,
318 2787 436 2830 iusta
466 2787 749 2832 defensione3
777 2792 822 2832 te
850 2789 965 2833 tueri
994 2794 1136 2847 potes.
1181 2789 1274 2834 ΡΡ.
1307 2789 1350 2834 lc.
1377 2789 1506 2834 Febr.

171 2841 352 2886 Iuliano
383 2848 428 2886 et
459 2842 663 2902 Crispino
695 2857 837 2888 conss.
1321 2850 1375 2898 [a.
1409 2850 1506 2898 224]

227 2898 257 2943 4
289 2897 433 2956 Impp.
466 2899 777 2944 Diocletianus
806 2906 851 2945 et
878 2901 1191 2946 Maoeimianus
1216 2902 1307 2946 AA.
1340 2901 1506 2960 Carpo-

168 2954 327 3012 phoro.
389 2955 436 2997 Si
473 2955 595 3010 prior
628 2969 698 2999 res
727 2958 909 3013 publica
940 2958 1160 3002 contraxit
1189 2957 1440 3013 fundusque
1469 2959 1509 3002 ei

170 3015 236 3053 est
259 3011 512 3075 'obligatum
553 3012 634 3054 tibi
674 3014 868 3057 secundo
910 3014 1115 3058 creditori
1155 3013 1397 3057 offerendi⁴
1429 3028 1506 3070 pe-

170 3079 342 3109 cuniam
381 3072 577 3122 potestas
619 3073 710 3122 est,
747 3074 797 3114 ut
835 3070 1048 3114 succedas
1090 3070 1221 3114 etiam
1260 3071 1306 3113 in
1344 3071 1412 3114 ius
1443 3072 1508 3115 rei

168 3123 384 3177 publicae.
453 3122 547 3167 ΡΡ.
579 3136 648 3167 ,Π
683 3125 726 3169 lc.
759 3125 859 3170 Iun.
899 3125 1106 3171 Maximo
1139 3138 1184 3170 11
1220 3132 1264 3171 et
1292 3127 1506 3184 Aquilino

169 3191 309 3222 conss.
1319 3187 1375 3236 [a.
1409 3186 1505 3236 286]

634 3354 824 3402 XVIIII
862 3354 1029 3414 (ΧΧ).’5

173 3430 222 3470 SI
253 3431 560 3477 ANTIQUIOR
590 3434 870 3476 onnmron
898 3437 1105 3477 menos
1135 3436 1505 3478 vnnnmnnrr.

229 3513 251 3577 l
290 3512 401 3571 Imp.
433 3514 692 3578 Aleoeander
721 3520 770 3559 A.
803 3517 1054 3562 Athenioni.
1122 3519 1167 3562 Si
1206 3519 1404 3563 vendidit
1440 3519 1506 3564 is⁶

172 3583 244 3624 qm
274 3575 377 3612 ante
404 3583 562 3625 pignus
593 3573 776 3626 accepit,
807 3575 1057 3628 persecutio
1083 3575 1165 3619 tibi
1188 3576 1508 3632 hypothecaria

174 3630 190 3667 1
225 3638 485 3691 ‘superesse
514 3639 600 3669 non
636 3634 795 3681 potest.
856 3629 963 3672 Cum
1003 3636 1149 3674 autem
1190 3632 1363 3676 debitor
1390 3632 1506 3688 ipsi⁷

170 3683 305 3736 priori
350 3682 554 3725 creditori
597 3683 748 3727 eadem
790 3685 973 3739 pignora
1016 3688 1061 3730 in
1101 3688 1293 3732 solutum
1333 3688 1505 3732 dederit

170 3738 235 3780 vel
279 3737 542 3790 vendiderit,
587 3752 675 3782 non
713 3741 849 3795 magis
889 3742 967 3784 tibi
1005 3744 1255 3798 persecutio
1298 3744 1505 3799 adempta

170 3798 246 3845 est,
279 3806 406 3858 quam
438 3795 474 3837 si
505 3795 601 3838 aliis
633 3796 808 3839 easdem
836 3809 906 3840 res
932 3798 1103 3842 debitor
1128 3800 1502 3844 venumdedisset:

170 3849 245 3892 sed
283 3853 347 3892 ita
384 3863 651 3906 persequens
691 3864 762 3895 res
803 3853 1018 3906 obligatas
1049 3855 1254 3908 audieris,
1297 3857 1346 3910 si,
1387 3856 1505 3910 quod

170 3905 307 3948 eidem
361 3908 606 3960 possessori
658 3912 839 3963 propter
890 3911 1194 3963 praecedentis
1247 3917 1504 3956 contractus

170 3962 480 4005 auctoritatem
511 3963 704 4006 debitum
734 3968 813 4017 est,
844 3964 1069 4010 obtuleris.
1128 3966 1222 4012 ΡΡ.
1257 3979 1287 4011 V
1309 3968 1367 4012 id.
1392 3967 1502 4012 Mai.

170 4018 385 4073 Aqrieola
415 4024 459 4061 et
490 4017 706 4063 Clemente
736 4033 879 4063 conss
1315 4029 1371 4076 [a.
1405 4027 1502 4077 230]

226 4070 255 4116 2
289 4072 433 4131 Impp.
464 4073 775 4118 Diocletianus
812 4081 857 4119 et
883 4074 1194 4122 Maximianus
1222 4081 1316 4123 AA.
1348 4086 1392 4124 et
1424 4079 1501 4124 CC.

172 4126 424 4191 Eqnclemiae.
494 4129 697 4185 Obligata
737 4131 931 4186 pignoris
982 4133 1076 4176 iure
1123 4135 1340 4180 creditore
1383 4140 1504 4180 recte

170 4183 439 4247 distrahente
481 4189 585 4239 post
627 4186 800 4230 debitor
844 4188 1030 4243 emptori
1074 4192 1262 4244 pretium
1314 4192 1501 4236 offerens

168 4239 234 4281 vel
278 4240 483 4283 cred1tori
523 4242 667 4295 quod⁸
702 4242 856 4287 debuit
884 4243 1084 4288 evincere
1112 4259 1201 4291 non
1230 4250 1392 4304 potest.
1454 4247 1500 4291 S.

171 4306 261 4337 XVI
286 4294 328 4338 lc.
359 4294 458 4340 Ian.
489 4298 580 4341 AA.
613 4311 757 4344 conss.
1310 4307 1369 4357 [a.
1401 4306 1500 4357 293]

169 4434 214 4483 (1)
248 4435 290 4474 B
321 4437 385 4486 25,
418 4446 451 4487 4,
481 4446 516 4477 13
549 4453 657 4491 seqq.
773 4439 828 4492 (2)
866 4440 907 4480 et
936 4439 988 4488 R,
1018 4455 1091 4480 om.
1127 4441 1160 4481 G
1270 4444 1326 4495 (3)
1355 4446 1418 4484 sic
1453 4445 1499 4494 G,

169 4490 323 4529 ratione
355 4487 391 4530 It'
505 4493 559 4542 (4)
592 4496 649 4534 sic
685 4495 725 4544 C,
758 4496 943 4536 offerenti
974 4494 1015 4535 R
1134 4497 1190 4548 (5)
1220 4497 1264 4538 Β
1294 4500 1361 4550 25,
1393 4508 1428 4548 4,
1458 4508 1496 4541 Π

173 4560 319 4638 {Zrlyatyum
356 4547 456 4639 Bm)
485 4549 672 4589 vendidit
701 4551 735 4589 is
771 4552 813 4601 C,
850 4551 1097 4591 vendidisset
1130 4551 1204 4604 pR

1494 119 1602 178 344

1583 4443 1641 4495 (9)
1669 4442 1716 4484 Β
1746 4444 1813 4494 25,
1843 4452 1877 4492 4,
1909 4453 1955 4487 20

1331 4556 1384 4604 (7)
1414 4554 1499 4607 ipse
1582 4555 1697 4595 sione
1728 4551 1810 4595 12⁶:
1842 4553 1882 4593 εἰ
1911 4555 2046 4597 ἐκπέσ

495 4606 550 4653 (κ)
582 4605 689 4653 quod
719 4603 780 4645 Εὖ
811 4622 893 4646 cum
925 4607 982 4657 B,
1011 4606 1189 4658 pretium
1220 4610 1327 4659 quod
1364 4610 1497 4651 PCR“
1582 4626 1687 4663 seqq.

1957 138 2033 176 nn
2068 139 2158 176 ms
2195 137 2292 185 QUI
2327 137 2386 174 m
2422 117 2669 176 PRIORUM
2706 137 2923 176 ennom.

1649 269 1678 317 3
1712 269 1837 315 Idem
1866 273 1957 316 AA.
1996 277 2041 318 et
2071 272 2148 319 CC.
2183 269 2440 330 Theophila
2507 271 2748 327 Quominus
2787 273 2928 318 credi-

1591 329 1676 378 tor,
1708 327 1783 381 qui
1808 331 1912 371 ante
1935 329 2094 384 pignus
2120 329 2304 384 accepit,
2337 326 2569 381 distrahat,
2593 342 2683 374 non
2703 329 2928 375 offerendo

1591 381 1814 426 secundus
1837 383 1974 438 priori
1994 385 2191 429 debitum
2207 381 2491 440 interpellare
2504 395 2596 428 non
2609 389 2772 441 potest.
2801 385 2856 432 D.
2883 396 2933 430 Vl

1591 437 1635 481 lc.
1666 438 1812 496 April.
1846 437 1924 483 CC.
1956 453 2101 485 conss.
2741 446 2797 495 [a.
2828 441 2929 498 294]

2109 611 2200 660 xx
2239 607 2412 675 (XXI).

1770 691 1822 731 s1
1853 690 2146 734 COMMUNIS
2175 693 2280 733 RES
2309 690 2635 732 PIGNORATA
2665 690 2766 731 SIT.

1651 772 1674 819 1
1726 772 1815 816 ⁹Im
1851 808 1860 816 .
1906 774 2162 819 Antoninus
2204 776 2255 819 A.
2312 773 2521 818 Venusto.
2602 772 2764 817 Frater
2811 776 2934 826 tuus,

1591 829 1708 873 sicut
1749 842 1802 873 vo
1836 830 1872 872 is
1916 829 2064 874 invitis
2106 831 2353 888 portionem
2396 828 2519 873 vobis
2537 829 2571 856 ¹⁰
2615 833 2935 885 competentem

1591 885 1787 939 obligare
1829 899 1920 929 non
1958 886 2123 941 potuit,
2169 887 2234 930 ita
2272 899 2397 930 suam
2437 885 2583 929 dando
2623 885 2936 940 obligationem

1593 941 1804 985 creditori
1841 942 2042 997 quaesiit.
2101 942 2218 986 unde
2254 941 2473 996 intellegis
2512 941 2683 985 nullum
2710 941 2936 997 praeiudi-

1592 998 1709 1041 cium
1762 997 1957 1042 dominio
2006 1002 2151 1043 vestro
2199 1000 2476 1042 contractum
2528 997 2622 1041 eius
2665 996 2814 1041 facere
2854 1009 2935 1062 po-

1590 1054 1744 1098 tuisse.
1804 1054 2003 1111 Accepta
2043 1065 2168 1098 XIIII
2204 1053 2247 1098 lc.
2279 1053 2384 1098 Dec.
2427 1052 2645 1097 Messalla
2681 1058 2727 1098 et
2764 1051 2936 1098 Sabino

1592 1123 1736 1154 conss.
2748 1112 2806 1162 [a.
2838 1109 2936 1162 214]

2069 1224 2186 1273 ΧΧῙ
2223 1225 2453 1287 (ΧΧΠ).ιι

1593 1309 1668 1349 DE
1708 1306 2027 1348 PRAETORIO
2067 1306 2319 1347 PIGNORE
2357 1308 2431 1348 ET
2469 1308 2542 1348 UT
2582 1307 2647 1347 IN
2685 1306 2939 1348 ACTIONI-

1648 1364 1752 1405 BUS
1782 1363 1965 1404 ETIAM
1994 1362 2327 1403 DEBITORUM
2361 1363 2546 1404 MISSIO
2575 1362 2883 1404 PRAETORII

1963 1418 2231 1461 PIGNORIS
2259 1418 2571 1460 PROGEDAT.

1651 1502 1674 1548 1
1712 1501 1826 1561 Imp.
1860 1500 2144 1546 Iustinianus
2173 1502 2224 1545 A.
2256 1499 2419 1545 Menae
2450 1515 2533 1559 pp.
2595 1500 2642 1546 Si
2670 1501 2940 1557 praetorium

1593 1560 1751 1616 pignus
1796 1558 2062 1615 quicumque
2099 1556 2268 1601 iudices
2309 1556 2502 1600 dandum
2540 1557 2676 1601 alicui
2702 1569 2940 1622 perspexe-

1593 1616 1703 1667 rint,
1743 1628 1835 1659 non
1865 1615 2007 1658 solum
2037 1627 2171 1670 super
2199 1614 2334 1657 rebus
2363 1613 2604 1657 mobilibus
2633 1617 2679 1658 et
2707 1613 2945 1657 immobili-'

1593 1672 1676 1715 bus
1721 1676 1765 1715 et
1809 1683 1856 1714 se
1896 1671 2194 1723 moventibus,
2242 1669 2321 1714 sed
2360 1669 2495 1713 etiam
2531 1682 2665 1725 super
2693 1669 2942 1716 actionibus

1593 1740 1706 1782 quae
1748 1727 1937 1771 debitori
1978 1730 2234 1784 competunt
2303 1726 2570 1783 raecipimus
2598 1726 2684 1770 hoc
2714 1725 2778 1769 eis
2806 1725 2942 1770 licere

1594 1784 1842 1828 decernere.
1910 1783 1964 1827 D.
2006 1782 2048 1826 Ic.
2081 1783 2225 1841 April.
2306 1782 2666 1841 onstantinopoli
2704 1780 2939 1882 Βεοὶοὸἕξ.

1594 1853 1713 1884 conS.
2769 1851 2809 1882 a.

1650 1894 1681 1941 2
1714 1894 1838 1939 Idem
1862 1896 1913 1939 A.
1941 1893 2123 1939 Iuliano
2146 1909 2230 1952 pp.
2275 1893 2452 1938 Veteris
2482 1894 2591 1936 iuris
2622 1841 2942 1938 dubitiztioneni

1594 1952 1847 1995 decidentes
1886 1951 1944 1995 ad
1981 1951 2165 2007 duplum
2194 1963 2332 2005 genus
2362 1950 2714 2007 hypothecarum
2743 1950 2941 2005 respexi-

1591 2021 1701 2062 mus,
1730 2021 1866 2050 unum
1890 2007 2078 2062 quidem,
2111 2007 2231 2061 quod
2256 2020 2310 2050 ex
2337 2006 2705 2050 conventionibus
2732 2009 2777 2048 et
2795 2005 2941 2061 pactis

1593 2064 1819 2108 hominum
1848 2063 2061 2118 nascitur,
2103 2063 2238 2114 aliud,
2280 2062 2397 2118 quod
2430 2075 2457 2105 a
2487 2061 2706 2106 iudicibus
2736 2060 2869 2105 datur
2897 2065 2943 2104 et

1601 2125 1614 2162 i
1685 2120 1957 2175 praetorium
1995 2123 2295 2175 nuncupatur.
2363 2118 2426 2160 Et
2466 2132 2565 2162 cum
2610 2116 2857 2160 invenimus
2894 2116 2943 2160 in

1595 2175 2002 2219 conventionalibus
2030 2175 2289 2230 pignoribus
2307 2174 2377 2216 vel
2399 2173 2661 2229 hypothecis
2687 2185 2778 2215 non
2799 2172 2942 2216 solum

1593 2238 1814 2274 tenentem
1845 2231 2110 2274 creditorem
2139 2229 2361 2283 adiuvari,
2403 2229 2490 2272 sedv
2519 2229 2650 2271 etiam
2685 2227 2724 2270 si
2753 2227 2810 2271 ab
2840 2240 2894 2272 eo
2908 2228 2944 2255 ¹²

1593 2288 1743 2340 cadat,
1790 2287 1881 2330 sive
1918 2299 2000 2329 sua
2040 2286 2172 2341 culpa
2212 2286 2302 2328 sive
2343 2297 2434 2328 non
2474 2284 2564 2328 sive
2603 2283 2788 2328 fortuito
2819 2295 2941 2336 casu,

1591 2342 1828 2386 humanius
1868 2355 1964 2386 esse
2003 2342 2309 2396 perspeximus
2347 2344 2394 2384 et
2428 2340 2475 2384 in
2502 2339 2728 2396 praetorio
2759 2339 2943 2397 pignore

1592 2398 1696 2442 dare
1720 2398 2106 2453 recuperationem
2131 2396 2353 2449 creditori,
2386 2409 2664 2453 quocumque
2687 2396 2821 2440 modo
2837 2409 2942 2452 pos-

1592 2454 1830 2498 sessionem
1860 2454 2055 2506 amittat,
2095 2452 2187 2497 sive
2218 2453 2351 2508 culpa
2379 2465 2461 2497 sua
2491 2453 2582 2496 sive
2612 2466 2702 2497 non
2731 2452 2823 2496 sive
2849 2451 2942 2497 for-

1593 2514 1615 2552 2
1675 2510 1789 2554 tuito
1832 2523 1953 2553 casu.
2015 2509 2143 2553 Licet
2182 2510 2300 2552 enim
2330 2509 2548 2553 debuerat
2575 2509 2831 2554 incumbere
2861 2521 2943 2554 suo

1591 2566 1783 2622 pignori,
1828 2580 1884 2610 ne
1921 2566 2113 2622 aliquam
2152 2566 2350 2621 patiatur
2389 2565 2632 2618 iacturam,
2673 2570 2842 2618 tamen,
2887 2577 2944 2610 ne

1593 2623 1697 2678 quid
1727 2635 1925 2666 amarum
1955 2623 2001 2664 in
2033 2621 2328 2665 creditoribus
2360 2627 2677 2678 consequatur,
2707 2621 2812 2666 beni
2874 2621 2941 2667 ’us

1593 2691 1774 2722 causam
1816 2680 2161 2733 interpretamur
2205 2683 2250 2722 et
2292 2678 2331 2721 ei
2374 2678 2759 2734 recuperationem
2833 2691 2942 2722 ona-

1590 2747 1702 2779 mus.
1749 2734 1803 2778 D.
1835 2734 1877 2778 lc.
1897 2735 2009 2791 Auq.
2032 2733 2427 2791 Constantinopoli
2443 2733 2698 2792 Lampadio
2724 2739 2769 2779 et
2787 2733 2943 2778 Oreste

1591 2805 1655 2835 vv.
1688 2804 1749 2834 oc.
1782 2804 1926 2834 conss.
2750 2794 2807 2842 [a.
2840 2793 2939 2843 530]

2041 2906 2181 2954 XXII
2220 2903 2480 2965 (ΧΧΙΠ).’ει

1629 2989 1680 3028 SI
1711 2989 1773 3028 IN
1806 2988 1983 3028 CAUSA
2014 2987 2270 3028 IUDIGATI
2299 2986 2509 3028 PIGNUS
2541 2985 2770 3026 CAPTUM
2800 2985 2900 3026 SIT.

1648 3069 1670 3116 1
1718 3069 1832 3129 Imp.
1873 3071 2130 3114 Antoninus
2167 3072 2218 3115 A.
2253 3068 2457 3113 Gabinio.
2527 3067 2617 3111 Res
2657 3067 2714 3111 ob
2759 3079 2942 3112 causam

1588 3127 1772 3170 iudicati
1802 3126 1895 3171 eius
1924 3127 2064 3180 iussu,
2099 3127 2171 3171 cui
2192 3127 2261 3170 ius
2287 3124 2468 3169 iubendi
2494 3124 2592 3177 fuit,
2623 3123 2818 3179 pignoris
2841 3123 2940 3168 iure

1589 3184 1730 3227 teneri
1764 3196 1819 3227 ac
1860 3183 2049 3226 distrahi
2077 3195 2209 3239 posse
2238 3194 2373 3238 saepe
2403 3181 2667 3236 rescriptum
2696 3184 2777 3224 est.
2836 3192 2939 3224 nam

1588 3240 1635 3283 in
1669 3239 1809 3283 vicem
1847 3239 1995 3282 iustae
2019 3238 2313 3293 'obligationis
2351 3236 2552 3282 succedit
2580 3249 2635 3279 ex
2666 3247 2802 3280 causa
2832 3249 2938 3281 con-

1589 3299 1759 3340 tractus
1799 3295 2043 3339 auctoritas
2082 3295 2291 3341 iubentis.
2352 3293 2446 3338 ΡΡ.
2487 3305 2517 3336 V
2546 3291 2588 3336 lc.
2620 3293 2735 3350 Auq.
2766 3291 2940 3337 Romae

1588 3352 1819 3396 Antonino
1850 3352 1901 3396 A.
1935 3363 2026 3395 ΙΙΙ]
2053 3356 2100 3395 et
2127 3350 2326 3395 Balbino
2358 3363 2503 3394 conss.
2749 3351 2806 3401 [a.
2839 3351 2937 3402 213]

1646 3406 1677 3453 2
1708 3407 1821 3466 Imp.
1854 3407 2119 3452 Alexander
2148 3409 2198 3451 A.
2243 3406 2501 3450 Valeriano.
2569 3404 2679 3448 Cum
2718 3404 2765 3447 in
2802 3416 2940 3448 causa

1588 3464 1770 3508 iudicati
1799 3463 1949 3520 aliqua
1978 3476 2050 3507 res
2079 3463 2254 3519 pignori
2285 3462 2474 3518 capitur,
2507 3473 2589 3517 per
2619 3459 2812 3504 officium
2843 3460 2938 3505 eius

1589 3522 1665 3576 qui
1693 3520 1756 3564 ita
1785 3519 1981 3564 decrevit
2007 3519 2264 3564 venumdari
2296 3520 2428 3570 solet,
2469 3530 2559 3561 non
2588 3529 2670 3572 per
2699 3528 2822 3570 eum,
2864 3515 2940 3572 qui

1595 3584 1608 3619 1
1659 3576 1903 3620 iudicatum
1933 3575 2031 3620 fieri
2059 3575 2315 3631 postulavit.
2362 3575 2424 3617 Et
2447 3574 2484 3617 si
2510 3573 2595 3617 alio
2622 3575 2820 3628 emptore
2847 3585 2939 3616 non

1590 3634 1818 3684 existente,
1849 3632 1918 3675 vel
1949 3631 2165 3675 existente
2188 3631 2377 3686 quidem,
2412 3629 2490 3673 sed
2517 3642 2605 3673 non
2632 3628 2812 3684 dignum
2836 3641 2937 3684 pre-

1587 3690 1697 3733 tium
1729 3689 1941 3733 offerente
1970 3688 2009 3732 is
2041 3688 2111 3731 cui
2133 3687 2357 3731 iudicatus
2383 3686 2490 3730 satis
2515 3699 2606 3729 non
2631 3685 2738 3729 fecit
2757 3684 2816 3728 ad
2839 3684 2936 3728 lici-

1589 3746 1801 3789 tationem
1827 3743 2067 3788 secundum
2093 3744 2338 3788 constituta
2359 3742 2496 3786 fuerit
2525 3741 2755 3793 admissus,
2787 3740 2935 3785 cuius-

1588 3802 1697 3845 libet
1731 3801 1915 3845 alterius
1954 3801 2050 3844 vice
2086 3812 2139 3843 ex
2179 3799 2327 3844 officio
2366 3811 2510 3843 emere
2549 3797 2690 3840 debet.
2754 3795 2849 3840 ΡΡ.
2890 3807 2940 3840 VI

1588 3857 1630 3902 lc.
1663 3856 1771 3901 Mai.
1803 3855 2011 3900 Maximo
2044 3867 2090 3900 Π
2116 3861 2161 3900 et
2189 3856 2379 3900 Aeliano
2411 3868 2554 3899 conss.
2747 3856 2803 3906 [a.
2836 3855 2934 3905 223]

1646 3911 1675 3960 3
1708 3911 1822 3970 Imp.
1858 3910 2117 3956 Gordianus
2151 3913 2202 3956 A.
2238 3912 2485 3970 Antiqono.
2554 3909 2606 3953 In
2645 3921 2782 3953 causa
2819 3907 2934 3951 iudi-

1590 3969 1679 4013 cati
1719 3968 1906 4024 pignora
1951 3981 2005 4012 ex
2049 3968 2317 4012 auctoritate
2360 3965 2573 4023 praesidis
2614 3970 2746 4020 capta
2783 3963 2934 4028 potius

1589 4025 1775 4068 distrahi
1804 4037 1934 4079 quam
1964 4024 2063 4068 iure
2093 4024 2273 4068 dominii
2302 4022 2523 4079 possideri
2553 4023 2836 4085 consuerunt.
2881 4031 2934 4084 .⁸!

1587 4086 1734 4125 tamen
1772 4093 1854 4135 per
1890 4080 2174 4124 calliditatem
2215 4078 2496 4124 condemnati
2535 4082 2707 4133 emptor
2721 4086 2933 4141 ‚invemri

1587 4150 1677 4180 non
1704 4141 1866 4192 potest,
1898 4138 2006 4179 tunc
2036 4136 2306 4181 auctoritate
2330 4134 2544 4192 principis
2572 4131 2810 4176 domimum
2837 4142 2932 4174 cre-

1587 4193 1722 4237 ditori
1759 4191 1906 4235 addici
1945 4192 2071 4237 solet.
2131 4191 2223 4236 ΡΡ.
2268 4191 2326 4235 id.
2367 4191 2482 4248 Auq.
2517 4187 2748 4233 Gordiano
2790 4186 2840 4229 A.
2887 4190 2935 4231 et

1585 4247 1748 4294 Aviola
1778 4261 1921 4292 conss.
2743 4246 2800 4295 [a.
2832 4241 2926 4289 239]

2098 4446 2173 4497 (10)
2212 4443 2332 4484 vobis
2371 4441 2461 4484 edd.
2491 4456 2574 4482 cum
2611 4440 2670 4491 B,
2718 4455 2790 4481 om.
2835 4439 2930 4482 libri

2174 4502 2249 4551 (12)
2284 4513 2331 4539 eo
2361 4497 2428 4548 M,
2469 4509 2515 4538 ea
2550 4496 2660 4547 03⁰,
2698 4509 2745 4537 ea
2772 4507 2926 4549 posses-

1584 4498 1653 4550 (ιι)
1687 4499 1731 4539 Β
1761 4500 1826 4549 25,
1859 4509 1892 4550 7,
1923 4510 1974 4541 14.
2008 4509 2045 4542 15

2046 4560 2073 4612 ῃ
2103 4550 2126 4597 ὃ
2159 4548 2391 4605 δανειστὴς
2422 4553 2466 4594 Β
2551 4555 2624 4605 (13)
2656 4553 2700 4594 Β
2731 4554 2798 4604 25,
2825 4560 2859 4605 ⁶1,
2885 4558 2924 4594 to
