3152 4784
206 182 284 233 [Π
321 178 519 229 26—28
1523 148 1623 208 132

211 325 366 371 iudicio
407 320 563 363 adduci
602 317 794 371 oportet,
834 312 918 354 nisi
956 311 1072 355 forte
1110 305 1351 361 cuiuspiam
1396 314 1448 344 ca
1481 304 1530 363 ut

211 378 427 425 accusatio
458 377 497 416 le
530 375 623 415 'bus
653 371 852 412 instituta
881 367 1136 421 pulsaverit.
1192 362 1246 406 D.
1266 370 1333 402 ιι]
1358 356 1401 400 lc.
1470 369 1527 398 ac.

209 432 399 479 Arcadio
429 435 473 471 et
545 432 708 468 autone
737 434 878 464 conss.
1158 472 1166 480 .
1339 416 1398 464 [a.
1430 409 1527 464 385]

264 487 321 533 11
365 484 507 540 Impp.
550 476 822 521 Theodosius
859 479 904 518 et
942 473 1279 518 Valentimanus
1316 467 1414 530 ΑΛ..
1445 466 1529 509 Ar-

210 542 308 588 taxi
330 534 592 602 praeposito
621 530 743 574 sacri
770 528 974 572 cubiculi.
1039 529 1135 571 Hac
1173 526 1265 578 lege
1295 533 1528 585 sancimus,

208 603 278 648 ut,
314 606 400 640 sive
443 592 543 644 agat
581 587 807 629 domorum
844 587 1092 626 nostrarum
1129 581 1309 642 colonus
1352 580 1430 620 aut
1461 590 1528 619 in—

208 651 392 709 quilinus
435 650 511 689 aut
552 653 700 685 servus
743 651 820 682 seu
867 639 1068 692 pulsetur
1109 636 1164 678 ab
1207 633 1352 687 aliquo
1395 643 1531 696 super

208 703 415 751 criminali
451 699 514 743 vel
544 695 657 740 civili
685 693 883 747 negotio,
923 705 1011 735 non
1047 690 1154 734 alibi
1181 701 1313 744 quam
1342 691 1407 730 tui
1437 687 1530 731 cul-

205 761 331 806 minis
373 770 425 801 ac
466 753 543 798 viri
585 747 836 805 spectabilis
875 746 1045 790 comitis
1083 745 1309 788 domorum
1354 747 1531 798 petatur

206 826 404 860 examen:
455 807 613 852 nullius
656 802 931 857 adlegatione
975 813 1109 855 super
1151 799 1238 844 fori
1279 798 1530 855 praescrip-

898 855 954 901 D.
994 868 1023 900 V
1044 855 1104 899 id.
1135 854 1280 914 April.
1312 854 1529 899 Eudooeio

204 872 322 914 tione
348 865 519 923 penitus
548 858 831 904 admittenda.

1343 914 1399 962 [a.
1430 912 1528 962 442]

203 931 249 969 et
273 923 490 967 Diosco-ro
520 928 662 960 conss.

744 1084 944 1132 XXVII.

203 1169 425 1219 QUANDO
453 1165 660 1208 LICEAT
690 1164 821 1205 SINE
847 1163 1045 1204 IUDICE
1068 1161 1383 1208 UNICUIQUE
1410 1161 1531 1202 VIN-

277 1224 483 1267 DICARE
513 1221 580 1262 SE
609 1219 723 1262 VEL
750 1218 1042 1260 PUBLICAM
1071 1218 1458 1260 DEVOTIONEM.

257 1305 279 1353 1
320 1304 511 1362 ¹Imppp.
553 1300 894 1346 Valentinianus
924 1298 1200 1344 Theodosius
1237 1306 1282 1343 et
1309 1299 1535 1342 Arcadius·

199 1361 329 1407 AAA.
367 1360 427 1403 ad
494 1356 771 1402 revinciales.
838 1356 1045 1399 Liberam
1088 1354 1320 1399 resistendi
1360 1357 1530 1398 cunctis

199 1417 426 1461 tribuimus
475 1413 724 1465 acultatem,
761 1416 811 1454 ut
839 1412 1100 1467 quicumque
1130 1411 1317 1454 militum
1347 1411 1413 1453 vel
1440 1412 1530 1467 pri-

199 1477 395 1517 vatorum
445 1469 502 1513 ad
553 1480 683 1522 agros
734 1472 976 1511 nocturnus
1026 1467 1262 1522 populator
1304 1466 1534 1510 intraverit

199 1533 276 1572 aut
310 1527 467 1570 itinera
501 1523 780 1579 frequentata
816 1522 986 1566 insidiis
1023 1522 1319 1576 adgressionis
1349 1522 1530 1566 obsede-

198 1585 267 1638 rit,
305 1582 518 1639 permissa
547 1579 805 1634 cuicumque
837 1578 1018 1622 licentia
1047 1578 1204 1632 dignus
1233 1578 1334 1620 ilico
1364 1578 1530 1634 suppli-

201 1640 266 1683 cio
296 1637 552 1692 subiugetur
587 1647 640 1678 ac
676 1638 859 1678 mortem
898 1647 1028 1688 quam
1057 1633 1312 1677 minabatur
1341 1633 1533 1690 excipiat

200 1700 242 1739 et
282 1694 327 1737 id
372 1692 487 1746 quod
529 1690 788 1735 intendebat
829 1690 1042 1733 incurrat.
1112 1690 1266 1732 melius
1306 1689 1422 1733 enim
1467 1692 1533 1732 est

122 1780 124 1782 -
199 1761 426 1794 occurrere
454 1748 499 1790 in
527 1751 745 1802 tempore,
786 1758 917 1801 quam
944 1750 1046 1800 post
1074 1745 1237 1788 exitum
1267 1745 1490 1789 vindicare
1501 1747 1531 1788 2.

201 1811 219 1849 1
285 1805 486 1848 Vestram
529 1802 664 1857 igitur
718 1801 839 1844 vobis
885 1801 1176 1856 permittimus
1221 1801 1432 1844 ultionem
1475 1806 1532 1855 et,

199 1860 314 1917 quod
350 1871 494 1903 serum
533 1863 602 1902 est
631 1857 786 1912 punire
813 1857 1000 1909 iudicio,
1041 1857 1324 1911 subiugamus
1370 1856 1531 1901 edicto:

198 1916 342 1960 nullus
369 1918 526 1970 parcat
553 1913 700 1967 militi,
731 1912 803 1956 cui
832 1913 1010 1956 obviare
1039 1912 1126 1956 telo
1158 1916 1360 1968 oporteat
1389 1917 1438 1956 ut
1465 1913 1530 1956 la-

198 1971 325 2015 troni.
370 1967 801 2014 D.lc.1ul.Tatz·ano
823 1973 867 2012 et
882 1967 1151 2025 Symmacho
1168 1981 1310 2012 conss.
1358 1973 1414 2021 [a.
1434 1973 1531 2021 391]

253 2024 284 2072 2
315 2024 491 2084 Imppp.
522 2024 745 2068 Arcadius
774 2023 1011 2067 Honorius
1038 2028 1083 2068 et
1108 2022 1385 2068 Theodosius
1399 2025 1531 2069 AAA.

199 2081 435 2126 Hadriano
465 2095 549 2146 pp.
620 2078 1017 2136 Opprimendorum
1071 2079 1346 2123 desertorum
1391 2079 1532 2124 facul-

197 2143 329 2181 tatem
363 2135 707 2192 provmcialibus
745 2136 840 2178 iure
874 2135 1181 2191 permittimus.
1251 2136 1323 2190 qui
1357 2137 1396 2179 si
1424 2137 1532 2180 resi-

198 2199 311 2238 stere
349 2193 445 2236 ausi
482 2192 666 2246 fuerint,
703 2190 751 2234 in
784 2191 852 2234 his
885 2191 1010 2235 velox
1040 2191 1304 2246 ubicumque
1333 2192 1533 2235 iubemus

197 2262 293 2293 esse
334 2248 608 2304 supplicium.
683 2247 833 2290 cuncti
876 2246 1037 2290 etenim
1085 2247 1295 2290 adversus
1338 2248 1533 2291 latrones

197 2304 396 2361 publicos
436 2304 768 2357 desertoresque
806 2302 984 2346 militiae
1023 2303 1092 2345 ius
1136 2302 1222 2346 sibi
1264 2303 1410 2346 sciant
1484 2316 1533 2346 ro

198 2360 342 2416 quiete
379 2359 597 2404 communi
634 2358 905 2415 exercendae
939 2358 1145 2414 publicae
1180 2358 1359 2402 ultionis
1389 2317 1533 2402 imful-

198 2421 302 2459 tum.
367 2415 422 2460 D.
469 2427 499 2459 V
529 2428 632 2458 non.
677 2412 770 2458 Oct.
811 2413 1060 2458 Theodosio
1099 2414 1151 2458 A.
1200 2420 1245 2458 et
1282 2414 1532 2458 Rumor-ido

197 2484 340 2515 conss.
1346 2473 1401 2522 [a.
1435 2475 1532 2522 403]

742 2639 987 2689 XXVIII.⁸

423 2722 499 2762 DE
529 2719 885 2762 INOFFICIOSO
915 2721 1305 2763 TESTAMENTO.

255 2802 279 2849 1
331 2801 477 2860 Impp.
523 2800 713 2845 Severus
759 2806 804 2844 et
842 2801 1097 2844 Antoninus
1140 2803 1231 2845 AA.
1286 2802 1531 2847 Victorino.

200 2859 311 2903 Cum
339 2858 393 2900 de
422 2857 667 2901 inofficioso
697 2856 849 2899 matris
889 2869 995 2899 suae
1030 2859 1290 2900 testamento
1321 2857 1438 2900 filius
1468 2857 1532 2899 di-

201 2926 301 2957 cere
329 2913 432 2957 velit
459 2912 670 2955 adversus
701 2924 821 2965 eum,
862 2912 937 2967 qui
965 2924 1019 2954 ex
1049 2924 1186 2956 causa
1214 2912 1535 2955 fideicommissi

199 2969 484 3012 hereditatem
519 2970 663 3019 tenet,
701 2980 790 3025 non
830 2972 896 3011 est
931 2967 1126 3021 iniquum
1161 2967 1247 3011 hoc
1287 2968 1326 3011 ei
1362 2980 1533 3011 accom-

199 3024 391 3076 modari,
432 3027 482 3067 ut
550 3022 726 3067 erinde⁴
767 3022 1194 3067 fideicommissarius
1227 3028 1443 3076 teneatur,
1483 3036 1535 3066 ac

200 3081 238 3124 si
279 3093 359 3134 pro
398 3079 503 3123 here
535 3091 558 3122 e
597 3083 675 3121 aut
708 3091 790 3134 pro
828 3090 1085 3133 possessore
1120 3079 1380 3134 possideret.
1440 3078 1532 3122 ΡΡ.

208 3147 238 3178 V
260 3134 302 3178 lc.
332 3134 419 3179 Iul.
450 3134 648 3178 Falcone
675 3139 722 3178 et
750 3133 883 3178 Claro
914 3147 1056 3177 conss.
1347 3139 1403 3187 [a.
1440 3139 1533 3186 193]

257 3189 288 3235 2
333 3189 456 3234 Idem
498 3190 588 3233 AA.
634 3188 858 3233 Lucretio.
932 3188 1137 3243 Quamvis
1189 3190 1242 3233 de
1285 3190 1534 3234 inofficioso

202 3248 460 3288 testamento
499 3248 701 3288 acturum
747 3254 790 3288 te
827 3245 1045 3288 bonorum
1093 3246 1416 3300 possessionem
1461 3259 1534 3289 ac-

205 3300 371 3354 cepisse
408 3314 649 3355 proponas,
686 3304 832 3343 tamen
870 3301 1046 3356 scriptis
1086 3302 1323 3346 heredibus
1359 3302 1534 3346 auferre

205 3355 526 3409 possessionem
554 3355 723 3398 incivile
753 3360 831 3399 est.
891 3355 1054 3400 19.an
1081 3356 1124 3401 lc.
1150 3356 1256 3402 Dec.
1287 3356 1465 3403 Dextro
1493 3370 1537 3401 11

208 3412 252 3451 et
278 3407 437 3452 Prisco
467 3423 607 3452 conss.
1349 3417 1404 3467 [a.
1439 3416 1532 3467 196]

254 3460 295 3526 ,3
326 3462 446 3506 Idem
475 3465 566 3507 AA.
599 3463 828 3509 Ianuario.
887 3467 934 3510 Si
964 3473 1103 3511 mater
1133 3469 1233 3512 filiis
1265 3469 1438 3514 duobus
1467 3470 1533 3513 in-

209 3518 372 3582 st1tutis
402 3518 528 3562 tertio
559 3524 659 3574 post
687 3525 991 3565 testamentum
1021 3528 1226 3579 suscepto
1241 3528 1270 3575 ⁵,
1312 3538 1412 3569 cum
1438 3539 1534 3570 mu-

209 3577 304 3616 tare
323 3572 436 3616 idem
460 3578 766 3618 testamentum
786 3577 1014 3631 potuisset,
1039 3580 1122 3622 hoc
1146 3582 1294 3625 facere
1319 3582 1534 3636 neglexis-

210 3632 296 3680 set,
338 3629 491 3672 merito
535 3634 687 3684 utpote
730 3645 817 3674 non
859 3633 985 3676 iustis
1027 3635 1270 3680 rationibus
1310 3638 1535 3692 neglectus

214 3687 231 3724 1
293 3683 345 3726 de
381 3684 624 3749 inofficioso
663 3687 897 3740 querellam
935 3688 1162 3735 instituere
1199 3698 1388 3747 poterat.
1449 3693 1535 3737 Sed

211 3751 309 3803 ⁰.u¹.1¹
337 3751 433 3782 eam
460 3753 507 3803 in
535 3742 765 3804 puerperio
795 3743 884 3785 vita
908 3745 1089 3788 cessisse
1112 3761 1346 3803 proponas,
1377 3761 1533 3804 repen-

209 3798 288 3858 tmi
326 3807 456 3839 casus
492 3802 698 3850 iniquitas
737 3810 816 3851 per
856 3799 1148 3844 coniecturam
1187 3807 1412 3848 maternae
1444 3805 1534 3860 pie-

209 3855 311 3892 tatis
334 3850 602 3893 emendanda
626 3856 705 3895 est.
752 3865 884 3906 quare
910 3854 1000 3898 filio
1026 3860 1115 3909 tuo,
1147 3860 1218 3902 cui
1232 3859 1340 3902 nihil
1360 3866 1536 3916 praeter

209 3909 450 3969 maternum
486 3906 626 3949 fatum
661 3907 867 3963 imputari
905 3914 1070 3965 potest,
1114 3915 1321 3967 perinde⁴
1366 3915 1535 3959 virilem

210 3964 452 4024 portionem
491 3961 766 4005 tribuendam
803 3977 898 4008 esse
937 3979 1184 4018 censemus,
1227 3984 1281 4014 ac
1317 3971 1356 4014 si
1386 3984 1535 4015 omnes

211 4019 234 4055 2
285 4014 417 4079 'fil-ios
459 4017 640 4061 heredes
686 4019 960 4064 instituisset.
1043 4022 1118 4065 Sin
1162 4031 1306 4069 autem
1351 4027 1535 4072 heredes

210 4075 362 4132 scriptl
391 4073 585 4135 extranei
615 4080 750 4128 erant,
780 4078 886 4119 tunc
916 4076 970 4119 de
997 4077 1239 4124 inofficioso
1271 4086 1533 4126 testamento

210 4128 425 4168 actionem
452 4132 681 4172 mstltuere
708 4143 797 4173 non
824 4131 1096 4185 prohibetur.
1154 4135 1246 4180 ΡΡ.
1275 4149 1367 4181 VIII
1385 4137 1428 4182 lc.
1447 4138 1533 4182 Iul.

210 4177 434 4224 Laterano
464 4187 509 4225 et
534 4182 700 4239 Rufino
731 4199 872 4229 conss.
1346 4197 1403 4246 [a.
1439 4197 1533 4246 197]

211 4316 260 4365 (1)
290 4337 344 4353 -ι
377 4318 447 4358 Th.
464 4319 504 4370 9,
519 4328 571 4368 14,
589 4328 609 4360 2
628 4321 669 4361 B
686 4323 752 4373 60,
768 4331 824 4374 39,
843 4332 882 4365 16
953 4324 1008 4374 (2)
1026 4324 1225 4366 vindicari
1246 4329 1316 4370 le.
1334 4340 1474 4372 contra
1491 4332 1530 4372 B

212 4371 265 4419 (3)
296 4371 338 4411 Β
368 4374 433 4423 39,
463 4382 493 4425 1,
522 4383 565 4415 34
593 4390 700 4428 seqq.
726 4400 779 4407 —
810 4380 871 4432 Cf.
888 4380 984 4432 Diy.
1005 4381 1081 4430 5‚2
1166 4383 1217 4431 (4)
1239 4385 1411 4435 proinde
1438 4389 1534 4428 libri

214 4425 265 4474 (5)
292 4431 473 4479 suscepto
503 4445 529 4469 a
558 4431 876 4483 compilatoribus
905 4437 1002 4474 nato
1025 4437 1269 4479 substitutum
1287 4455 1368 4482 esse
1388 4442 1530 4483 Thale-

218 4477 325 4519 laeus
354 4484 475 4534 refert
626 4488 681 4538 (6)
710 4499 785 4526 see.
818 4488 924 4529 deor.
953 4492 1082 4541 praet.
1113 4489 1278 4543 PC⁶R⁶,
1307 4511 1378 4536 om-
1413 4495 1531 4537 0⁶12ss

217 4532 272 4582 (7)
302 4536 341 4573 te
359 4536 444 4576 her.
466 4538 608 4580 relicto
642 4538 769 4594 Cbflb,
796 4556 870 4584 neo
884 4543 1079 4585 derelicto
1094 4546 1278 4589 PC⁰?R‘⁸
1362 4552 1417 4603 (8)
1438 4555 1531 4606 for·
1615 4554 1666 4593 A.
1695 4551 1810 4593 Flor·
1839 4550 1965 4592 militi
1995 4557 2034 4604 ὅ,
2051 4563 2109 4605 30,
2130 4563 2151 4595 2

219 4597 319 4625 tasse
349 4590 544 4642 iunyenda
574 4605 631 4635 est
663 4595 783 4650 Grey.
814 4600 852 4649 3,
870 4609 954 4649 1,1:
986 4600 1087 4651 Imp.
1113 4603 1347 4644 Antoninus
1369 4607 1417 4645 A.
1446 4609 1530 4647 Au·

2668 0 2714 36 Ἴ

1668 296 1701 343 4
1732 297 1857 341 Idem
1893 299 1988 344 AA.
2026 299 2260 346 Sotericho
2300 304 2344 344 et
2381 299 2494 342 aliis,
2571 299 2678 343 Cum
2719 313 2771 344 ex
2813 314 2947 345 causa

1611 353 1935 398 fideicommissi
1964 357 2203 400 secundum
2231 358 2455 400 decretum
2481 355 2726 409 praetoris⁶
2747 357 2793 399 in
2817 355 2946 400 liber-
3107 367 3111 383 1

1612 412 1704 452 tate
1739 409 1898 452 morati
1935 410 2054 463 sitis,
2093 412 2206 455 filios
2245 412 2374 455 etlam
2410 410 2712 464 susceperitis,
2752 412 2947 467 quamvis
3021 414 3023 417 ’

1612 466 1768 519 postea
1811 463 1976 508 domini
2018 467 2150 510 vestri
2192 472 2501 511 testamentum
2554 465 2849 510 inofficiosum
2892 467 2950 511 sit
3022 487 3027 492 ·
3071 491 3073 494 <
3113 476 3115 481 ·

1643 519 1945 563 ronuntiatum
1973 527 2129 576 agente
2157 522 2261 576 filio,
2291 535 2381 566 non
2404 525 2473 564 est
2497 533 2550 564 ae
2581 534 2684 564 uum
2706 520 2803 564 fieri
2824 521 2948 567 vobis
3030 534 3032 550 ³
3071 534 3075 542 ¹

1629 573 1826 618 ibertatis
1866 577 2179 630 quaestionem.
2246 575 2339 622 ΡΡ.
2382 589 2430 620 VJ
2462 575 2521 619 id.
2605 581 2690 620 art.
2721 576 2950 621 Antonino

1614 642 1683 674 111
1707 635 1753 674 et
1782 628 1893 673 Geta
1924 642 1967 674 11
1993 645 2136 677 conss.

1611 742 1730 785 litem
1769 744 2062 786 contestatam
2090 743 2158 787 vel
2194 750 2430 800 postquam
2465 743 2742 799 propositum
2770 742 2951 788 habuis-

1612 802 1680 841 set
1708 796 2004 840 inofficiosum
2031 797 2183 843 fratris
2213 803 2525 843 testamentum
2552 799 2696 842 dicere
2722 804 2766 843 te
2790 798 2952 843 herede

1611 853 1792 896 relicto⁷
1838 851 2047 906 decessit,
2092 867 2273 899 causam
2316 857 2518 910 coeptam
2562 854 2629 897 vel
2678 866 2954 911 quocumque

1611 908 1741 952 modo
1770 907 1836 950 illi
1863 907 2072 963 placitam
2098 922 2200 954 exse
2230 910 2277 954 ui
2301 923 2390 954 non
2415 909 2677 966 prohiberis.
2724 908 2816 955 ΡΡ.
2826 909 2951 969 prid.

1612 978 1716 1008 non.
1751 963 1844 1008 Oct.
1878 961 2099 1008 Gentiano
2128 970 2174 1010 et
2199 925 2349 1010 Zasso
2380 979 2524 1010 conss
2765 969 2822 1018 [a.
2854 967 2952 1019 211]

1670 1017 1700 1067 6
1734 1017 1878 1063 ⁸Idem
1905 1019 1958 1063 A.
1991 1017 2207 1077 Inqenuo.
2268 1021 2377 1064 Cum
2406 1022 2658 1077 quaeritur,
2697 1034 2756 1064 an
2790 1020 2871 1065 filii
2898 1020 2954 1067 de

1611 1075 1858 1120 inofficioso
1889 1074 2030 1130 patris
2060 1081 2321 1120 testamento
2349 1077 2522 1132 possint
2554 1078 2714 1129 dicere,
2754 1076 2794 1120 si
2821 1089 2953 1134 quar-

1612 1137 1701 1175 tam
1741 1131 1958 1174 bonorum
1994 1131 2148 1174 mortis
2187 1136 2383 1187 tempore
2421 1136 2608 1177 testator
2647 1132 2843 1188 reliquit,
2885 1132 2955 1177 in-

1614 1188 1810 1244 spicitur.
1882 1185 1977 1230 PP.
2027 1198 2099 1230 VH
2138 1186 2181 1231 lc.
2227 1186 2315 1231 Iul.
2358 1187 2532 1233 Romae
2579 1188 2752 1232 duobus
2792 1188 2956 1296 Λερνὲἷ

1614 1257 1757 1288 conss.
2765 1248 2822 1298 [a.
2856 1247 2906 1288 21

1671 1297 1699 1344 7
1733 1297 1857 1343 Idem
1882 1298 1934 1342 A.
1961 1296 2230 1342 Secundino.
2283 1297 2473 1354 Neptem
2513 1298 2711 1343 defuncti
2749 1299 2957 1344 aetione⁹

1615 1355 1669 1399 de
1697 1354 1946 1398 inofficioso
1975 1357 2261 1406 testamento,
2301 1354 2497 1410 quamvis
2526 1360 2654 1411 pater
2683 1354 2776 1399 eius
2806 1367 2954 1399 eman-

1609 1412 1788 1467 cipatus
1831 1410 1981 1453 fuerat
2025 1408 2284 1467 defunctus,
2337 1410 2528 1464 experiri
2612 1422 2712 1454 osse
2750 1410 2957 1466 ignorare

1616 1480 1704 1511 non
1735 1466 1882 1510 debes.
1940 1463 2035 1509 ,ΡΡ.
2076 1477 2127 1509 VJ
2160 1464 2203 1509 lc.
2235 1463 2323 1509 Iul.
2354 1463 2527 1510 Romae
2596 1473 2697 1510 aeto
2731 1476 2776 1509 ΙΙ
2808 1465 2957 1513 erce:

1614 1523 1737 1567 reale
1766 1535 1909 1566 conss.
2769 1525 2826 1574 [a.
2858 1523 2957 1573 215]

1673 1575 1703 1625 8
1739 1576 1901 1621 ¹⁰Idem
1939 1578 1991 1621 A.
2026 1576 2292 1620 Florentino
2309 1578 2353 1619 ¹¹.
2422 1576 2688 1621 Parentibus
2725 1577 2959 1621 arbitrium

1617 1633 1876 1677 dividendae
1915 1632 2170 1676 hereditatis
2206 1632 2321 1675 inter
2358 1632 2521 1676 liberos
2560 1632 2840 1676 adimendum
2867 1645 2958 1685 non
2998 1643 3004 1646 ·

1613 1695 1695 1742 est,
1726 1689 1830 1732 dum
1859 1702 1948 1733 non
1975 1688 2134 1740 minus,
2172 1688 2246 1743 qui
2274 1688 2498 1743 pietatis¹²
2526 1688 2612 1732 sibi
2643 1691 2848 1734 conscius
2877 1691 2958 1741 est,

1614 1746 1753 1801 partis
1791 1758 1904 1801 quae
1940 1745 2150 1788 intestato
2193 1744 2401 1787 defuncto
2431 1744 2578 1798 potuit
2608 1745 2664 1787 ad
2694 1756 2795 1788 eum
2823 1744 2958 1800 perti-

1621 1806 1636 1844 1
1705 1813 1809 1844 nere
1851 1806 2011 1856 quarta
2055 1813 2110 1842 ex
2148 1799 2310 1843 iudicio
2347 1800 2545 1854 parentis
2591 1799 2799 1844 obtineat.
2872 1799 2958 1855 Qui

1615 1860 1762 1901 autem
1797 1857 1976 1911 agnovit
2012 1856 2223 1899 iudicium
2266 1855 2463 1899 defuncti
2492 1868 2567 1907 eo,
2608 1855 2727 1912 quod
2762 1855 2958 1901 debitum

1614 1918 1848 1968 paternum
1896 1925 1977 1968 pro
2026 1911 2295 1955 hereditaria
2340 1916 2467 1966 parte
2510 1911 2720 1966 persolvit
2759 1911 2828 1955 vel
2869 1911 2957 1955 alio

1614 1968 1805 2023 legitimo
1844 1968 1973 2011 modo
1992 1969 2039 2021 ¹³,
2077 1967 2247 2011 etiamsi
2286 1967 2428 2010 minus
2448 1980 2599 2032 ‘quam
2637 1967 2679 2011 ei
2716 1966 2971 2012 debebatur.

1615 2024 1817 2068 relictum
1856 2029 1946 2075 est,
1987 2023 2025 2067 si
2065 2023 2102 2066 is
2142 2023 2281 2066 maior
2308 2023 2461 2078 viginti
2495 2022 2689 2078 quinque
2717 2023 2847 2067 annis
2876 2028 2958 2076 est,

1616 2093 1829 2124 accusare
1882 2084 1932 2122 ut
1984 2078 2278 2122 inofficiosam
2319 2078 2588 2122 voluntatem
2638 2079 2779 2135 patris
2826 2090 2960 2135 quam

1616 2135 1820 2191 probavit
1846 2148 1938 2179 non
1965 2140 2126 2191 potest.
2184 2133 2278 2178 ΡΡ.
2306 2136 2423 2178 VJJ¹⁴
2451 2134 2510 2177 id.
2528 2133 2655 2179 Febr.
2681 2133 2890 2179 Maximo
2916 2144 2962 2178 ιι

1615 2198 1658 2236 ec
1687 2191 1876 2236 Aeliano
1908 2204 2051 2234 conss.
2771 2195 2826 2242 [a.
2859 2193 2957 2243 223]

1673 2245 1703 2293 9
1737 2246 1861 2290 Idem
1901 2248 1952 2290 A.
1990 2245 2236 2290 Romanae.
2307 2245 2375 2289 De
2410 2244 2656 2290 inofficioso
2694 2249 2958 2290 testamento

1615 2303 1766 2346 militis
1804 2302 1872 2346 vel
1906 2302 2003 2346 iure
2042 2302 2220 2344 militari
2250 2302 2317 2345 vel
2347 2301 2464 2345 civili
2492 2301 2611 2344 facto
2642 2301 2710 2346 vel
2738 2301 2959 2348 centurie.-

1616 2358 1683 2402 nis
1727 2358 1793 2402 vel
1835 2358 2001 2402 tribuni
2045 2357 2216 2401 numeri
2260 2370 2342 2401 nee
2385 2356 2499 2401 filios
2551 2369 2684 2413 posse
2727 2357 2853 2413 queri
2886 2356 2958 2401 ius

1617 2418 1785 2458 certum
1829 2418 1910 2458 est.
1983 2411 2078 2457 ΡΡ.
2120 2413 2178 2457 id.
2210 2412 2319 2456 Mai.
2360 2411 2568 2457 Maximo
2615 2425 2660 2456 Π
2698 2418 2744 2458 et
2768 2412 2957 2525 Aah&

1617 2483 1759 2514 conss,
2768 2474 2824 2522 [a.

1675 2524 1739 2572 10
1771 2524 1896 2569 Idem
1936 2525 1986 2568 Α.
2028 2522 2320 2578 Quintiliano.
2387 2523 2435 2568 Si
2473 2524 2684 2568 heredum
2719 2523 2958 2581 Quintiani,

1617 2594 1745 2637 quem
1774 2585 1946 2636 patrem
1976 2585 2100 2623 tuum
2131 2592 2227 2624 esse
2256 2579 2386 2632 dicis,
2428 2581 2640 2625 adversus
2671 2593 2781 2637 quos
2809 2579 2867 2624 de
2891 2580 2958 2625 in-

1618 2637 1816 2682 officioso
1846 2641 2111 2681 testamento
2151 2641 2332 2679 acturus
2372 2649 2490 2690 eras,
2530 2637 2626 2680 iure
2665 2634 2960 2681 successionis

1615 2693 1735 2737 bona
1763 2693 1820 2736 ad
1849 2692 2006 2736 fiscum
2034 2692 2279 2748 pertinent,
2318 2693 2387 2735 vel
2419 2692 2556 2748 ipsius
2587 2692 2813 2747 Quintiani
2841 2692 2959 2737 bona

1618 2752 1772 2804 utpote
1808 2748 2013 2803 vacantia
2050 2747 2186 2791 fiscus
2215 2752 2347 2798 tenet,
2387 2761 2568 2791 causam
2597 2748 2717 2804 apud
2743 2759 2958 2804 procura-

1619 2809 1758 2847 torem
1788 2816 1932 2847 meum
1962 2806 2090 2857 agere
2118 2807 2259 2858 potes.
2319 2802 2412 2846 ΡΡ.
2446 2815 2490 2846 Η
2517 2803 2574 2846 id.
2608 2807 2722 2862 Auq.
2748 2801 2958 2848 Maximo

1619 2871 1666 2902 Π
1691 2865 1736 2902 et
1762 2859 1950 2903 Aeliano
1982 2872 2125 2902 conss.

1676 2913 1735 2960 11
1773 2913 1898 2958 Idem
1927 2917 1978 2958 A.
2011 2913 2229 2970 Inqenuo.
2290 2913 2340 2956 In
2370 2914 2577 2957 harenam
2608 2927 2698 2958 non
2736 2913 2958 2969 damnato,

1618 2969 1695 3013 sed
1732 2983 1813 3014 sua
1851 2973 2008 3024 sponte
2046 2969 2280 3012 harenario
2322 2970 2562 3014 constituto
2600 2970 2819 3025 legitimae
2857 2982 2958 3014 suc·
3103 2955 3118 3028 ’Χ

1620 3026 1839 3069 cessiones
1890 3026 2084 3080 integrae
2135 3030 2260 3077 sunt,
2313 3025 2444 3069 sicuti
2493 3025 2647 3069 civitas
2691 3030 2737 3070 et
2777 3025 2960 3070 libertas

1619 3086 1779 3124 manet.
1839 3081 1917 3125 sed
1948 3081 1986 3124 si
2015 3084 2325 3124 testamentum
2353 3094 2514 3137 parens
2545 3082 2639 3125 eius
2671 3081 2788 3136 fecit,
2816 3093 2960 3136 neque

1619 3137 1672 3181 de
1710 3136 1955 3180 inofficioso
1995 3141 2261 3180 testamento
2299 3138 2525 3181 accusatio
2566 3150 2708 3192 neque
2739 3138 2959 3182 bonorum

1618 3193 1839 3247 possessio
1871 3193 1912 3236 ei
1943 3193 2171 3247 competit:
2214 3205 2316 3235 nam
2344 3193 2478 3236 talem
2506 3193 2647 3236 filium
2677 3193 2832 3236 merito
2862 3190 2960 3249 quis

1616 3248 1843 3303 indignum
1873 3261 1954 3291 sua
1982 3248 2260 3292 successione
2287 3247 2465 3303 iudicat,
2494 3248 2581 3294 nisi
2609 3253 2654 3293 et
2681 3249 2778 3305 ipse
2807 3247 2959 3292 similis

1619 3304 1890 3348 condicionis
1929 3307 2014 3349 est.
2075 3302 2169 3347 ΡΡ.
2213 3315 2303 3347 ΗΠ
2334 3303 2378 3348 Ic.
2410 3302 2508 3348 Ian.
2548 3303 2731 3349 Iuliano
2769 3308 2814 3350 et
2843 3301 2960 3349 (fris-

1610 3360 1729 3418 pino
1759 3374 1904 3404 conss.
2768 3364 2828 3413 [a.
2859 3361 2957 3412 224]

1676 3413 1742 3461 12
1781 3414 1907 3460 Idem
1946 3416 1997 3460 A.
2027 3414 2266 3459 Liciniano
2304 3421 2348 3460 et
2381 3415 2680 3473 Dioqenz'ano.
2750 3415 2799 3460 Si
2831 3418 2960 3472 pater

1618 3471 1805 3527 puellae,
1837 3472 1962 3515 cuius
1992 3485 2068 3515 vos
2100 3476 2326 3515 curatores
2357 3484 2455 3515 esse
2485 3472 2648 3525 dicitis,
2682 3470 2774 3516 filio
2804 3483 2860 3515 ex
2889 3482 2958 3514 se-

1618 3527 1766 3581 misse,
1806 3529 1906 3582 ipsa
1949 3533 2098 3571 autem
2142 3540 2197 3570 ex
2239 3527 2398 3570 triente
2440 3532 2485 3570 et
2514 3540 2652 3571 uxore
2693 3539 2747 3570 ex
2785 3525 2955 3581 reliquo

1618 3588 1818 3628 sextante
1856 3583 2033 3638 scriptis
2072 3582 2330 3634 heredibus,
2370 3582 2473 3625 fidei
2509 3581 2698 3626 ffliorum
2729 3581 2957 3633 commisit,

1618 3642 1680 3691 ut,
1712 3639 1750 3683 si
1780 3639 1877 3694 quis
1908 3651 2057 3682 eorum
2086 3638 2206 3680 intra
2227 3638 2380 3692 viginti
2410 3637 2600 3694 quinque
2630 3650 2770 3682 annos
2800 3637 2958 3681 aetatis

1619 3695 1873 3748 decederet,
1912 3694 2223 3748 superstitibus
2262 3693 2509 3748 portionem
2539 3706 2664 3737 suam
2691 3693 2957 3744 restitueret,

1618 3755 1848 3805 praeterea
1876 3749 2017 3801 uxori,
2048 3751 2099 3791 ut
2127 3748 2185 3801 id,
2223 3748 2338 3803 quod
2366 3761 2422 3792 ex
2452 3761 2588 3794 causa
2617 3748 2871 3793 hereditatis
2901 3747 2958 3791 ad

1619 3820 1715 3849 eam
1745 3805 2029 3861 pervenisset,
2059 3803 2162 3847 filiis
2192 3810 2296 3860 post
2323 3811 2505 3848 mortem
2536 3818 2662 3848 suam
2690 3804 2957 3855 restitueret,

1619 3860 1961 3911 fideicommisit,
2002 3859 2317 3903 calumniosam
2358 3860 2593 3910 inofficiosi
2633 3860 2851 3904 actionem
2879 3858 2956 3902 ad-

1619 3929 1772 3960 versus
1810 3916 1975 3959 iustum
2013 3915 2221 3959 iudicium
2252 3916 2476 3959 testatoris
2506 3916 2734 3960 instituere
2761 3927 2852 3959 non
2881 3913 2956 3958 de·

1618 3972 1746 4024 betis,
1778 3984 1879 4015 cum
1907 3984 1963 4014 ex
1986 3971 2237 4014 huiusmodi
2262 3971 2666 4016 fideicommissaria
2681 3969 2958 4015 restitutione

1617 4033 1710 4071 tam
1737 4027 1889 4071 matris
1919 4039 2051 4125 {imm
2089 4026 2240 4070 fratris
2270 4027 2365 4071 eius
2394 4027 2538 4082 portio
2569 4027 2627 4071 ad
2661 4039 2758 4070 eam
2783 4029 2958 4082 poterat

1618 4082 1859 4139 pervenire.
1960 4081 2013 4126 P.
2039 4095 2142 4125 non.
2170 4081 2274 4127 Dee.
2301 4082 2566 4127 Alexandro
2582 4084 2634 4127 A.
2661 4094 2728 4126 111
2751 4087 2796 4126 et
2808 4079 2957 4128 Dione

1621 4151 1763 4182 conss.
2769 4140 2825 4189 [a.
2858 4137 2956 4188 229]

1679 4190 1743 4240 13
1783 4191 1897 4251 Imp.
1941 4190 2199 4238 Gordianus
2226 4194 2278 4238 A.
2312 4193 2566 4238 Prisciano.
2635 4192 2746 4236 Cum
2782 4190 2956 4236 duobus

1616 4330 1721 4372 relio
1762 4330 1913 4371 Pontio
1953 4330 2154 4382 Ingenuo.
2226 4333 2407 4372 Fructus
2454 4333 2549 4371 ante
2596 4329 2712 4370 litem
2756 4326 2974 4370 contestu

1615 4389 1699 4426 tam
1728 4389 1942 4438 perceptos
1979 4386 2109 4427 malae
2143 4387 2240 4427 fidei
2267 4397 2512 4439 possessores
2540 4386 2756 4425 restituere
2783 4384 2954 4437 placuit.

1614 4443 1695 4482 ΡΡ.
1726 4454 1794 4482 x11
1822 4442 1862 4482 k.
1890 4441 1970 4481 Iul.
2001 4442 2153 4483 Romae
2183 4443 2342 4483 duobus
2356 4440 2497 4494 Aspris
2526 4453 2654 4481 conss.
2741 4441 2799 4492 (9)
2827 4440 2955 4481 aetio-

1615 4509 1709 4537 nem
1741 4498 1835 4538 libri
1947 4499 2020 4546 (10)
2051 4500 2170 4552 iunye
2199 4501 2239 4550 6,
2268 4505 2329 4548 30,
2359 4504 2379 4537 2
2493 4498 2561 4546 (11)
2595 4496 2692 4548 imp.
2724 4493 2956 4536 Alexander

2265 4554 2338 4604 (12)
2367 4554 2427 4593 sic
2443 4549 2552 4602 PR,
2580 4550 2738 4592 meritis
2767 4552 2841 4592 ins.
2859 4551 2960 4592 1²²0

1616 4609 1691 4659 (13)
1720 4609 1778 4648 eie
1813 4605 1918 4659 Cw,
1948 4607 2013 4648 vel
2043 4610 2115 4649 ins.
2150 4609 2276 4649 1²3⁸?
2388 4609 2458 4658 (ιιι)
2489 4619 2536 4647 v1
2566 4610 2605 4659 6,
2634 4616 2695 4658 ³0,
2725 4614 2746 4647 2

2092 167 2322 216 QUANDO
2362 163 2561 203 mcum
2595 165 2718 204 sinn
2754 165 2946 207 mmcn
3019 175 3031 186 „
3052 134 3057 178 1

1667 685 1697 731 5
1732 683 1846 742 Imp.
1884 686 2140 732 Antoninus
2174 689 2227 733 A.
2266 688 2407 733 Aelio.
2477 686 2525 731 Si
2561 692 2688 742 pater
2716 636 2820 733 tuiz}
2849 635 2952 745 {gg}
3031 655 3046 703 j
3078 658 3081 683 -,

2771 2863 2829 2912 [α.
2860 2860 2958 2912 223]
2998 2904 2999 2909 ,

3138 4637 3152 4784 ή-ἂ-ι.
