3138 4776
194 204 212 252 l
254 204 328 250 14.
373 201 432 247 15

236 347 268 391 4
287 343 426 388 ¹Idem
451 341 540 384 AA.
572 339 631 382 ad
668 338 955 381 Volusianum
974 354 1058 398 pp.
1124 340 1266 393 Digna
1300 349 1383 379 vox
1412 347 1503 377 ma-

185 404 336 444 iestate
365 394 584 450 regnantis
612 393 779 446 legibus
810 392 1032 447 alligatum
1062 408 1109 438 se
1135 392 1274 448 princi
1307 403 1375 434 em
1399 403 1503 445 pro-

184 455 318 498 fiteri:
347 451 454 494 adeo
484 450 537 492 de
566 448 830 490 auctoritate
858 447 961 492 iuris
993 455 1144 493 nostra
1172 461 1257 502 pen
1289 451 1331 488 et
1351 450 1503 488 aucto-

182 510 303 553 ritas.
363 512 405 549 et
434 518 481 548 re
510 515 610 547 vera
639 502 779 545 maius
808 502 990 556 imperio
1020 508 1089 547 est
1117 503 1371 546 submittere
1400 500 1503 555 legi-

182 567 264 608 bus
293 561 595 618 principatum.
662 562 704 600 et
743 558 922 600 oraculo
959 558 1200 613 praesentis
1230 556 1360 600 edicti
1418 556 1506 599 uod

182 619 307 663 nobis
335 618 464 659 licere
492 626 579 656 non
606 612 798 667 patimur
826 612 1082 656 indicamus.
1139 612 1193 656 D.
1228 624 1295 655 111
1320 610 1378 654 id.
1431 625 1502 654 un.

183 674 420 718 Ravennae
448 667 674 711 Florentio
704 672 748 710 et
775 665 996 723 Dionysio
1026 681 1168 711 conss.
1311 666 1371 723 [a.
1403 666 1504 723 429]

239 728 268 773 5
295 725 447 768 ²‘Idem
484 723 573 765 AA.
614 721 847 766 Florentio
889 726 995 778 pp.2
1070 722 1172 764 Non
1218 721 1398 766 dubium
1441 728 1508 766 est

182 785 227 826 in
264 784 400 835 legem
432 777 697 822 committere
727 789 839 827 eum,
879 777 955 831 qui
982 777 1116 820 verba
1143 777 1252 832 legis
1281 778 1506 833 amplexus

186 843 333 881 contra
362 835 466 888 legis
496 832 651 874 nititur
680 831 973 875 voluntatem:
1013 844 1094 875 nec
1123 845 1290 887 poenas
1319 833 1507 877 insertas

181 893 346 946 legibus
399 888 596 938 evitabit,
651 886 726 941 qui
776 899 824 930 se
874 891 1031 930 contra
1078 887 1187 932 iuris
1245 889 1507 932 sententiam

180 959 335 990 scaeva
369 942 669 999 praerogativa
706 943 939 986 verborum
975 942 1282 987 fraudulenter
1310 949 1504 988 excusat.

181 1002 345 1044 nullum
384 999 496 1042 enim
523 1001 721 1052 pactum,
764 998 928 1041 nullam
959 999 1309 1052 conventionem,
1338 999 1506 1043 nullum

181 1059 448 1100 contractum
476 1053 590 1095 inter
619 1065 692 1096 eos
723 1053 858 1096 videri
879 1054 1078 1098 volumus
1107 1055 1402 1108 subsecutum,
1434 1054 1507 1110 qui

185 1117 198 1153 1
261 1110 525 1154 contrahunt
553 1108 647 1161 lege
677 1110 936 1152 contrahere
963 1110 1236 1164 prohibente.
1296 1109 1423 1165 Quod
1451 1110 1507 1153 ad

176 1179 325 1210 omnes
356 1165 484 1207 etiam
514 1164 654 1219 legum
678 1164 1062 1219 interpretationes
1083 1169 1175 1208 tam
1189 1169 1357 1209 veteres
1377 1178 1507 1220 quam

180 1222 368 1265 novellas
398 1219 514 1262 trahi
541 1219 803 1274 generaliter
830 1222 1115 1275 imperamus,
1147 1223 1198 1264 ut
1226 1221 1268 1264 le
1298 1221 1334 1264 ‘s
1362 1221 1506 1271 latori,

180 1276 292 1332 quod
320 1275 415 1318 fieri
443 1287 532 1318 non
560 1275 666 1327 vult,
695 1278 869 1318 tantum
891 1275 1171 1331 prohibuisse
1201 1275 1277 1319 suf
1306 1276 1405 1327 ciat,
1436 1289 1507 1319 ce-

179 1341 270 1375 tera
314 1331 439 1386 quasi
482 1342 691 1386 expressa
735 1343 788 1373 ex
825 1330 933 1386 legis
971 1331 1103 1374 liceat
1130 1331 1355 1374 voluntate
1385 1331 1506 1374 colli-

178 1400 297 1442 gere:
336 1387 422 1429 hoc
458 1389 527 1429 est
563 1388 615 1428 ut
653 1397 705 1428 ea
735 1398 848 1441 quae
876 1387 969 1441 lege
997 1385 1095 1430 fieri
1124 1387 1429 1442 prohibentur,
1470 1386 1508 1430 si

177 1442 336 1486 fuerint
377 1441 510 1493 facta,
554 1454 643 1484 non
685 1441 827 1484 solum
855 1442 1051 1492 inutilia,
1097 1441 1173 1485 sed
1211 1454 1292 1497 pro
1332 1441 1507 1485 infectis

178 1499 304 1541 etiam
348 1497 615 1549 habeantur,
658 1497 763 1540 licet
802 1496 911 1552 legis
952 1498 1067 1541 lator
1103 1496 1200 1540 fieri
1228 1497 1508 1552 prohibuerit

178 1556 345 1596 tantum
385 1565 467 1596 nec
512 1552 759 1607 specialiter
812 1552 974 1596 dixerit
1013 1552 1166 1596 inutile
1212 1565 1307 1596 esse
1350 1553 1508 1596 debere

177 1608 292 1664 quod
319 1609 485 1651 factum
515 1612 593 1651 est.
662 1607 739 1651 sed
775 1610 821 1651 et
856 1608 895 1651 si
931 1608 1034 1663 quid
1060 1608 1194 1651 fuerit
1223 1608 1507 1652 subsecutum

178 1678 227 1707 ex
265 1677 316 1708 eo
355 1663 423 1707 vel
462 1664 518 1706 ob
548 1662 605 1714 id,
643 1663 760 1717 quod
789 1663 1077 1707 interdicente
1105 1664 1200 1718 lege
1227 1663 1396 1707 factum
1425 1668 1505 1717 est,

178 1719 280 1762 illud
310 1732 484 1775 quoque
514 1731 688 1762 cassum
725 1722 858 1773 atque
892 1719 1047 1762 inutile
1074 1731 1171 1763 esse
1201 1719 1506 1775 praecipimus.

177 1779 198 1818 2
231 1779 288 1827 (1)
357 1774 606 1819 Secundum
641 1774 913 1829 praedictam
940 1774 1089 1872 itatffie
1118 1774 1336 1829 regulam,
1376 1788 1505 1839 quam

178 1831 363 1885 ubique³
401 1830 566 1874 servari
602 1829 768 1872 factum
805 1830 900 1885 lege
937 1843 1016 1886 pro
1052 1830 1196 1874 ‘bente
1244 1843 1505 1882 censmmus,

177 1892 342 1929 certum
371 1890 439 1929 est
480 1898 564 1928 nec
606 1885 933 1941 stipulationem
976 1885 1189 1929 eiusmodi
1233 1890 1383 1929 tenere
1425 1899 1507 1928 nec

177 1941 426 1985 mandatum
455 1941 587 1984 ullius
617 1953 713 1985 esse
743 1941 948 1985 momenti
977 1953 1060 1984 nec
1082 1945 1406 1985 sacramentum
1429 1941 1506 1984 ad-

173 1997 298 2040 mitti.
356 1996 410 2040 D.
450 2008 522 2040 VII
555 1995 613 2039 id.
643 1996 789 2055 April.
828 1995 1219 2054 Constantinopoli
1258 1996 1506 2040 Theodosio

173 2054 222 2095 A.
255 2064 369 2095 XVII
393 2057 438 2096 et
465 2051 599 2096 Festo
630 2064 773 2096 conss.
1309 2052 1370 2108 [a.
1403 2051 1504 2108 439]

229 2105 260 2153 6
318 2106 442 2151 Idem
480 2108 572 2151 AA.
613 2106 847 2151 Florentio
885 2121 968 2172 pp.
1047 2106 1172 2161 Quod
1208 2106 1359 2151 favore
1429 2120 1506 2150 uo-

173 2162 356 2207 rundam
386 2162 675 2207 constitutum
704 2167 791 2215 est,
829 2162 1090 2218 quibusdam
1127 2163 1303 2207 casibus
1332 2162 1389 2206 ad
1434 2175 1505 2206 ae-

174 2218 339 2263 sionem
369 2231 520 2262 eorum
548 2219 750 2262 nolumus
780 2219 1003 2261 inventum
1033 2218 1180 2262 videri.
1241 2217 1294 2262 D.
1327 2218 1369 2262 lc.
1391 2220 1504 2274 Auq.

177 2274 423 2318 Theodosio
455 2275 503 2317 A.
537 2286 647 2317 XVI]
675 2280 719 2317 et
747 2274 880 2318 Festo
911 2287 1053 2317 conss.
1313 2274 1371 2330 [a.
1403 2273 1505 2328 439]

230 2327 258 2374 7
282 2328 521 2374 ἸΙιίοηιΑΑ.
542 2328 658 2386 Cyro
679 2343 763 2386 pp.
794 2336 839 2373 et
866 2329 1040 2372 consuli
1068 2328 1313 2387 desiqnato.
1364 2328 1506 2383 Leges

174 2390 217 2428 et
260 2385 597 2429 constitutiones
641 2384 802 2428 futuris
846 2389 1016 2428 certum
1058 2387 1126 2428 est
1168 2384 1273 2427 dare
1320 2383 1507 2427 formam

174 2441 381 2496 negotiis,
421 2454 509 2483 non
549 2439 605 2483 ad
643 2440 762 2482 facta
791 2440 1029 2496 praeterita
1056 2439 1275 2490 revocari,
1315 2439 1399 2482 nisi
1427 2452 1505 2482 no-

173 2496 370 2539 minatim
413 2496 542 2539 etiam
586 2495 640 2539 de
675 2496 912 2551 praeterito
951 2496 1177 2551 tempore⁴
1216 2494 1360 2538 adhuc
1397 2507 1506 2550 pen-

174 2552 376 2609 dentibus
392 2565 454 2595 ne
484 2551 583 2595 otiis
609 2555 787 2594 cautum
811 2551 882 2594 sit.
932 2549 986 2594 D.
1009 2564 1113 2608 non.
1131 2550 1272 2608 April.
1295 2548 1507 2593 Constan-

176 2607 365 2665 tinopoli
391 2606 456 2650 Va
475 2607 704 2650 entiniano
722 2609 772 2650 A.
799 2618 824 2649 v
838 2613 881 2650 et
894 2606 1107 2650 Anatolio
1125 2619 1267 2649 conss.
1325 2606 1385 2662 [a.
1404 2604 1505 2661 440]

231 2658 262 2708 8
293 2661 417 2705 Idem
446 2663 537 2705 AA.
569 2661 629 2704 ad
655 2667 871 2705 senatum.
938 2661 1187 2704 Humanum
1218 2674 1314 2704 esse
1346 2660 1506 2716 proba-

174 2730 284 2768 mus,
330 2717 366 2759 si
411 2717 514 2771 quid
557 2716 610 2759 de
655 2724 798 2760 cetero
842 2717 887 2759 in
931 2717 1108 2771 publica
1137 2716 1204 2758 vel
1247 2716 1293 2758 in
1336 2716 1507 2771 privata

178 2784 311 2815 causa
349 2771 572 2814 emerserit
599 2772 914 2823 necessarium,
953 2771 1067 2825 quod
1106 2772 1290 2814 formam
1327 2784 1506 2826 genera-

177 2827 262 2870 lem
300 2831 343 2868 et
381 2826 572 2880 antiquis
610 2826 776 2880 legibus
814 2839 902 2869 non
946 2827 1154 2869 insertam
1193 2832 1422 2880 exposcat,
1462 2826 1507 2869 id

178 2882 233 2924 ab
285 2881 484 2924 omnibus
539 2885 670 2923 antea
720 2884 810 2923 tam
859 2880 1116 2934 proceribus
1166 2880 1305 2924 nostri
1355 2881 1508 2935 palatii

180 2948 309 2990 quam
346 2935 655 2988 gloriosissimo
693 2938 821 2978 coetu
856 2940 1024 2986 vestro,
1069 2940 1216 3000 patres
1254 2935 1506 2991 conscripti,

180 2991 360 3033 tractari
398 2995 464 3042 et,
509 2990 546 3033 si
583 2990 795 3034 universis
831 2993 921 3033 tam
957 2990 1177 3034 iudicibus
1217 3003 1348 3045 quam
1385 2991 1507 3034 vobis

180 3046 416 3100 placuerit,
462 3050 568 3088 tunc
612 3045 828 3099 allegata⁵
872 3045 1030 3088 dictari
1074 3051 1118 3088 et
1161 3045 1224 3089 sic
1267 3057 1319 3089 ea
1363 3045 1507 3090 denuo

181 3101 374 3144 collectis
414 3102 612 3143 omnibus
648 3101 865 3144 recenseri
901 3106 966 3155 et,
1006 3114 1107 3144 cum
1143 3113 1293 3144 omnes
1325 3114 1508 3145 consen·

181 3157 328 3210 serint,
358 3161 464 3198 tunc
495 3155 666 3199 demum
694 3155 740 3198 in
768 3168 894 3199 sacro
924 3156 1066 3199 nostri
1089 3156 1276 3199 numinis
1294 3156 1508 3200 consisto-

180 3212 246 3254 rio
276 3211 464 3263 recitari,
507 3216 556 3253 ut
584 3211 884 3254 universorum
914 3223 1155 3255 consensus
1183 3216 1361 3255 nostrae
1389 3225 1507 3256 sere-

184 3272 201 3309 1
261 3267 411 3309 nitatis
440 3267 703 3309 auctoritate
732 3266 941 3310 firmetur.
992 3266 1158 3310 Scitote
1186 3266 1329 3321 igitur,
1360 3271 1508 3322 patres

181 3322 440 3377 conscripti,
485 3335 573 3364 non
617 3322 745 3364 aliter
782 3321 828 3364 in
868 3327 1091 3387 posterum
1132 3321 1271 3376 legem
1300 3334 1327 3365 a
1355 3326 1509 3366 nostra

180 3377 408 3420 clementia
436 3377 805 3431 promulgandam,
837 3378 921 3420 nisi
951 3390 1085 3433 supra
1111 3377 1228 3420 dicta
1250 3377 1392 3421 forma
1412 3377 1506 3421 fue-

180 3433 237 3474 rit
276 3433 516 3475 observata.
585 3433 695 3475 bene
735 3432 848 3474 enim
888 3433 1211 3488 cognoscimus,
1253 3433 1369 3488 quod
1410 3446 1508 3477 cum

181 3492 324 3530 vestro
357 3487 534 3530 consilio
565 3486 697 3529 fuerit
726 3487 995 3538 ordinatum,
1038 3489 1082 3531 id
1112 3488 1166 3531 ad
1195 3488 1509 3533 beatitudinem

181 3543 318 3586 nostri
333 3541 501 3597 imperii
517 3545 562 3585 et
577 3542 632 3585 ad
647 3548 839 3585 nostram
853 3544 1034 3598 gloriam
1049 3543 1306 3587 redundare.
1347 3543 1401 3587 D.
1419 3556 1513 3588 XV!

181 3597 222 3641 lc.
255 3597 365 3641 Nov.
396 3597 522 3641 Aetio
556 3610 621 3640 111
647 3605 691 3641 et
719 3597 982 3654 Symmacho
1013 3612 1154 3642 conss.
1312 3600 1372 3656 [a.
1404 3599 1507 3657 446]

238 3649 268 3698 9
309 3651 472 3710 ⁶Impp.
528 3651 864 3696 Valentinianus
915 3659 959 3697 et
1000 3653 1261 3698 Marcianus
1302 3656 1393 3698 AA.
1448 3657 1509 3699 ad

182 3706 436 3751 Palladium
456 3722 537 3764 pp.
606 3707 745 3762 Leges
775 3708 1109 3761 sacratissimae,
1148 3722 1259 3765 quae
1291 3712 1505 3754 constrin-

180 3767 288 3818 gunt
323 3763 512 3806 omnium
542 3762 672 3813 vitas,
712 3763 904 3819 intellegi
933 3765 988 3807 ab
1019 3766 1218 3808 omnibus
1255 3766 1427 3818 debent,
1458 3774 1508 3809 ut

180 3818 369 3862 universi
408 3820 679 3873 praescripto
721 3831 869 3861 earum
909 3820 1182 3864 manifestius
1227 3822 1399 3877 cognito
1439 3823 1508 3865 vel

180 3873 364 3916 inhibita
407 3873 625 3915 declinent
666 3874 732 3916 vel
775 3875 985 3928 permissa
1022 3880 1260 3920 sectentur.
1328 3876 1365 3920 si
1433 3878 1507 3921 uid

182 3941 280 3972 vero
310 3929 355 3971 in
384 3927 519 3971 isdem
549 3929 716 3983 legibus
744 3929 881 3972 latum
919 3930 1120 3974 fortassis
1152 3932 1382 3975 obscurius
1432 3946 1506 3976 ue-

182 3984 248 4036 rit,
318 3988 493 4039 oportet
529 3983 572 4027 id
610 3984 891 4040 imperatoria
922 3986 1281 4042 interpretatione
1308 3987 1507 4043 patefieri

174 4088 226 4138 (1)
257 4089 310 4137 cf.
344 4089 407 4137 11,
425 4096 515 4137 τω)

173 4144 228 4193 (2)
259 4142 439 4183 Orientis
474 4146 514 4182 et
538 4157 586 4184 ex
613 4143 780 4184 consule
810 4146 927 4186 addit
942 4145 1046 4186 Νου.

174 4200 227 4249 (4)
270 4198 496 4251 praeterito
526 4202 708 4252 tempore
748 4201 824 4241 del.
862 4201 1082 4242 Mommsen

175 4253 310 4305 legata
341 4254 439 4295 libri
465 4258 593 4296 nostri

175 4312 228 4361 (7)
259 4311 467 4363 inscriptio
497 4325 545 4351 ez:
573 4313 863 4364 subscriptione
893 4315 1074 4354 restituta
1104 4323 1161 4354 est

177 4374 267 4414 6,15
363 4367 422 4417 (9)
451 4367 508 4407 sic
526 4366 611 4418 PG,
637 4366 965 4409 subtilitatemR

191 4463 399 4471 ῌ-ηᾜ,

661 4463 834 4471 ,ώ-η----
843 4468 1151 4473 *φφ-*Δ
1275 4473 1281 4475 .
1291 4473 1368 4476 —.--

241 4502 379 4555 XIlIl,
415 4503 474 4550 10
517 4503 675 4549 Omnes
711 4504 949 4548 secundum
986 4505 1105 4563 leqes
1141 4508 1301 4562 vivant,
1331 4511 1505 4555 etiamsi

190 4556 249 4598 ad
276 4571 446 4601 sacram
476 4560 649 4603 domum
674 4560 944 4623 pertineant.

246 4611 337 4661 XV,
355 4610 382 4655 2
413 4613 548 4670 lmpp.
570 4613 767 4657 Iustinus
783 4622 826 4657 et
846 4614 1118 4659 lastinianus
1136 4619 1221 4660 AA.
1256 4619 1502 4675 Saneimus,

1511 182 1578 268 {a

602 4090 672 4138 (ι’)
703 4108 759 4123 =
789 4088 895 4130 Nov.
931 4089 1080 4130 Theod.
1112 4101 1154 4132 9:
1184 4092 1301 4147 iunye
1331 4097 1371 4146 4,
1397 4102 1519 4146 ⁶2³0

1120 4149 1173 4198 (3)
1205 4161 1288 4189 non
1319 4151 1392 4191 ins.
1422 4150 1524 4194 on

1222 4209 1271 4255 (5)
1316 4208 1376 4247 sic
1411 4207 1518 4257 edd„

705 4258 760 4307 (6)
788 4274 843 4289 Β
873 4255 979 4299 Νου.
1013 4258 1148 4299 Marc.
1166 4268 1207 4300 4:
1239 4263 1358 4316 iunye
1388 4265 1427 4314 5,
1445 4272 1480 4313 5,
1497 4272 1515 4305 7
1593 4273 1678 4306 tata
1703 4273 1760 4305 est
1780 4279 1827 4305 ex
1842 4264 1946 4306 Νου.
1964 4273 2025 4305 124
2041 4279 2072 4305 c.
2090 4273 2110 4306 4

1050 4371 1126 4420 (ιο)
1160 4371 1200 4411 Β
1218 4318 1518 4424 οξξὲμῖιξί

1589 4153 1753 4196 Africae
1780 4155 1926 4194 rectius
1946 4151 1984 4193 Τ
1981 4154 2018 4194 h.

1589 4210 1696 4250 ferat
1726 4209 1822 4250 libri

1587 4524 1642 4555 ne
1699 4510 1799 4573 quis
1854 4509 2202 4554 clarissimorum
2257 4512 2513 4553 nostrorum
2534 4505 2914 4571 „magistratuum

1586 4579 1886 4610 maximorum
1915 4565 1984 4610 vel
2010 4565 2252 4610 mediorum
2280 4564 2328 4607 in
2355 4566 2584 4606 sententiis
2619 4574 2713 4605 suis
2747 4561 2915 4606 adson-

1588 4621 1664 4665 bat
1700 4634 1784 4664 nos
1821 4633 1953 4664 sacro
1996 4625 2133 4680 afaru
2162 4618 2462 4679 praecepisse,
2498 4621 2548 4661 ut
2574 4615 2739 4674 aliquis
2765 4615 2813 4659 in
2841 4615 2914 4660 ius

1905 200 1977 237 DE
2013 202 2245 242 LEGIBUS
2283 204 2351 239 ΕΤ
2390 186 2915 242 CONSTITUTIONIBUS

1590 333 1881 389 duritiamque
1921 334 2062 391 legum
2106 340 2283 382 nostrae
2330 337 2591 381 humanitati
2633 338 2912 395 incongruam

1590 388 1823 432 emendari.
1906 388 1960 433 D.
2005 392 2129 449 prid.
2182 407 2285 437 non.
2339 392 2482 450 April.
2532 392 2915 453 Constantinopoli

1589 445 1716 488 Aetio
1747 450 1791 488 et
1819 443 1979 489 Studio
2007 460 2071 491 vv.
2102 461 2162 491 oo.
2194 461 2336 492 conss.
2721 450 2782 506 [a.
2814 449 2916 506 454]

1651 498 1710 546 10
1742 495 2094 559 [Αὖτοκράτορες
2121 505 2258 546 Λέων
2287 506 2360 545 καὶ
2387 499 2620 557 Ἀνθέμιος
2647 503 2806 560 ΑΛ.]“’

1702 553 1890 597 εἰΠάντες
1924 554 2035 598 κατὰ
2062 556 2164 602 τοὺς
2198 556 2356 613 νόμους
2390 556 2796 610 πολιτευέσθωσαν,
2836 556 2918 600 κᾶν

1699 610 1738 651 εἰ
1765 611 1832 653 τῶ
1862 611 1979 664 θείῳ
2009 609 2259 672 διαφέροιεν
2286 614 2406 667 οἴκῳ.

1592 665 1643 708 D.
1684 677 1733 708 VJ
1766 651 1826 709 id.
1858 665 1986 710 Febr.
2017 668 2249 713 Anthemio
2280 672 2330 713 A.
2366 681 2409 712 II
2434 682 2552 712 cons.
2723 670 2784 724 [a.
2817 668 2917 724 468]

1651 720 1706 766 11
1737 719 1889 784 Jmpp.
1920 720 2011 766 Leo
2041 730 2086 766 et
2113 723 2233 768 Zeno
2264 726 2354 768 AA.
2428 724 2536 767 Cum
2575 723 2629 766 de
2672 737 2782 767 novo
2811 724 2919 776 iure,

1591 776 1706 832 quod
1735 780 1976 821 inveterato
2004 791 2088 821 usu
2125 792 2214 823 non
2243 780 2387 823 adhuc
2416 779 2656 824 stabilitum
2686 783 2765 831 est,
2796 778 2920 822 dubi·

1590 832 1698 875 tatio
1730 835 1934 887 emergat,
1971 834 2221 878 necessaria
2258 838 2327 879 est
2354 840 2445 878 tam
2475 834 2693 890 suggestio
2721 833 2920 878 iudican-

1590 887 1647 930 tis
1679 899 1808 941 quam
1838 887 2081 932 sententiae
2108 889 2362 945 principalis
2394 890 2648 934 auctoritas.
2714 888 2768 932 1).
2801 901 2838 932 ,ι’
2877 889 2919 932 lc.

1590 941 1698 986 Mai.
1730 941 1880 986 Leone
1906 943 2082 987 iuniore
2109 945 2160 988 A.
2192 958 2311 988 cons.
2725 944 2786 1001 [a.
2817 943 2920 1000 474]

1651 994 1713 1042 12
1753 995 1868 1054 Imp.
1909 996 2188 1042 lastinianus
2222 1001 2272 1043 A.
2313 999 2600 1045 Demostheni
2621 1014 2703 1058 pp.
2772 999 2818 1043 Si
2845 999 2923 1043 im-

1591 1053 1766 1108 perialis
1804 1052 2009 1096 maiestas
2049 1066 2229 1097 causam
2273 1056 2623 1110 cognitionaliter
2652 1054 2922 1099 examinave-

1591 1109 1648 1151 rit
1678 1114 1722 1151 et
1736 1107 1936 1163 partibus
1965 1110 2160 1152 cominus
2191 1111 2439 1154 constitutis
2469 1111 2729 1155 sententiam
2751 1110 2922 1162 dixerit,

1591 1177 1742 1207 omnes
1773 1164 1948 1207 omnino
1977 1163 2158 1216 iudices,
2199 1165 2274 1220 qui
2303 1166 2386 1209 sub
2416 1171 2566 1210 nostro
2595 1166 2776 1223 imperio
2806 1171 2923 1218 sunt,

1593 1220 1735 1263 sciant
1775 1219 1860 1263 hoc
1904 1231 2000 1262 esse
2042 1219 2180 1274 legem
2222 1234 2311 1264 non
2355 1222 2496 1264 solum
2524 1221 2587 1264 illi
2617 1233 2797 1273 causae,
2841 1233 2922 1276 pro

1598 1281 1613 1318 1
1674 1287 1762 1330 qua
1798 1272 2015 1330 'producta
2053 1278 2139 1327 est,
2169 1275 2247 1318 sed
2284 1276 2484 1320 omnibus
2524 1277 2752 1320 similibus.
2810 1275 2924 1330 Quid

1593 1331 1707 1374 enim
1744 1330 1905 1382 maius,
1949 1328 2054 1385 quid
2092 1330 2288 1373 sanctius
2318 1331 2530 1386 imperiali
2567 1334 2636 1375 est
2662 1331 2925 1375 maiestate?

1594 1386 1664 1429 vel
1701 1386 1796 1440 quis
1834 1391 1986 1428 tantae
2024 1384 2259 1439 superbiae
2295 1385 2472 1429 fastidio
2518 1386 2709 1430 tumidus
2745 1390 2836 1438 est,
2875 1392 2926 1430 ut

1592 1441 1782 1495 regalem
1826 1454 2004 1484 sensum
2049 1445 2325 1491 contemnat,
2378 1453 2476 1500 cum
2530 1447 2574 1484 et
2615 1441 2772 1485 veteris
2815 1442 2924 1485 iuris

1593 1496 1840 1540 conditores
1880 1495 2235 1549 constitutiones,
2276 1508 2387 1551 quae
2415 1509 2471 1539 ex
2498 1496 2711 1552 imperiali
2747 1496 2926 1540 decreto

1590 1557 1916 1607 processerunt,
1946 1552 2053 1607 legis
2082 1551 2219 1594 vicem
2248 1552 2448 1595 obtinere
2476 1565 2503 1595 a
2535 1557 2628 1595 erte
2651 1551 2928 1608 dilucideque

1592 1611 1616 1650 2
1646 1610 1706 1660 (1)
1779 1607 2022 1650 definiunt?
2094 1607 2203 1650 Cum
2246 1606 2379 1662 igitur
2422 1613 2465 1650 et
2504 1566 2588 1651 Boc
2626 1607 2671 1650 in
2705 1608 2926 1651 veteribus

1592 1663 1756 1719 legibus
1801 1662 2044 1706 invenimus
2087 1662 2361 1713 dubitatum,
2407 1663 2444 1706 si
2488 1662 2724 1718 imperialis
2769 1675 2925 1707 sensus

1591 1719 1728 1774 legem
1766 1718 2082 1773 interpretatus
2122 1722 2189 1761 est
2203 1751 2213 1770 ,
2252 1731 2308 1760 an
2349 1723 2549 1774 oporteat
2578 1717 2828 1762 huiusmodi
2855 1730 2926 1762 re-

1590 1774 1703 1829 giam
1731 1774 2137 1829 interpretationem
2152 1773 2361 1826 obtinere,
2392 1786 2542 1816 eorum
2567 1773 2740 1829 quidem
2770 1785 2926 1817 vanam

1592 1829 1978 1885 scrupulositatem
1991 1830 2008 1854 ⁹
2035 1833 2124 1871 tam
2153 1828 2328 1872 risimus
2359 1841 2487 1884 quam
2511 1828 2810 1886 corrigendam
2833 1841 2927 1872 esse

1593 1889 1616 1929 3
1677 1885 1936 1928 censuimus.
1995 1883 2237 1927 Definimus
2269 1888 2415 1928 autem
2451 1897 2621 1928 omnem
2648 1884 2925 1940 imperatoris

1592 1941 1631 1984 le
1762 1939 2165 1995 interpretationem
2194 1940 2283 1982 sive
2311 1939 2358 1982 in
2387 1939 2592 1996 precibus
2622 1940 2712 1983 sive
2740 1939 2786 1983 in
2812 1938 2926 1983 iudi-

1593 1996 1669 2039 ciis
1707 1995 1797 2039 sive
1837 1995 1923 2038 alio
1954 2007 2230 2051 quocumque
2267 1995 2395 2039 modo
2431 1996 2592 2038 factam
2620 2000 2763 2039 ratam
2791 2001 2836 2038 et
2862 1994 2927 2038 in-

1592 2051 1836 2095 dubitatam
1865 2050 2034 2094 haberi.
2092 2049 2131 2093 si
2167 2050 2280 2093 enim
2319 2049 2365 2093 in
2401 2051 2625 2106 praesenti
2664 2051 2781 2106 leges
2821 2062 2926 2094 con-

1592 2106 1695 2150 dere
1733 2107 1814 2150 soli
1849 2106 2103 2161 imperatori
2143 2118 2399 2149 concessum
2436 2111 2524 2158 est,
2564 2109 2609 2150 et
2645 2106 2762 2162 leges
2789 2105 2927 2149 inter-

1594 2167 1616 2205 ⁴
1672 2161 1841 2217 pretari
1869 2162 2009 2205 solum
2039 2161 2216 2216 dignum
2244 2161 2425 2217 imperio
2457 2174 2553 2205 esse
2583 2165 2768 2218 oportet.
2839 2160 2928 2205 Gur

1592 2221 1738 2260 autem
1780 2229 1833 2260 ex
1876 2216 2229 2272 suggestionibus
2271 2230 2526 2272 procerum,
2565 2217 2604 2261 si
2638 2216 2853 2261 dubitatio
2881 2216 2927 2260 in

1592 2273 1741 2317 litibus
1785 2272 1953 2316 oriatur
1997 2277 2040 2315 et
2083 2284 2180 2315 sese
2221 2285 2311 2315 non
2353 2285 2451 2316 esse
2485 2272 2667 2317 idoneos
2704 2272 2773 2316 vel
2801 2271 2925 2316 suffi-

1593 2329 1757 2371 cientes
1787 2327 1844 2371 ad
1873 2327 2138 2371 decisionem
2167 2327 2255 2370 litis
2283 2327 2349 2370 illi
2365 2328 2627 2382 existiment,
2656 2327 2715 2372 ad
2741 2341 2823 2372 nos
2851 2326 2924 2371 de-

1594 2383 1785 2426 curritur
1814 2388 1858 2426 et
1887 2395 2021 2437 quare
2049 2382 2358 2437 ambiguitates
2388 2383 2603 2433 iudicum,
2641 2395 2749 2439 quas
2783 2395 2836 2426 ex
2862 2382 2926 2427 le-

1590 2439 1719 2493 gibus
1749 2438 1856 2482 oriri
1885 2438 2040 2490 evenit,
2078 2450 2207 2481 aures
2245 2438 2470 2493 accipiunt
2497 2442 2687 2492 nostrae,
2717 2438 2755 2481 si
2782 2450 2872 2482 non
2900 2451 2927 2482 a

1593 2494 1717 2538 nobis
1755 2493 2061 2549 interpretatio
2101 2505 2220 2536 mera
2257 2493 2487 2548 procedit?
2554 2493 2621 2537 vel
2660 2493 2758 2550 quis
2785 2493 2926 2549 legum

1592 2550 1838 2604 aenigmata
1876 2549 2044 2593 solvere
2084 2552 2129 2592 et
2167 2548 2368 2592 omnibus
2407 2549 2581 2604 aperire
2615 2548 2801 2594 idoneus
2830 2561 2928 2594 esse

1593 2605 1810 2649 videbitur
1852 2604 1939 2648 nisi
1982 2605 2032 2658 is,
2079 2604 2151 2647 cui
2193 2604 2275 2648 soli
2319 2604 2424 2660 legis
2463 2604 2647 2649 latorem
2687 2616 2783 2650 esse
2822 2617 2926 2648 con-

1594 2667 1616 2705 5
1676 2673 1846 2704 cessum
1877 2661 1974 2704 est?
2040 2659 2248 2716 Explosis
2284 2660 2435 2714 itaque
2472 2659 2724 2705 huiusmodi
2762 2659 2926 2705 ridicu·

1593 2716 1699 2760 losis
1743 2715 2099 2771 ambiguitatibus
2143 2721 2232 2757 tam
2288 2715 2489 2759 conditor
2537 2728 2667 2772 quam
2707 2715 2925 2772 interpres

1593 2773 1736 2826 legum
1766 2771 1887 2814 solus
1917 2772 2153 2826 imperator
2180 2771 2295 2813 iuste
2326 2770 2666 2816 existimabitur:
2705 2770 2814 2816 nihil
2843 2771 2928 2814 hac

1593 2827 1685 2881 lege
1715 2826 1951 2880 derogante
1980 2826 2135 2869 veteris
2165 2826 2273 2868 iuris
2304 2826 2618 2880 conditoribus,
2660 2826 2763 2883 quia
2791 2831 2836 2871 et
2863 2826 2926 2871 eis

1592 2881 1677 2925 hoc
1716 2881 1920 2924 maiestas
1955 2880 2190 2935 imperialis
2229 2881 2439 2936 permisit.
2504 2881 2713 2927 Recitata
2739 2881 2927 2941 septimo

1593 2936 1801 2979 milliario
1849 2935 1975 2979 urbis
2018 2934 2544 2993 Constantinopolitanae
2586 2938 2634 2980 in
2669 2950 2787 2982 novo
2824 2949 2927 2982 con-

1590 2991 1772 3035 sistorio
1795 2990 1966 3049 palatii
1995 2989 2249 3034 Iustiniani.
2308 2990 2362 3034 D.
2387 3002 2453 3034 ιη
2478 2990 2519 3034 lc.
2553 2991 2664 3037 Nov.
2693 2991 2834 3037 Decio
2862 3005 2926 3037 vo.
3000 3023 3002 3025 -

1592 3059 1712 3091 cons.
2730 3047 2791 3105 [a.
2823 3046 2925 3103 529]

2191 3160 2337 3207 XV.¹⁰

1883 3241 1960 3281 DE
1990 3240 2278 3281 MANDATIS
2306 3239 2634 3280 PRINCIPUM.

1653 3320 1669 3367 1
1716 3321 1819 3365 ¹¹Im
1846 3336 1929 3380 pp.
1964 3319 2215 3379 Gratianus
2266 3320 2606 3365 Valentinianus
2643 3328 2686 3365 et
2728 3319 2925 3365 Theodo-

1591 3377 1683 3421 sius
1711 3378 1791 3420 AA
1835 3412 1843 3421 .
1875 3376 1937 3420 ad
1956 3376 2216 3435 Eusiynium
2236 3377 2361 3435 pp.¹²
2418 3376 2463 3420 Si
2494 3377 2591 3442 quis
2621 3375 2798 3420 adserat
2827 3389 2925 3420 cum

1591 3432 1807 3476 mandatis
1836 3432 1998 3476 nostris
2028 3445 2076 3476 se
2104 3431 2275 3476 venisse
2291 3433 2325 3459 ¹³
2363 3438 2556 3484 secretis,
2597 3444 2746 3476 omnes
2783 3430 2926 3476 sciant

1592 3489 1753 3532 nemini
1782 3489 2029 3543 quicquam,
2060 3487 2143 3531 nisi
2200 3487 2287 3531 uod
2317 3487 2492 3543 scriptis
2522 3486 2787 3543 probaverit,
2829 3499 2924 3531 esse

1593 3544 1856 3588 credendum
1896 3556 1976 3588 nec
2015 3543 2149 3586 ullius
2173 3502 2389 3598 tdignitate
2416 3542 2585 3594 terreri,
2626 3542 2716 3585 sive
2742 3541 2817 3585 ille
2845 3543 2924 3586 tri-

1592 3599 1698 3643 buni
1742 3601 1832 3643 sive
1873 3599 2033 3643 notarii
2076 3599 2166 3642 sive
2209 3598 2379 3641 comitis
2422 3597 2647 3652 praeferat
2663 3598 2695 3624 ¹⁴
2738 3596 2922 3652 dignita-

1592 3662 1678 3698 tem
1695 3658 1742 3707 ¹⁵,
1791 3654 1868 3698 sed
1918 3667 2068 3698 sacras
2107 3656 2279 3697 nostras
2308 3653 2476 3696 litteras
2507 3665 2604 3696 esse
2634 3651 2920 3709 quaerendas.

1594 3711 1644 3754 D.
1678 3722 1767 3754 XVI
1792 3709 1835 3754 lc.
1867 3708 1952 3752 Iul.
1996 3708 2210 3753 Veronae.
2241 3714 2426 3766 accepta
2446 3707 2570 3766 prid.
2613 3707 2656 3752 lc.
2686 3709 2800 3765 Auq.
2828 3706 2923 3752 Me-

1590 3766 1788 3810 robaude
1819 3777 1863 3808 11
1888 3771 1931 3808 et
1961 3763 2209 3808 Saturnino
2240 3776 2382 3807 conss.
2727 3763 2788 3820 [a.
2820 3762 2922 3819 383]

1646 3819 1678 3867 2
1710 3816 2058 3878 [Αὐτοκράτορες
2077 3817 2306 3862 Ἰουστῖνος
2336 3821 2409 3860 καὶ
2429 3814 2737 3861 Ἰουστινιανὸσ
2749 3821 2874 3870 AA.]
2890 3820 2924 3845 ¹⁶

1708 3878 1739 3903 ¹⁷
1754 3878 2031 3931 Θεσπίζομεν
2071 3871 2242 3930 μηδένα
2291 3876 2406 3925 τῶνΙ
2440 3869 2747 3925 ἐνδοξοτάτων
2793 3869 2922 3928 ἡμῶν

1700 3928 1931 3990 ἀρχόντων
1957 3935 2182 3989 μεγίστων
2210 3926 2238 3983 ἢ
2263 3933 2416 3985 μέσων
2445 3933 2541 3971 ταῖς
2567 3929 2746 3971 οἰκείαις
2773 3926 2921 3997 ἐγγρά-

1702 4003 1803 4043 φειν
1819 3983 1993 4044 ψήφοις,
2025 3983 2083 4028 ὠς
2112 3985 2228 4039 θείῳ
2259 3981 2420 4046 ῥήματι
2449 3982 2780 4045 προσετάξαμεν
2802 3979 2917 4042 αγώ-

1623 4098 1685 4152 Cf.
1715 4097 1815 4152 Diy.
1851 4100 1887 4148 1,
1913 4107 1933 4139 4
2034 4098 2100 4148 (11)
2128 4117 2185 4134 ==
2217 4096 2290 4140 ΤΙι.
2325 4100 2440 4149 1,3,ι

2104 4154 2175 4204 (13)
2205 4152 2344 4193 venire
2367 4151 2437 4192 Th.

2538 4096 2611 4147 (12)
2638 4093 2920 4147 proconsulem

2523 4154 2591 4200 (140
2621 4153 2681 4192 sic
2712 4150 2798 4200 Th..
2825 4161 2919 4202 pro·-

1920 4208 1994 4261 (15)
2023 4210 2262 4261 potestatem
2292 4209 2363 4249 Th.
2477 4207 2552 4257 (16)
2579 4206 2782 4259 inscriptio
2805 4206 2919 4247 resti·

2223 4264 2296 4315 (ιτ)
2321 4282 2378 4299 ---
2403 4262 2630 4312 B2,6,19:
2660 4275 2763 4314 quae
2791 4269 2917 4303 utrum

1592 4320 1737 4362 indicis
1764 4321 1845 4360 sint
1873 4335 1926 4360 an
1956 4322 2047 4373 ipsa
2077 4319 2363 4361 constitutionis
2390 4319 2526 4368 verba,
2554 4330 2631 4357 non
2660 4324 2824 4358 constat.
