3086 4732
180 170 270 222 14

180 330 504 383 πρεπεστατων
546 318 619 356 καὶ
662 312 991 369 λαμπροτάτων
1040 310 1271 373 ἀρχόντων
1317 308 1345 378 ἢ
1387 307 1509 376 παρὰ

179 389 275 417 των
312 371 602 426 πειθομένων
631 364 774 410 αὐτοῖς
810 363 998 421 τάξεων,
1028 369 1199 424 ταύτην
1223 384 1420 426 μηνυειν,
1451 380 1510 409 ως

178 426 237 471 ἂν
273 423 300 482 ἦ
336 425 616 486 προσήκουσα
654 420 766 465 κατὰ
799 422 896 465 τῶν
946 424 1268 480 ἀθυμούντων
1305 421 1509 476 ἐνεχθείη

179 487 359 538 κίνησις.
444 481 499 526 D.
545 492 616 524 XV
666 478 708 521 lc.
748 476 875 521 Febr.
971 479 1328 539 onstantinopoli
1369 477 1509 522 Decio

179 552 300 583 cons,
756 582 762 592 ἱ
1312 535 1371 591 [a.
1406 531 1507 589 529]

235 591 300 640 23
337 587 405 635 1‘0
443 588 572 634 αὐτὸς
597 585 805 643 βασιλεὺς
833 591 971 644 Μηνᾷ
999 589 1176 649 ἐπάρχῳ
1205 594 1510 661 πραιτωρίων.

174 646 415 692 Ἰδιωτικάς
457 643 648 703 φυλακὰς
674 644 801 686 ’πᾶσι
843 643 1026 702 τρόποις
1074 650 1123 690 ἐν
1166 645 1350 691 πόλεσιν
1392 662 1420 700 η
1462 646 1512 687 ἐν

179 704 348 760 κώμαις
384 698 717 759 ἀπαγορεύομεν
754 699 1096 755 καθίστασθαι,
1147 699 1299 745 αὐτῶν
1345 698 1514 754 δηλαδὴ

178 762 273 804 τῶν
316 760 623 811 κατεχομένων
665 760 857 813 προνοίᾳ
898 758 995 799 τῶν
1031 757 1146 801 κατὰ
1181 755 1324 801 τόπον
1355 758 1512 814 θεοφι-

179 812 406 859 λεστάτων
421 809 684 855 ἐπισκόπων
706 811 783 865 τῆς
802 813 987 868 κατοχῆς
1015 811 1280 871 ἀφιεμένων.
1336 812 1391 858 D.
1409 824 1488 856 XII
1496 813 1514 837 2

178 871 221 916 lc.
253 869 379 913 Febr.
413 866 805 923 Constantinopoli
831 866 970 913 Decio
1001 883 1121 914 cons.
1316 869 1377 926 [a.
1410 867 1511 924 529]

235 923 301 970 24
333 922 477 966 3Idem
514 922 566 965 Α.
603 920 892 968 Demostheni
920 939 1004 990 pp.
1072 925 1247 969 Nemini
1277 925 1411 969 licere
1439 937 1514 967 vo-

177 983 320 1025 lumus
333 979 364 1030 ⁴,
404 977 495 1022 sive
532 978 588 1021 ab
627 977 828 1031 ingenuis
861 982 1134 1035 genltoribus
1163 995 1275 1037 puer
1302 981 1512 1037 parvulus

178 1038 432 1092 procreatus
463 1033 551 1077 sive
581 1046 608 1076 a
635 1033 841 1077 libertina
876 1037 1084 1092 progenie
1112 1037 1203 1082 sive
1233 1037 1380 1081 servili
1410 1050 1513 1080 con-

178 1091 349 1135 dicione
391 1089 640 1152 maculatus
684 1090 909 1145 expositus
954 1092 1036 1146 sit,
1090 1106 1189 1136 eum
1240 1106 1426 1148 puerum
1468 1092 1514 1134 in

177 1161 303 1192 suum
341 1145 577 1189 dominium
614 1144 839 1191 vindicare
877 1147 967 1192 sive
1004 1149 1181 1192 nomine
1217 1149 1398 1192 dominii
1425 1148 1515 1192 sive

177 1201 487 1257 adscrIpticiae
523 1201 612 1245 sive
654 1201 906 1247 colonariae
936 1204 1230 1248 condicionis:
1266 1204 1346 1248 sed
1373 1216 1516 1259 neque

177 1258 245 1302 his
260 1291 271 1310 ‚
312 1257 385 1312 qui
424 1269 499 1300 eos
535 1256 795 1300 nutriendos
825 1260 1113 1313 sustulerunt,
1153 1259 1375 1303 licentiam
1410 1272 1514 1303 con-

178 1314 272 1358 cedi
306 1312 482 1369 penitus
519 1315 636 1364 (cum
675 1312 866 1368 quadam
895 1314 1194 1367 distinctione)
1235 1327 1310 1359 eos
1342 1315 1514 1358 tollere:

177 1370 254 1414 sed
282 1370 401 1412 nullo
434 1368 682 1412 discrimine
711 1369 864 1413 habito
893 1370 938 1424 ii,
970 1371 1044 1426 qui
1073 1372 1128 1415 ab
1153 1370 1404 1415 huiusmodi
1433 1370 1512 1414 ho-

177 1425 364 1469 minibus
402 1423 578 1468 educati
612 1424 679 1468 vel
717 1425 875 1469 nutriti
902 1426 972 1470 vel
1000 1427 1120 1471 aucti
1149 1432 1273 1478 sunt,
1315 1426 1443 1470 liberi
1471 1431 1517 1470 et

176 1481 351 1537 ingenui
389 1483 636 1536 appareant
674 1484 718 1524 et
745 1480 830 1524 sibi
858 1481 1096 1536 adquirant
1133 1487 1178 1526 et
1205 1483 1251 1525 in
1279 1483 1514 1538 posterita-

178 1541 264 1581 tem
294 1549 418 1581 suam
446 1536 515 1580 vel
544 1539 777 1580 extraneos
814 1537 999 1582 heredes
1029 1538 1176 1582 omnia
1206 1550 1318 1594 quae
1346 1538 1514 1582 habue-

178 1594 276 1646 rint,
308 1606 392 1647 quo
423 1592 552 1636 modo
582 1592 814 1645 voluerint,
848 1594 1164 1638 transmittant.
1223 1595 1333 1638 haec
1363 1595 1513 1639 obser-

178 1650 382 1692 vantibus
421 1661 509 1692 non
550 1648 691 1692 solum
729 1649 1006 1704 praesidibus
1051 1650 1398 1707 provinciarum,
1439 1650 1516 1694 sed

178 1706 308 1748 etiam
337 1704 439 1748 viris
476 1704 814 1759 religiosissimis
843 1706 1075 1763 episcopis.
1141 1705 1196 1750 D.
1230 1719 1302 1750 XV
1333 1705 1376 1750 lc.
1419 1705 1513 1751 Oct.

180 1760 456 1804 Chalcedone
484 1759 622 1804 Decio
653 1773 716 1805 vc.
746 1774 868 1804 cons.
1319 1763 1380 1820 [a.
1412 1762 1514 1818 529]

234 1815 297 1862 25
331 1811 399 1859 5‘0
439 1812 570 1859 αὐτὸς
607 1814 816 1871 βασιλεὺς
844 1819 1128 1873 Δημοσθένει
1167 1817 1347 1874 ἐπάρχῳ
1387 1834 1514 1876 πραι-

176 1878 371 1930 τωρίων.
432 1869 547 1914 “Oea
591 1875 694 1930 περὶ
734 1874 835 1916 >’τῶν
874 1871 1163 1929 καλουμένων
1214 1873 1368 1928 κύβων
1417 1876 1515 1930 ἤτοι

177 1926 353 1972 κόττων
389 1931 464 1970 καὶ
502 1929 579 1980 τῆς
606 1925 784 1971 τούτων
812 1927 1046 1973 κωλύσεως
1081 1925 1186 1986 ἡμῖν
1220 1931 1515 1986 νενομοθέτη·

177 2002 274 2037 ται,
317 1986 461 2027 ταῦτα
503 1981 660 2027 ἄδειαν
698 1981 880 2039 δίδομεν
917 1989 991 2027 καὶ
1030 1989 1120 2029 τοῖς
1154 1983 1518 2043 θεοφιλεστάτοις

178 2039 434 2084 ἐπισκόποις
475 2043 548 2082 καὶ
591 2035 832 2099 ἆνερευνᾶν
869 2045 943 2084 καὶ
983 2040 1198 2100 γινόμενα
1241 2040 1401 2086 παύειν
1443 2046 1518 2085 καὶ

177 2095 278 2139 τούς
312 2093 617 2151 ἀκοσμοῦντας
652 2094 727 2138 διὰ
771 2098 869 2140 τῶν
907 2095 1240 2156 λαμπροτάτων
1286 2095 1518 2157 ἀρχόντων

177 2154 272 2195 τῶν
311 2153 543 2211 ἐπαρχιῶν
578 2156 654 2194 καὶ
690 2153 786 2195 τῶν
822 2157 1034 2211 πατέρων
1070 2158 1146 2195 καὶ
1195 2156 1292 2197 τῶν
1328 2153 1518 2198 έκδίκων

178 2210 273 2251 τῶν
302 2207 481 2251 πόλεων
510 2210 586 2252 ἐπὶ
615 2206 913 2266 σωφροσύνην
942 2206 1194 2268 ἐπανάγειν.
1243 2209 1404 2255 D.ch.
1423 2210 1515 2256 Oct.

182 2263 575 2335 Constantinopoli
602 2263 742 2308 Decio
775 2277 895 2308 cons.
1321 2266 1381 2323 [a.
1415 2265 1516 2322 529]

236 2317 301 2367 26
334 2316 404 2362 6Ὁ
441 2318 571 2363 αυτὸς
606 2317 814 2374 βασιλεὺς
847 2316 1075 2375 Ἰουλιανῶ
1111 2318 1290 2380 ἐπάρχῳ
1320 2337 1516 2381 πραιτω-

180 2381 304 2434 ρίων.
334 2379 446 2434 Περὶ
472 2377 571 2419 τῶν
598 2370 711 2418 καθ’
744 2378 934 2419 ἕκαστον
962 2378 1060 2420 ἔτος
1086 2381 1184 2420 ταῖς
1205 2375 1362 2421 πόλεσι
1381 2392 1516 2435 προσ-

180 2433 346 2475 ιουσῶν
384 2430 629 2475 πολιτικῶν
667 2429 908 2501 προσόδων
944 2429 972 2486 ἢ
1010 2430 1167 2491 πόρων
1204 2436 1254 2474 ἐκ
1290 2431 1518 2488 δημοσίων

179 2485 205 2543 ἢ
235 2489 283 2538 ἐξ
312 2486 554 2530 ἰδιωτικῶν
580 2503 823 2547 χρημάτων
858 2487 982 2546 παρά
1018 2504 1162 2531 τινων
1192 2484 1345 2532 αὐταῖς
1379 2487 1407 2544 ἢ
1443 2506 1517 2532 κα-

179 2542 586 2600 ταλιμπανομένων
626 2540 653 2597 ἢ
692 2541 989 2602 δωρουμένων
1018 2539 1045 2598 ἢ
1083 2541 1226 2587 ἄλλως
1263 2545 1518 2601 ἐπινοουμέ-

180 2617 276 2642 νων
329 2596 356 2654 ἢ
391 2600 897 2670 περιποιηθησομένων,
941 2600 1030 2643 εἴτε
1073 2600 1132 2643 εἰς
1171 2601 1280 2659 ἔργα
1318 2601 1407 2644 εἴτε
1459 2602 1519 2645 εἷς

182 2661 400 2699 σιτωνίαν
437 2656 526 2698 εὐτε
565 2656 625 2698 εἰς
662 2653 876 2711 δημόσιον
912 2651 1043 2699 ὁλκὸν
1080 2656 1168 2698 εἴτε
1206 2656 1265 2699 εἰς
1294 2655 1518 2701 ἐκκαύσεις

186 2798 233 2846 (1)
265 2810 297 2835 c.
324 2804 368 2837 23
398 2797 467 2846 (=
482 2797 521 2846 9,
539 2806 572 2846 5,
589 2798 626 2845 2)
658 2805 766 2837 extat
795 2798 836 2837 in
858 2797 982 2837 Coll.:
1013 2797 1130 2850 iunye
1155 2812 1186 2837 c.
1205 2805 1248 2837 22
1274 2797 1314 2836 h.
1332 2806 1359 2838 t.
1378 2798 1417 2848 9,
1434 2806 1468 2847 4,
1486 2805 1520 2837 6.

185 2852 225 2896 9,
241 2859 298 2900 47,
318 2858 361 2890 26
489 2852 541 2898 (2)
571 2863 633 2889 xv
661 2866 739 2890 scr.
770 2866 853 2891 eum
885 2867 916 2891 c.
935 2859 979 2892 22
995 2851 1031 2891 Ιι.
1051 2860 1076 2892 ι.
1199 2854 1249 2902 (3)
1276 2871 1332 2887 =
1357 2853 1396 2903 8,
1421 2861 1474 2902 51,
1499 2860 1519 2893 3

187 2907 236 2951 (4)
269 2904 472 2944 sancimus
487 2905 643 2944 nemini
658 2905 782 2945 licere
807 2906 832 2946 l.
848 2921 946 2959 yem.
1063 2908 1116 2958 (5)
1147 2922 1179 2947 c.
1198 2916 1241 2948 25
1270 2911 1340 2957 (=
1355 2908 1394 2958 3,
1410 2915 1468 2957 43,
1487 2911 1518 2957 1)

1513 156 1584 214 42

2489 174 2564 212 DE
2600 174 2924 215 EPISCOPALI

1588 306 1845 366 βαλανείων
1873 307 1960 350 εἴτε
1989 308 2048 353 εἰς
2075 308 2279 367 λιμέναςΊ
2308 310 2396 353 εἴτε
2424 310 2484 352 εἰς
2511 313 2674 364 τειχῶν
2688 309 2716 366 ἢ
2740 310 2927 372 πύργων

1590 362 1820 420 οἰκοδομὰς
1846 360 1875 418 ἢ
1899 367 2106 431 γεφυρῶν
2133 363 2162 421 ἢ
2197 363 2516 425 ὁδοστρωσιῶν
2547 366 2872 426 ἐπανόρθωσιν
2899 364 2927 422 ἢ

1591 417 1742 464 ἁπλῶς
1779 419 1838 462 εἰς
1874 417 1953 462 τὰς
1977 435 2076 464 των
2102 421 2347 466 πολιτικῶν
2374 439 2402 475 χ
2430 426 2521 464 είας
2556 421 2926 483 προχωρούντων,

1591 477 1679 519 εἴτε
1717 472 1809 519 ἀπὸ
1853 472 2083 531 δημοσίων
2125 479 2212 522 εὶτε
2249 475 2339 523 ἀπὸ
2379 479 2395 519 ἰ
2425 480 2623 521 ιωτικῶν
2662 476 2721 521 ὠς
2757 479 2929 539 εἴρηται

1593 530 1887 591 προφάσεων,
1940 531 2218 590 θεσπίζομεν
2259 535 2319 577 εἰς
2358 529 2527 577 ταύτὸν
2574 532 2807 577 συνιόντας
2848 532 2930 578 τὸν

1593 585 1949 651 θεοφιλέστατον
1977 589 2222 644 ἐπίσκοπον
2247 594 2362 650 τρεῖς
2396 607 2447 633 τε
2481 590 2577 632 τῶν
2606 586 2930 644 εύυπολήπτων

1593 648 1666 686 καὶ
1697 645 1745 686 ἐν
1773 638 1917 685 ἇπασι
1945 641 2231 702 προεχόντων
2258 645 2373 689 κατὰ
2401 645 2485 700 τὴν
2513 643 2646 688 πόλιν
2684 646 2808 689 ἔτους
2835 644 2929 689 ἑκά·

1595 715 1700 742 στου
1753 694 2018 742 ἐποπτεύειν
2058 717 2108 743 τε
2159 699 2217 744 τὰ
2257 701 2476 760 γενόμενα
2522 703 2630 759 ἔργα
2671 705 2747 744 καὶ
2788 717 2929 767 παρα·

1595 753 1822 807 σκευάζειν
1871 770 1956 809 μετ
1985 755 2139 799 εῖσθαι
2189 761 2264 800 καὶ
2324 757 2586 817 λογοθετεῖν
2634 755 2738 800 τούς
2786 772 2932 800 ταυτα

1595 810 1871 853 διοικοῦντας
1908 806 1935 863 ἢ
1992 810 2285 866 ιοικήσαντας,
2325 818 2400 856 καὶ
2423 816 2499 857 ἐπὶ
2519 810 2722 871 πράξεως
2735 807 2930 868 ὑπομνη-

1594 866 1752 923 μάτων
1791 864 1987 924 φανερὸν
2012 869 2226 923 γίνεσθαι
2261 867 2314 912 τὸ
2352 867 2685 926 πεπληρῶσθαι
2722 866 2780 911 τὰ
2811 870 2843 911 ε’
2859 884 2932 926 γα,

1595 920 1621 977 ἢ
1652 920 1961 976 δεδιοικῆσθαι
1995 922 2052 965 τά
2087 939 2136 965 τε
2165 924 2382 968 σιτωνικὰ
2417 925 2622 983 χρήματα
2657 922 2714 966 τά
2749 940 2800 966 τε
2834 884 2931 968 λου-

1597 976 1793 1037 τρωνικὰ
1832 973 1859 1031 ἢ
1898 982 2001 1035 περὶ
2038 974 2340 1038 ὁδοστρωσίας
2374 978 2402 1035 ἢ
2437 985 2539 1038 περὶ
2573 977 2725 1023 ὁλκοὺς
2751 975 2934 1023 ὑδάτων

1601 1040 1619 1077 1
1679 1031 1706 1088 ἢ
1750 1036 1880 1092 ἕτερα
1921 1035 2105 1078 τοιαῦτά
2150 1051 2269 1079 τινα.
2326 1031 2466 1096 Ἄπερ
2509 1032 2691 1079 ἅπαντα
2733 1032 2935 1092 άμείωτα

1595 1094 1745 1146 μένειν
1773 1090 1833 1132 εἰς
1862 1087 1942 1131 τὸν
1967 1085 2150 1134 ἅπαντα
2177 1090 2438 1147 βουλόμεθα
2466 1090 2629 1147 χρόνον
2651 1095 2727 1134 καὶ
2755 1093 2831 1136 ἐπὶ
2859 1091 2936 1145 τῆς

1599 1145 1798 1205 πράξεως
1834 1145 1931 1210 τῶν
1967 1141 2304 1202 ὑπομνημάτων
2342 1146 2605 1200 δηλοῦσθαι,
2646 1143 2706 1191 ῶς
2742 1144 2934 1190 ἀνεύθυ-

1597 1203 1672 1246 νός
1710 1204 1834 1244 ἐστιν
1870 1217 1894 1242 o
1935 1203 2080 1244 ταῦτα
2115 1200 2337 1256 διοικήσας
2374 1201 2401 1258 ἢ
2443 1208 2516 1246 καὶ
2565 1199 2818 1247 ὑπεύθυνος
2852 1205 2935 1259 μὲν

1599 1256 1751 1315 ῶφθη,
1780 1255 1833 1300 τὸ
1863 1253 1914 1298 δὲ
1941 1253 2231 1313 ὀφειλόμενον
2259 1255 2510 1302 ἀπέδωκεν·
2547 1263 2622 1302 καὶ
2651 1254 2790 1302 οὕτως
2819 1260 2936 1312 ἔχειν

1596 1311 1842 1372 ἀσφάλειαν
1902 1311 1984 1355 τὸν
2044 1312 2208 1380 ταύτης
2270 1313 2536 1368 τετυχηκότα
2594 1315 2670 1368 τῆς
2721 1313 2936 1382 πράξεως.

1601 1369 1865 1425 8στελοῦμεν
1879 1367 1964 1437 γὰρ
1989 1365 2121 1424 ἡμεῖς,
2151 1374 2282 1423 ηνίκα
2296 1366 2354 1412 ἂν
2368 1369 2709 1424 βουληθείημεν,
2736 1387 2820 1414 τον
2832 1366 2937 1427 ἡμῖν

1598 1425 1830 1478 δοκοῦντα,
1870 1427 1917 1470 ὃς
1961 1425 2231 1469 ἐποπτεύσει
2268 1423 2326 1468 τὰ
2364 1423 2474 1485 παρ’
2524 1426 2676 1468 αὐτῶν
2718 1424 2939 1485 γενόμενα

1599 1481 1842 1540 λογοθέσια
1884 1486 1980 1531 καί,
2033 1482 2157 1540 εἴπερ
2200 1477 2353 1539 ὀρθῶς
2395 1484 2555 1535 ἔχοντα
2597 1476 2741 1539 εὕροι,
2784 1483 2940 1540 ψῆφον

1599 1538 1832 1592 ποιήσεται
1870 1536 1923 1581 τὸ
1951 1534 2144 1594 ἀσφαλὲς
2183 1534 2330 1580 αὐτοῖς
2364 1541 2438 1579 καὶ
2467 1533 2755 1607 κληρονόμοις
2784 1534 2940 1581 αὐτῶν

1598 1598 1672 1636 καὶ
1715 1591 1937 1647 διαδόχοις
1979 1593 2157 1636 τελείως
2200 1595 2542 1648 περιποιοῦσαν,
2588 1596 2643 1662 ἐφ
2705 1591 2743 1648 ᾧ
2781 1597 2940 1648 μηκετι

1599 1648 1820 1709 δευτέρων
1849 1649 1997 1708 λόγων
2033 1646 2060 1704 ἢ
2101 1647 2329 1704 ζητήσεων
2364 1646 2563 1708 ἀφορμὰς
2599 1647 2939 1707 υπολελεῖφθαι.

1599 1704 1789 1750 πάντων
1818 1708 1893 1750 ἐπὶ
1921 1707 2019 1748 τῶν
2047 1701 2190 1763 ἁγίων
2218 1702 2488 1764 εὐαγγελίων
2523 1701 2665 1749 οὕτως
2702 1703 2785 1748 συν
2821 1701 2938 1763 ἀκρι-

1598 1767 1703 1817 βείᾳ
1740 1765 2081 1820 πραττομένων,
2122 1756 2182 1803 ῶς
2218 1762 2294 1815 τῆς
2331 1757 2541 1819 ἡμετέρας
2579 1758 2727 1804 αὐτοῖς
2761 1763 2939 1816 ἐπιστη-

1600 1822 1624 1861 2
1683 1821 1880 1873 σομένης,
1910 1814 2040 1872 ἡνίκα
2067 1813 2125 1859 ἂν
2153 1815 2495 1872 βουληθείημεν,
2532 1816 2783 1868 ἐξετάσεως.
2840 1814 2942 1876 Χρὴ

1597 1877 1753 1930 μέντοι
1796 1872 2007 1917 σπεύδειν
2049 1872 2132 1916 τὸν
2174 1872 2532 1930 θεοφιλέστατον
2576 1875 2824 1917 ἐπίσκοπον
2865 1876 2942 1915 καὶ

1598 1929 1700 1972 τούς
1728 1928 1813 1972 σὺν
1841 1926 1967 1985 αύτῷ
1995 1931 2281 1984 ποιουμένους
2309 1927 2411 1972 τοὺς
2438 1927 2681 1997 λογισμούς,
2717 1924 2854 1982 ὅπως,
2883 1924 2942 1970 ἂν

1599 1984 1657 2028 τὰ
1693 1986 1802 2044 ἔργα
1839 1986 1901 2029 εἰς
1936 1984 2171 2044 ἀπέραντα
2205 1986 2282 2039 τῆς
2310 1981 2510 2037 δαπάνης
2547 1984 2793 2044 αφορισθῖ,
2822 1980 2937 2027 καθ’

1600 2044 1791 2085 ἕκαστον
1832 2043 1931 2084 ἔτος
1974 2039 2193 2096 ἐπιμελῶς
2233 2044 2409 2099 γένοιτο
2457 2042 2505 2082 ἐκ
2547 2041 2644 2082 τῶν
2694 2001 2942 2083 πολιτικῶν

1601 2101 1625 2141 3
1684 2093 1990 2153 ἀνανεούμενα
2029 2095 2188 2155 πόρων
2225 2112 2275 2138 τε
2312 2099 2387 2138 καὶ
2426 2093 2680 2154 προσόδων.
2746 2096 2805 2138 Εἰ
2890 2099 2941 2139 ’ν·

1599 2169 1720 2212 τοιγε
1746 2153 1808 2210 μὴ
1835 2152 2080 2208 βουληθείη
2111 2150 2345 2211 λογισμοὺς
2372 2147 2584 2204 ὑποσχεῖν
2606 2147 2630 2194 ὁ
2658 2153 2804 2195 ταῦτα
2833 2113 2941 2194 διιεοι-

1600 2207 1737 2263 κήσας
1762 2208 1876 2265 μηδὲ
1903 2204 2141 2262 ἀνάσχοιτο
2169 2210 2247 2251 τοῦ
2278 2205 2631 2265 θεοφιλεστάτου
2658 2209 2755 2250 τῶν
2781 2206 2942 2252 τόπων

1601 2264 1848 2309 ἐπισκόπου
1886 2268 1961 2308 καὶ
1997 2266 2096 2308 τῶν
2123 2263 2358 2323 κτητόρων
2386 2265 2483 2306 τῶν
2511 2262 2622 2322 πρὸς
2657 2265 2791 2307 τοῦτο
2819 2262 2940 2322 ἀφω-

1629 2324 1827 2376 ισμένων
1855 2321 1915 2364 εἰς
1944 2317 2177 2379 λογισμούς
2215 2317 2354 2363 αὐτὸν
2382 2317 2657 2372 καλούντων,
2695 2321 2941 2374 τηνικαῦτα

1600 2377 1941 2436 αναγκάζεσθαι
1975 2377 2110 2419 τοῦτο
2147 2374 2366 2434 πράττειν
2405 2373 2480 2418 διὰ
2513 2377 2594 2418 τοῦ
2628 2373 2942 2443 λαμπροτάτου

1599 2434 1675 2489 τῆς
1713 2435 1925 2491 ἐπαρχίας
1960 2430 2173 2490 ἄρχοντος
2207 2435 2283 2474 καὶ
2309 2432 2386 2485 τῆς
2414 2431 2687 2486 πειθομένης
2713 2432 2839 2486 αυτῷ
2866 2430 2942 2474 τά·

1602 2490 1732 2542 ξεως,
1777 2492 1934 2544 ζημίας
1975 2488 2118 2542 πάσης
2159 2491 2292 2553 χωρὶς
2334 2485 2698 2543 συνωθούμενον,
2737 2489 2760 2528 ἐ
2797 2484 2811 2502 ²
2853 2475 2943 2542 ᾧτε

1601 2547 1711 2590 πᾶσι
1738 2544 1920 2604 τρόποις
1947 2541 2182 2603 λογισμοὺς
2208 2546 2388 2597 υπέχειν
2404 2544 2472 2598 τῷ
2497 2541 2838 2610 θεοφιλεστατω
2867 2544 2944 2598 τῆς

1602 2600 1771 2647 πόλεως
1807 2599 2041 2654 ἐπισκόπῳ
2078 2603 2155 2642 καὶ
2191 2603 2280 2642 τοῖς
2316 2598 2596 2657 πρωτεύουσι
2633 2600 2731 2643 τῶν
2764 2597 2943 2642 πολεων

1601 2661 1676 2701 καὶ
1703 2655 1757 2701 τὸ
1788 2657 2065 2716 φαινόμενον
2089 2653 2415 2714 ἐποφείλεσθαι
2443 2652 2555 2714 παρ’
2588 2651 2724 2699 αὐτοῦ
2752 2651 2941 2700 ἀποδοῦ-

1593 2804 1703 2836 eaetat
1731 2797 1772 2836 in
1802 2794 1901 2836 Coll.
2017 2796 2073 2846 (6)
2115 2804 2223 2836 extat
2252 2797 2292 2835 in
2331 2794 2455 2835 Coll.:
2495 2795 2615 2846 iunqe
2646 2795 2685 2843 3,
2713 2802 2767 2844 10,
2793 2796 2845 2835 2?
2877 2795 2943 2846 12,

1592 2860 1660 2901 40,
1691 2860 1732 2892 12
1771 2851 1846 2901 (ad
1883 2856 1903 2899 ξ
1935 2851 1993 2902 16)
2131 2852 2185 2903 (7)
2229 2852 2288 2891 sic
2326 2851 2600 2901 Augustinus,
2643 2845 2800 2904 λίμνας
2843 2850 2941 2892 Coll.

1592 2907 2371 2959 (8)§1fin.—§5=10,30,4

2897 3005 2941 3014 .-

186 3070 301 3114 mitti
328 3069 509 3114 videant
534 3069 590 3114 ab
621 3069 870 3114 illustribus
906 3070 1223 3128 spectabilibus
1262 3070 1524 3115 clarissimis

179 3139 271 3184 pro
310 3131 507 3183 tempore
544 3124 884 3182 maqistratibus
920 3125 991 3171 vel
1026 3125 1082 3170 ab
1113 3127 1283 3183 officiis
1321 3141 1438 3184 quae
1465 3127 1523 3171 iis

180 3186 369 3239 parent,
413 3180 498 3224 hoc
538 3180 855 3235 denuntiandi,
898 3186 952 3226 ut
992 3194 1246 3240 conqruens
1286 3187 1433 3227 motus
1474 3183 1522 3226 in

186 3242 359 3281 contem
394 3240 513 3281 tores
540 3235 630 3280 diri
661 3241 776 3280 atur.

242 3290 307 3339 23
367 3292 462 3336 dem
491 3292 531 3336 Α
572 3250 734 3336 Μὲηαε
753 3307 836 3357 pp.
906 3291 1119 3341 Privatos
1147 3307 1354 3338 carceres
1382 3295 1521 3338 omni-

186 3349 318 3393 modo
348 3349 395 3392 in
424 3347 605 3392 urbibus
634 3348 702 3393 vel
728 3349 837 3394 vicis
865 3349 1078 3393 constitui
1114 3356 1325 3403 vetamus,
1363 3350 1422 3394 iis
1459 3350 1521 3395 vi-

187 3404 345 3449 delicet
377 3404 456 3461 qui
493 3403 746 3448 detinentur
764 3405 1056 3462 providentia
1084 3405 1521 3464 religiosissimorum

187 3460 274 3505 loci
302 3461 615 3519 episcoporum
643 3460 849 3504 custodia
878 3460 1130 3505 liberandis.

243 3513 308 3561 25
340 3515 466 3559 Idem
497 3515 550 3560 Α.
580 3513 867 3561 Demostheni
895 3531 979 3574 pp.
1047 3516 1200 3562 Etiam
1237 3516 1520 3576 reliqiosissi-

187 3572 271 3615 mis
308 3570 533 3629 episcopis
569 3570 792 3615 licentiam
832 3571 992 3616 damus
1018 3572 1067 3616 in
1094 3587 1162 3626 ea,
1202 3587 1320 3630 quae
1350 3572 1406 3618 de
1436 3577 1520 3618 tes-

186 3627 299 3672 seris
327 3640 444 3684 quae
472 3632 689 3671 vocantur
717 3626 786 3671 vel
812 3628 945 3672 cottis
972 3632 1018 3672 et
1043 3628 1098 3673 de
1126 3643 1280 3673 eorum
1311 3627 1520 3687 prohibi-

189 3683 310 3727 tione
339 3682 662 3735 constituimus‚
690 3682 737 3726 in
769 3683 946 3727 uirendi
974 3688 1020 3728 et
1044 3684 1085 3728 si
1108 3685 1228 3741 fiant
1247 3684 1521 3743 reprimendi

187 3752 242 3782 ac
270 3738 573 3795 delinquentes
599 3751 692 3796 per
719 3751 743 3782 c
762 3739 993 3783 arissimos
1018 3741 1360 3805 provinciarum
1379 3755 1520 3799 prae-

186 3794 305 3838 sides
341 3799 385 3838 et
413 3799 576 3851 patres
613 3793 962 3853 defensoresque
999 3796 1226 3840 civitatum
1262 3796 1324 3841 ad
1350 3796 1518 3841 sanita-

190 3855 273 3894 tem
303 3863 400 3893 com
433 3849 605 3893 ellendi.

245 3902 310 3951 26
342 3903 373 3949 I
399 3918 465 3949 em
493 3906 545 3948 A.
578 3903 757 3949 Iuliano
778 3920 861 3965 pp.
929 3905 999 3951 De
1032 3907 1248 3952 reditibus

188 3962 308 4018 qulis
343 3960 474 4004 annis
516 3959 578 4004 ad
615 3961 814 4006 civitates
842 3962 1115 4027 perveniunt
1147 3977 1209 4008 ex
1228 3978 1298 4022 pu
1329 3963 1426 4008 licis
1454 3963 1523 4008 vel

183 4016 377 4074 privatis
398 4015 627 4073 pecuniis,
666 4030 783 4074 quae
817 4018 874 4061 iis
911 4017 967 4062 ab
1006 4018 1231 4075 aliquibus
1260 4019 1520 4076 relinquun-

191 4078 264 4116 tur
293 4071 362 4117 vel
395 4072 623 4115 donantur
651 4072 720 4116 vel
756 4072 847 4117 alio
877 4072 1010 4118 modo
1040 4073 1206 4118 dantur
1233 4089 1313 4120 seu
1341 4088 1520 4139 compa-

189 4132 364 4180 rantur,
407 4127 498 4171 sive
541 4126 602 4171 ad
644 4141 783 4185 opera
817 4129 910 4173 sive
947 4128 1010 4173 ad
1044 4143 1138 4173 rem
1173 4131 1521 4186 frumentariam

189 4184 280 4227 sive
308 4182 370 4227 ad
389 4182 598 4246 publicos
627 4197 773 4240 aquae
810 4183 972 4229 ductus
1008 4184 1101 4230 sive
1129 4186 1190 4228 ad
1217 4186 1376 4230 balnea
1406 4186 1521 4230 cale-

186 4238 404 4294 facienda
438 4251 532 4283 szve
566 4237 627 4281 ad
658 4244 827 4296 portus
859 4240 953 4284 sive
985 4239 1047 4284 ad
1073 4242 1400 4286 extructionem
1428 4255 1522 4285 mu-

191 4308 343 4337 rorum
383 4293 453 4339 vel
491 4293 679 4337 turrium
715 4294 807 4339 sive
843 4295 905 4339 ad
939 4296 1151 4354 pontium
1197 4302 1521 4341 straturarum-

194 4363 276 4403 que
311 4349 602 4405 refectionem
640 4349 709 4394 vel
745 4349 934 4407 denique
970 4350 1019 4394 in
1037 4350 1249 4409 publicos
1285 4366 1395 4397 usus
1423 4366 1521 4397 ero-

194 4405 381 4465 qandae,
414 4410 502 4449 tam
530 4418 592 4449 ex
609 4403 809 4469 publicis
833 4420 966 4469 quam
989 4420 1052 4451 ex
1071 4407 1268 4464 privatis
1295 4407 1445 4452 causis
1472 4412 1524 4451 ut

196 4456 360 4519 dictum
380 4466 467 4513 est,
490 4473 729 4513 sancimus,
754 4466 806 4504 ut
827 4474 875 4504 in
896 4475 1033 4505 unum
1054 4463 1319 4508 conveniant
1340 4462 1521 4521 reliqio-

195 4514 391 4574 sissimus
426 4516 663 4581 episcopus
696 4519 741 4560 et
769 4519 859 4560 tres
893 4516 979 4561 viri
1006 4516 1149 4561 bonae
1177 4518 1522 4563 existimationis

197 4571 239 4609 et
262 4580 309 4610 tn
337 4583 452 4612 omni
475 4585 524 4615 re
543 4585 638 4616 eius
652 4571 845 4617 civitatis
850 4572 1078 4629 primarii,
1098 4577 1142 4616 et
1166 4577 1254 4617 tam
1277 4575 1407 4631 facta
1432 4574 1520 4617 sin-

196 4622 314 4681 qulis
335 4625 464 4668 amns
487 4639 624 4684 opera
645 4626 890 4686 inspiciant
909 4641 1044 4686 quam
1063 4633 1231 4683 curent,
1261 4634 1313 4675 ut
1338 4630 1520 4676 metian-

1317 3922 1403 3953 uae
1429 3907 1519 3951 sin-

1607 3075 1682 3114 tur
1717 3075 1761 3114 et
1797 3075 1849 3114 ut
1884 3070 2085 3114 rationes
2121 3069 2315 3113 reddant
2341 3069 2421 3126 qui
2448 3083 2503 3114 ea
2531 3068 2848 3114 administrant
2874 3070 2943 3115 vel

1605 3125 2001 3178 administrabunt,
2040 3130 2085 3170 et
2119 3124 2200 3170 sub
2238 3129 2442 3169 actorum
2479 3125 2766 3182 confectione
2799 3125 2941 3169 mani-

1601 3182 1772 3239 festum
1806 3182 1893 3238 siat
1932 3195 2072 3240 opera
2100 3181 2316 3239 perfecta
2353 3194 2450 3225 esse
2486 3180 2555 3226 vel
2582 3180 2819 3238 dispensas
2846 3194 2942 3226 esse

1596 3237 1821 3295 pecunias
1847 3237 2065 3282 sitonicas
2092 3241 2138 3281 et
2165 3235 2472 3281 balneatorias
2507 3235 2578 3282 vel
2604 3249 2721 3293 quae
2747 3236 2796 3280 in
2822 3241 2940 3281 stra-

1607 3299 1735 3337 turas
1762 3293 1833 3338 vel
1859 3306 2006 3350 aquae
2034 3292 2196 3337 ductus
2231 3291 2302 3338 vel
2337 3292 2516 3350 reliqua
2552 3290 2771 3336 eiusmodi
2807 3290 2941 3337 desti-

1609 3353 1627 3392 1
1697 3353 1833 3394 natae
1874 3353 1992 3393 sunt.
2064 3346 2189 3402 Quae
2239 3347 2389 3392 omnia
2435 3348 2670 3392 immutata
2711 3347 2760 3391 in
2812 3361 2942 3394 omne

1604 3418 1759 3450 aevum
1787 3418 1968 3449 manere
1996 3403 2200 3450 volumus
2230 3408 2276 3449 et
2295 3408 2526 3462 qestorum
2547 3402 2832 3461 confectione
2891 3418 2941 3448 a·

1604 3459 1693 3504 lam
1712 3461 1838 3518 fieri,
1863 3460 1981 3505 sitne
2003 3459 2179 3505 solutus
2202 3460 2282 3518 qui
2301 3474 2355 3505 ea
2372 3458 2717 3512 administravit,
2745 3472 2807 3503 an
2831 3473 2858 3504 o
2888 3459 2939 3504 li-

1602 3521 1737 3574 qatus
1751 3516 1930 3575 quidem
1946 3515 2227 3575 apparuerit,
2238 3515 2288 3559 id
2299 3521 2446 3559 autem
2466 3513 2591 3572 quod
2603 3513 2754 3559 debuit
2758 3514 2939 3573 persol-

1603 3572 1738 3617 verit:
1765 3578 1811 3617 et
1836 3572 1902 3616 sic
1937 3572 2222 3616 securitatem
2242 3570 2407 3615 habere
2427 3583 2526 3615 eum
2547 3569 2626 3627 qui
2645 3568 2764 3614 hanc
2783 3582 2937 3614 curam

1602 3628 1808 3688 suscepit.
1866 3641 1951 3672 nos
1979 3627 2109 3680 enim,
2139 3626 2510 3684 quandocumque
2537 3623 2768 3678 videbitur,
2796 3625 2939 3670 mitte-

1602 3698 1701 3729 mus
1741 3697 1872 3748 quem
1907 3682 2158 3742 placuerit,
2233 3681 2281 3726 ui
2324 3681 2527 3726 rationes
2563 3679 2618 3725 ab
2656 3680 2750 3725 illis
2782 3681 2940 3746 factas

1602 3744 1831 3785 examinet
1857 3743 1924 3792 et,
1961 3738 2003 3782 si
2036 3743 2156 3783 recte
2187 3696 2320 3796 sqacta
2348 3737 2578 3790 invenerit,
2605 3741 2828 3781 sententia
2853 3750 2939 3783 sua

1635 3796 1781 3840 lenam
1807 3794 2090 3839 securitatem
2117 3793 2231 3853 ipsis
2258 3792 2580 3850 heredibusque
2601 3796 2648 3837 et
2670 3793 2939 3838 successori-

1593 3810 1684 3896 ἷκε
1711 3864 1865 3895 eorum
1885 3854 2114 3909 praestet,
2154 3854 2207 3894 ut
2232 3863 2326 3894 non
2353 3849 2548 3908 amplius
2575 3847 2768 3893 aliarum
2795 3848 2938 3894 ratio-

1603 3921 1709 3951 num
1744 3905 1813 3952 vel
1848 3906 2190 3963 inquisitionum
2234 3905 2411 3950 occasio
2459 3904 2754 3962 relinquatur.
2821 3917 2938 3962 quae

1604 3962 1755 4007 omnia
1781 3962 2064 4021 praepositis
2091 3961 2262 4006 sanctis
2303 3960 2546 4018 evanqeliis
2584 3959 2652 4004 sic
2701 3957 2938 4017 diliqenter

1599 4019 1740 4074 siant,
1780 4030 1878 4061 cum
1916 4022 2076 4062 nostra
2113 4017 2161 4060 in
2194 4016 2346 4062 uisitio
2385 4014 2567 4074 quando
2607 4013 2787 4060 libuerit
2825 4013 2938 4074 ipsis

1604 4078 1628 4117 2
1685 4073 1831 4118 instet.
1912 4071 2121 4132 Propera
2184 4086 2258 4116 um
2301 4076 2450 4116 autem
2491 4075 2559 4116 est
2599 4068 2934 4127 reliqiosissimo

1603 4129 1814 4194 episcopo
1852 4129 1997 4186 iisque
2033 4129 2113 4186 qui
2150 4141 2249 4173 cum
2286 4141 2338 4172 eo
2367 4126 2568 4171 rationes
2596 4125 2851 4182 conficiunt,
2885 4132 2938 4170 ut

1601 4198 1641 4230 st
1670 4198 1763 4242 qua
1791 4198 1818 4228 o
1853 4198 1932 4228 era
1960 4185 2198 4229 continuos
2224 4187 2429 4248 sumptus
2457 4181 2708 4244 requirant,
2745 4180 2938 4246 sinqulis

1603 4240 1735 4285 annis
1781 4199 2021 4298 diliqenter
2057 4253 2119 4284 ex
2197 4238 2356 4283 ublicis
2393 4235 2624 4301 fructibus
2666 4241 2712 4281 et
2749 4245 2937 4301 sumpti·

1605 4300 1629 4341 3
1686 4295 1769 4340 bus
1791 4299 2113 4341 restaurentur.
2192 4293 2285 4339 uod
2304 4293 2347 4338 si
2368 4291 2709 4337 administrator
2734 4296 2938 4336 rationes

1603 4351 1790 4397 reddere
1840 4350 2038 4395 noluerit
2085 4364 2227 4408 neque
2279 4363 2309 4393 a
2354 4347 2690 4405 reliqiosissimo
2734 4345 2937 4392 locorum

1603 4406 1814 4466 episcopo
1835 4405 2263 4465 possessoribusque
2287 4403 2349 4449 ad
2365 4402 2414 4447 id
2438 4402 2621 4448 delectis
2647 4401 2709 4446 ad
2733 4401 2937 4467 rationes

1603 4462 1854 4507 reddendas
1881 4461 2062 4507 evocari
2087 4474 2136 4506 se
2167 4460 2342 4513 siverit,
2389 4462 2480 4502 tum
2513 4471 2605 4517 per
2640 4457 2935 4502 clarissimum

1594 4518 1863 4577 provinciae
1894 4515 2153 4576 praesidem
2197 4514 2487 4574 officiumque
2534 4513 2576 4558 ei
2622 4511 2844 4558 subditum
2886 4512 2934 4556 ia

1599 4574 1759 4632 facere
1796 4577 1988 4637 coqatur
2015 4586 2070 4616 ac
2106 4572 2204 4616 sine
2239 4570 2334 4615 ulla
2362 4583 2517 4634 poena
2546 4566 2854 4633 compellatur,
2883 4571 2936 4613 ut

1603 4628 1938 4686 reliqi-osissimo
1977 4627 2188 4687 episcopo
2228 4630 2273 4671 et
2300 4626 2525 4671 civitatum
2549 4622 2830 4686 primoribus
2856 4635 2931 4669 ra-
