3094 4732
144 215 193 267 X
230 214 290 263 27
1452 186 1556 244 408

248 363 295 399 έν
334 356 465 397 εἴδεσι
503 353 756 395 συντέλειαν
793 353 884 393 τοῖς
917 344 1019 390 κατ’
1053 343 1190 396 αὐτὴν
1221 340 1462 395 ἱδρυμένοις

248 408 562 468 στρατιώταις,
600 410 673 448 καὶ
711 402 902 450 πάντων
929 401 1096 459 μᾶλλον
1124 394 1462 467 ἀποτρέψεσθαι

247 468 304 507 εἰς
357 462 494 517 αὐτὴν
548 458 848 520 στρατιωτικοὶ
901 456 956 501 τά
982 471 1104 511 ματα
1155 468 1294 517 αναγκ
1367 452 1463 491 ἐστι

247 518 422 572 συνεχὴς
474 515 590 561 πάνυ
639 516 852 573 γίνεσθαι
869 518 894 565 ¹,
966 508 1095 577 πειδὴ
1135 523 1197 563 μη
1220 508 1290 574 ’ἐν
1320 508 1464 558 έχεται

247 574 346 628 δίχα
375 574 571 625 συνωνῆς
599 568 939 629 ἀποτρέψεσθαι
967 579 1067 608 τους
1100 570 1299 629 ἑνάυτῃ(
1330 574 1463 617 στρα·

246 630 429 672 τιώτας·
475 631 524 669 ἐν
564 629 704 683 ἐκείνῃ
742 629 896 667 τοίνυν
933 623 986 680 τῇ
1027 617 1238 685 διοικησει
1277 634 1304 670 η
1339 619 1465 673 μέχρι

247 685 434 741 σήμερον
480 681 696 740 κρατείτω
741 675 982 732 συνήθεια,
1032 676 1337 728 υποκειμένων
1389 673 1464 713 καὶ

246 743 340 783 τῶν
370 737 579 795 ἐμπόρων
608 739 662 795 τῇ
694 734 925 788 συνηθείᾳ,
963 729 1181 790 πρότερον
1209 731 1362 784 μέντοι
1392 729 1465 768 καῖ

248 801 336 838 τοῖς
373 793 676 838 συντελεσταῖς
714 794 786 833 καὶ
824 793 914 832 τοῖς
952 785 1159 845 ἐμπόροις
1190 781 1464 851 καταβαλλο-

245 855 378 906 μένου
420 851 498 892 τοῦ
541 851 615 902 τῆς
657 847 853 899 συνωνῆς
892 847 1068 902 χρυσίου
1110 844 1160 883 έν
1198 839 1467 906 ευσταθμοις

247 911 486 962 νομίσμασι
524 908 597 946 καὶ
626 901 844 961 όβρύζοις,
883 902 956 942 καὶ
986 893 1125 940 οὕτως
1155 893 1306 938 αὐτῶν
1335 909 1464 938 απαι-

247 965 475 1017 τουμένων
502 957 811 1016 άδιαστρόφως
839 960 914 999 καὶ
943 952 1137 1008 ἀζημίως
1165 950 1217 994 τὸ
1243 948 1465 1017 effossio·-

249 1020 409 1074 φέρειν,
448 1016 527 1057 τοῦ
566 1013 615 1057 δὲ
643 1016 785 1057 ταῦτα
815 1014 1173 1066 παραβαίνοντος
1201 1009 1292 1073 τοῖς
1321 1007 1467 1068 αυτοῖς

144 1079 186 1117 11
250 1076 484 1126 ἐπιτιμίοις
524 1068 822 1124 ὑποκειμένου.
894 1064 1081 1108 Βέλτιον
1121 1061 1204 1121 γὰρ
1247 1064 1348 1129 αντὶ
1391 1072 1468 1112 της

250 1126 470 1178 ἰδιωτικῆς
497 1127 729 1182 ἐμπορειάς
756 1120 922 1178 μᾶλλον
951 1123 1040 1163 τοῖς
1068 1129 1365 1183 στρατιωταις,
1393 1116 1467 1179 καὶ

248 1181 348 1224 τοὺς
397 1178 612 1235 ἐμπόρους
663 1181 863 1246 χορηγεῖν
910 1174 987 1219 τὰς
1031 1172 1270 1232 ἀναγκαίας
1314 1185 1466 1235 αυτων

146 1243 190 1282 12
210 1241 268 1292 (4)
297 1234 561 1293 ἀποτροφάς.
616 1231 721 1276 Ἐὰν
750 1232 802 1276 δέ
827 1247 937 1274 ποτε
975 1228 1050 1272 διά
1078 1241 1202 1271 τινας
1231 1223 1381 1293 πόλεις
1406 1241 1468 1280 μη

246 1292 424 1343 ἐχούσας
461 1288 676 1332 σιτωνικὰ
710 1284 914 1346 χρήματα
941 1282 1051 1341 μήτε
1080 1283 1308 1340 ἑτέρωθεν
1337 1296 1466 1324 ευπο-

246 1345 403 1403 ρούσας
421 1340 588 1413 ἀνάγκη
603 1348 755 1402 γέγονε
769 1339 975 1394 συνωνὴν
990 1338 1284 1405 ποιήσασθαι,
1301 1336 1466 1401 ἐξέστω

243 1403 326 1455 μέν
362 1404 452 1442 τοῖς
489 1415 667 1458 αρχουσι
706 1397 874 1449 ταύτην
902 1399 1067 1444 ποιεῖν,
1111 1397 1161 1436 έν
1187 1409 1302 1463 μονῃ
1332 1389 1382 1434 δὲ
1410 1408 1466 1450 τῃ

244 1459 393 1512 ένορίᾳ
434 1457 510 1507 τῆς
548 1453 718 1498 πόλεως
754 1455 830 1507 τῆς
867 1454 947 1494 τοῦ
986 1456 1110 1493 σίτου
1148 1447 1356 1504 δεομενης
1393 1450 1467 1490 καὶ

245 1514 294 1553 έν
322 1514 410 1552 τοῖς
440 1508 571 1564 αὐτῆς
600 1506 750 1568 ὁρίοις,
789 1512 862 1549 καὶ
892 1505 1005 1550 κατὰ
1032 1505 1090 1549 τὰ
1118 1507 1168 1548 ἐν
1195 1508 1287 1547 τοῖς
1314 1499 1469 1547 τόποις

244 1567 493 1624 κρατοῦντα
515 1565 628 1608 κατὰ
650 1563 805 1620 καιρὸν
823 1559 1064 1618 τιμήματα.
1106 1562 1239 1605 τοῦτο
1261 1557 1309 1603 δὲ
1325 1575 1467 1615 παρα·

246 1620 593 1678 φυλαττέτωσαν
630 1623 703 1662 καὶ
742 1619 788 1662 οἱ
822 1622 1009 1676 πατέρες
1046 1619 1143 1660 τῶν
1179 1612 1358 1661 πόλεων
1393 1617 1468 1656 καὶ

104 1683 106 1685 ’
141 1685 187 1724 13
206 1680 265 1731 (5)
296 1679 380 1720 πᾶς
416 1679 560 1734 ἕτερος
595 1678 671 1730 τῆς
706 1676 905 1728 συνωνῆς
942 1672 1276 1732 προνοούμενος.
1324 1672 1381 1714 Εἰ
1420 1667 1470 1712 δέ

244 1735 317 1787 καὶ
346 1730 511 1790 ἀνάγκη
540 1737 711 1790 γίνεται
740 1729 975 1784 πολιτικὴν
1002 1729 1219 1788 γενέσθαι
1249 1724 1468 1779 συνωνήν,

247 1788 304 1831 ως
334 1790 695 1843 ἐπιζητουμένων
723 1785 860 1829 εἰδῶν
903 1788 952 1828 ἐν
990 1787 1045 1844 τῇ
1085 1781 1285 1840 βασιλίδι
1325 1779 1469 1834 πόλει,

245 1846 318 1886 καὶ
348 1845 397 1886 έν
424 1841 565 1902 ταύτῃ
592 1841 706 1885 κατὰ
730 1843 867 1884 θείαν
891 1840 1036 1897 μόνην
1061 1838 1260 1883 κέλευσεν
1283 1843 1469 1909 προβαι-

246 1903 374 1950 νέτω,
409 1900 487 1942 τοῦ
516 1904 692 1956 χρυσίου
722 1894 941 1956 πρότερον
970 1895 1082 1939 κατὰ
1112 1893 1166 1939 τὰ
1196 1892 1270 1939 ἐπ’
1314 1894 1472 1953 αγορᾶς

247 1957 296 1997 έν
333 1956 512 1997 ἐκείνοις
546 1958 638 1996 τοῖς
674 1950 829 1998 τόποις
867 1951 982 1995 ὤνια
1018 1954 1318 2010 παρεχομένου
1348 1947 1472 1992 ἀδια-

249 2007 356 2067 στρό
394 2023 452 2052 ως
480 2013 552 2051 καὶ
582 2006 790 2064 ἀζημίως,
818 2007 931 2063 μετὰ
959 2009 1038 2050 τοῦ
1068 2011 1141 2049 καὶ
1169 2005 1229 2050 τὰ
1257 2004 1400 2049 ναῦλα
1425 2006 1472 2045 ἐκ

251 2067 328 2108 τοῦ
386 2070 569 2120 ημοσίου
599 2065 891 2122 παρέχεσθαι,
923 2059 1040 2106 ὥστε
1068 2062 1150 2106 τὸν
1179 2059 1473 2114 συντελεστὴν

249 2117 516 2178 πιπράσκειν
528 2117 669 2176 μόνον
692 2119 745 2162 τὸ
770 2117 1118 2174 ἐπιζητούμενον
1133 2115 1246 2161 εἶδος
1264 2121 1339 2160 καὶ
1365 2114 1426 2161 πλ
1455 2140 1471 2150 ·

143 2182 192 2221 14
223 2181 283 2229 (ὅ)
314 2177 523 2234 ρωθῆναι
552 2179 643 2218 τοῖς
672 2174 894 2229 δεομένοις
922 2173 1004 2229 τὴν
1031 2179 1198 2231 χρείαν.
1238 2171 1394 2228 Μηδὲν
1453 2174 1474 2214 ὃ

247 2235 295 2274 ἐκ
332 2227 495 2284 ταύτης
531 2232 605 2284 τῆς
645 2228 887 2280 διατάξεως
913 2229 1190 2282 καινιζέσθω
1226 2228 1285 2272 τὰ
1313 2231 1387 2273 ἐπὶ
1416 2229 1472 2287 τῇ

246 2288 424 2344 συνωνῇ
455 2288 530 2338 τῆς
554 2283 882 2343 Ἀλεξανδρέων
908 2280 1248 2343 μεγαλοπόλεως
1272 2281 1472 2327 διατετυ-

244 2343 447 2396 πωμένα,
474 2337 585 2383 ἀλλὰ
613 2345 834 2397 κρατείτω
862 2342 936 2382 καὶ
965 2336 990 2383 ὁ
1021 2340 1144 2382 θεῖος
1168 2337 1306 2384 τύπος
1328 2335 1352 2383 ὁ
1379 2337 1471 2382 δια·

245 2393 456 2440 τυπώσας
491 2395 549 2438 τὰ
586 2399 687 2454 περὶ
725 2398 823 2438 τῶν
859 2393 1138 2439 ἐπεισάκτων
1174 2396 1474 2452 στρατιωτῶν

135 2568 184 2615 (1)
215 2575 390 2618 expectes
401 2567 495 2618 fere
517 2560 683 2610 μᾶλλον
707 2562 767 2605 εἰς
790 2560 843 2604 τὸ
867 2557 1210 2619 άποτρέφεσθαι
1233 2560 1290 2604 τὰ
1316 2576 1371 2604 στ
1401 2578 1471 2604 ατ.

134 2617 260 2677 τάγμ.
297 2615 464 2677 ἀνάγκη
503 2620 598 2660 ἐστὶ
637 2615 845 2673 συνωνὴν
882 2622 1055 2672 συνεχές
1092 2616 1211 2662 πάνυ
1243 2621 1369 2676 γίνεσ
1412 2634 1472 2660 αι.

135 2678 385 2727 (Mommsen)
525 2677 581 2726 (2)
617 2695 672 2710 =
705 2677 741 2728 1,
772 2684 805 2726 4,
836 2684 874 2718 17
915 2677 1210 2728 inscriptionem
1240 2691 1289 2716 ex
1326 2691 1358 2716 c.
1391 2684 1405 2716 1
1437 2683 1475 2716 et

139 2734 220 2785 leye
263 2733 421 2785 yemina
465 2732 716 2771 restituimus.
783 2733 906 2772 verba
948 2730 1230 2785 θεσπίζομεν
1273 2724 1474 2782 σιτώνην

138 2789 302 2827 tradunt
330 2787 538 2828 Paratitla
569 2788 626 2826 ad
659 2787 791 2828 Const.
827 2788 862 2835 1,
891 2795 912 2828 3
943 2789 1082 2828 addito
1112 2788 1186 2828 hoc
1214 2788 1372 2828 indice.-
1402 2781 1473 2826 δο-

137 2845 321 2896 κιμασίᾳ
364 2841 443 2883 τοῦ
486 2836 837 2896 θεοφιλεστάτου
880 2841 956 2894 τῆς
1007 2838 1179 2885 πόλεως
1228 2835 1473 2884 ἐπισκόπου

136 2900 208 2938 καὶ
243 2898 339 2939 τῶν
378 2898 427 2938 έν
454 2899 543 2938 τοῖς
580 2894 787 2954 κτήτορσι
817 2894 1149 2954 πρωτευόντων
1179 2897 1226 2938 ἐκ
1254 2897 1331 2950 τῆς
1359 2893 1472 2938 κατὰ

135 3091 427 3134 barbarorum
469 3090 678 3134 incursus
715 3091 978 3136 colonorum
1016 3104 1227 3135 numerus
1276 3090 1474 3134 deminu-

137 3153 206 3189 tus
241 3153 306 3190 est
343 3159 423 3189 nec
458 3148 707 3204 specierum
744 3147 930 3192 collatio
970 3147 1184 3191 militibus
1219 3146 1281 3191 ibi
1310 3146 1474 3191 consti-

139 3203 244 3244 tutis
286 3202 461 3258 sufficit
496 3207 540 3245 et
570 3216 689 3260 prae
729 3203 933 3247 omnibus
971 3202 1032 3247 ad
1069 3202 1256 3247 alendos
1284 3202 1474 3247 militum

138 3257 334 3313 leqiones
360 3271 468 3300 sane
490 3264 712 3315 perpetuo
742 3272 919 3304 necesse
948 3263 1015 3303 est
1043 3272 1164 3303 eoem
1203 3259 1367 3303 tionem
1395 3259 1474 3316 sa-

140 3325 250 3374 cere,
276 3313 500 3373 ¹quoniam
537 3314 784 3378 specierum
823 3315 1006 3359 collatio
1035 3315 1164 3359 militi
1195 3328 1251 3359 us
1276 3314 1339 3359 ibi
1368 3327 1474 3358 con-

141 3372 305 3410 stitutis
333 3380 423 3410 non
451 3369 645 3424 sufficit:
679 3372 727 3413 in
764 3370 846 3415 illa
883 3370 1025 3428 iqitur
1061 3370 1258 3415 dioecesi
1294 3375 1477 3415 maneat

141 3435 254 3477 quae
283 3421 508 3485 hucusque
539 3424 727 3470 obtinuit
756 3426 1055 3479 consuetudo,
1095 3427 1169 3471 cui
1197 3431 1243 3472 et
1269 3427 1474 3485 neqotia-

141 3483 260 3520 tores
287 3477 482 3541 subtecti·
499 3484 626 3531 sunt,
667 3488 719 3524 ut
752 3487 897 3526 tamen
927 3482 1064 3540 prius
1099 3487 1146 3527 et
1179 3481 1475 3527 collatoribus

138 3536 183 3576 et
209 3533 564 3596 neqotzatortbus
594 3549 753 3579 aurum
781 3550 876 3594 pro
916 3539 1196 3602 coemptione
1232 3540 1281 3582 in
1310 3537 1476 3598 probis

132 3593 259 3685 putas
288 3601 477 3651 nummis
504 3589 707 3634 solvatur
744 3598 788 3636 et
823 3593 889 3636 sic
927 3593 982 3637 ab
1013 3608 1077 3638 ezs
1104 3595 1353 3652 specierum
1382 3594 1474 3639 col-

155 3649 248 3686 αιιο
287 3645 732 3707 ειηεφείναραιὶοηε
767 3652 812 3691 ει
838 3648 933 3693 sine
961 3648 1126 3694 damno
1157 3651 1398 3708 exiqatur:
1434 3651 1476 3694 is

140 3707 284 3742 autem
357 3713 400 3742 ut
441 3699 550 3743 baec
588 3702 823 3746 violaverit
857 3704 996 3748 isdem
1030 3706 1192 3763 poenis
1229 3706 1473 3751 subiaceat.

146 3758 186 3796 11
248 3753 323 3818 Me
341 3755 412 3797 ius
440 3756 555 3799 enim
584 3763 649 3801 est
673 3771 767 3815 pro
830 3760 978 3804 rivata
1005 3762 1310 3825 neqotiatione
1339 3762 1475 3806 etiam

140 3815 443 3867 neqotzatores
482 3814 734 3857 necessaria
770 3828 798 3857 a
817 3815 983 3859 imonia
1018 3817 1233 3861 militibus
1260 3818 1474 3876 suppedi-

143 3868 191 3906 12
252 3870 358 3909 tare.
418 3865 797 3926 taandocumque
825 3878 971 3915 autem
1001 3886 1091 3929 per
1126 3873 1328 3918 civitates
1357 3887 1474 3931 quae

139 3934 279 3977 neque
316 3924 594 3966 annonarias
628 3925 877 3981 facultates
915 3926 1079 3972 liabent
1114 3943 1257 3985 neque
1294 3929 1389 3974 alia
1422 3930 1473 3973 in

139 3989 188 4039 re
228 3976 471 4041 locupletes
512 3984 620 4023 sunt
661 3982 979 4038 coemptionem
1024 3984 1129 4039 fleri
1174 3998 1351 4029 necesse
1392 3991 1473 4039 est,

141 4030 271 4094 liceat
306 4033 594 4095 praesidibus
637 4049 735 4079 eam
775 4038 953 4093 facere,
998 4038 1077 4084 sed
1117 4040 1165 4083 in
1203 4041 1303 4085 solo
1344 4042 1473 4086 terri-

143 4093 258 4130 torto
299 4088 421 4131 urbis
457 4103 572 4146 quae
609 4105 791 4135 annona
829 4098 953 4137 caret
990 4099 1034 4138 et
1068 4095 1192 4140 intra
1223 4097 1341 4152 fines
1378 4098 1475 4142 eius

142 4145 185 4203 et
233 4143 472 4186 secundum
516 4147 673 4202 pretia
724 4161 839 4204 quae
889 4162 976 4205 pro
1023 4156 1220 4208 tempore
1262 4152 1356 4196 illic
1398 4152 1473 4196 ob-

144 4196 348 4260 tinebunt.
405 4198 493 4261 fioc
533 4200 764 4247 observent
801 4205 934 4247 etiam
966 4211 1125 4260 patres
1163 4207 1392 4251 civitatum
1431 4213 1476 4253 ει

148 4255 194 4292 13
251 4253 410 4316 reliqui
452 4268 602 4299 omnes
638 4258 717 4313 qui
751 4260 1021 4315 coemptioni
1089 4262 1306 4307 rovident.
1367 4263 1474 4308 Cum

146 4319 246 4367 vero
280 4308 507 4372 publicam
545 4313 864 4369 coemptionem
901 4313 1001 4357 ideo
1075 4317 1140 4359 cri
1176 4331 1353 4363 necesse
1391 4324 1471 4373 est,

145 4374 249 4414 quta
292 4375 344 4425 tn·
382 4378 508 4421 reqza
551 4366 659 4411 urbe
701 4382 884 4412 annona
926 4369 1099 4424 deficit,
1142 4373 1189 4415 in
1231 4373 1319 4418 hac
1362 4389 1473 4432 quo-

147 4429 229 4469 que
258 4430 341 4458 nisi
372 4432 433 4481 ex
460 4434 592 4464 sacra
621 4423 817 4468 iussione
854 4437 943 4468 non
973 4427 1218 4482 procedat,
1257 4434 1309 4473 ut
1337 4430 1475 4488 prius

148 4483 304 4529 aurum
340 4485 434 4517 stne
470 4488 596 4519 mora
632 4485 674 4521 et
712 4478 875 4523 damno
905 4480 1146 4525 secundum
1172 4485 1330 4541 pretia
1358 4499 1475 4543 quae

150 4535 194 4563 m
228 4526 335 4577 foro
366 4541 516 4571 eorum
548 4531 755 4593 ’locorum
795 4534 995 4579 obtinent
1031 4536 1252 4592 solvatur,
1291 4546 1474 4586 vectura

153 4591 323 4630 quoque
367 4595 389 4623 e
428 4583 607 4645 publico
644 4595 918 4643 praestetur,
969 4596 1021 4634 ut
1070 4592 1263 4638 collator
1311 4597 1476 4641 vendat

156 4636 321 4673 tantum
358 4649 524 4691 spectes
562 4655 677 4696 quae
714 4644 958 4700 exiquntur
988 4651 1030 4690 et
1063 4647 1363 4704 indiqentibus
1392 4665 1472 4694 an·

2345 195 2414 235 m*
2450 194 2647 235 suumn
2682 191 2881 234 nomm·

1555 338 1678 390 15(·1)
1707 333 1972 394 άποτροφῆς.
2028 332 2311 379 ’Ῥποκείσθω
2349 328 2399 374 δὲ
2427 331 2492 384 τῷ
2523 336 2757 389 προστίμῳ
2787 330 2883 373 τῶν

1657 387 1940 444 πεντήκοντα
1977 392 2054 434 τοῦ
2088 393 2267 449 χρυσίου
2304 386 2474 444 λιτρῶν
2502 389 2575 427 καὶ
2605 384 2684 429 τὸν
2712 387 2772 429 εἰς
2801 383 2882 439 ζώ-

1658 462 1743 500 νην
1780 449 1854 488 καὶ
1893 441 2025 496 ἀξίαν
2062 441 2325 501 ὑπομενέτω
2359 438 2568 484 κίνδυνον
2596 435 2672 495 ἦτε
2689 445 2882 539 ,μεγίστη

1659 499 1781 551 τάξις
1807 502 1904 543 τῶν
1931 498 2240 552 ἐνδοξοτάτων
2270 496 2478 554 ἐπάρχων
2506 499 2579 561 καὶ
2606 495 2652 538 οἱ
2716 511 2814 552 αμπ
2841 494 2884 538 ό·

1659 571 1790 599 τατοι
1824 556 1920 599 τῶν
1957 558 2186 622 ἐπαρχιῶν
2218 554 2426 613 ἄρχοντες
2455 567 2568 607 μετα
2602 552 2698 594 τῶν
2727 565 2784 594 πε
2842 566 2885 593 o-

1659 615 1812 668 μένων
1842 607 1989 654 αὐτοῖς
2023 613 2197 663 ταξεων
2235 613 2308 652 καὶ
2337 607 2382 651 οἱ
2408 605 2523 650 κατὰ
2551 605 2694 650 τόπον
2721 603 2887 649 ἔκδικοι

1660 670 1734 709 καὶ
1771 665 1894 709 ἄλλοι
1932 665 1977 709 οἱ
2011 664 2345 723 δημοσιεύοντες
2373 666 2731 720 παραβαίνοντες
2761 656 2888 703 αὐτοὶ

1660 721 1743 765 τὸν
1779 721 1920 778 νόμον
1957 718 1985 775 ἢ
2023 722 2356 780 παραβαθῆναι
2394 719 2723 784 συγχωροῦντες
2764 713 2792 772 ἢ
2827 715 2890 771 μὴ

1660 774 1916 844 μηνύοντες,
1944 773 2264 847 ἀνυπερθέτως
2306 779 2380 818 καὶ
2418 770 2604 828 ἀληθως
2641 770 2756 815 κατὰ
2792 773 2890 814 τῶν

1662 838 2045 904 παραβαξνρντων
2074 849 2223 899 αυτον.
2858 881 2870 897 ,

1607 888 1636 936 3
1669 892 1714 942 ²[
1730 891 1766 932 0
1805 901 1936 931 αυτος
1972 887 2192 943 βασιλευς]
2225 917 2405 932 .....
2439 887 2719 940 Θεσπίζομεν
2758 897 2890 927 σιτω-

1662 963 1689 988 ν
1719 962 1747 988 ν
1776 974 1956 988 .....

1664 962 1824 1044 3ῃοταν
1849 1000 1900 1041 ἔν
1925 1015 2018 1041 τινι
2042 997 2167 1042 πόλει
2192 996 2386 1042 σιτώνου
2409 1001 2594 1056 γένηται
2611 1001 2750 1055 χρεία,
2778 1010 2895 1038 κατα

1661 1054 1928 1111 δοκιμασίαν
1970 1059 2045 1096 καὶ
2097 1053 2309 1114 ἑπιλογὴν
2357 1050 2472 1096 καθ’
2526 1048 2718 1105 ἑκάστην
2759 1046 2895 1117 πόλιν

1662 1108 1907 1156 ἐπισκόπου
1942 1113 2017 1152 καὶ
2055 1111 2152 1153 τῶν
2187 1112 2238 1153 έν
2264 1114 2356 1154 τοῖς
2393 1106 2603 1167 κτήτορσι
2640 1122 2894 1165 πρωτευον·

1661 1183 1758 1211 των
1795 1166 2001 1226 γινέσθω
2038 1161 2067 1220 ἦ
2104 1167 2180 1210 ἐπὶ
2212 1162 2335 1220 αὐτῷ
2367 1160 2579 1264 πριέθολὴ,
2619 1159 2670 1205 οὗ
2699 1160 2814 1206 κατὰ
2841 1159 2894 1205 τὸ

1663 1222 1823 1267 δοκοῦν
1846 1225 1938 1265 τοῖς
1963 1219 2353 1281 προβαλλομένοις,
2384 1218 2434 1263 οὐ
2466 1223 2486 1263 ὲ
2511 1217 2586 1277 ἐφ’
2619 1216 2682 1261 οἷς
2709 1213 2766 1260 ἂν
2793 1221 2894 1274 βου-

1664 1279 1914 1333 ληθείησαν
1955 1273 2229 1336 προσώποις,
2266 1272 2376 1320 ἀλλὰ
2405 1275 2562 1332 μόνων
2589 1275 2688 1318 τῶν
2717 1275 2792 1317 ἐπὶ
2820 1274 2898 1327 τῆς

1661 1333 1809 1394 χώρας
1838 1336 2006 1387 ἐκείνης
2034 1333 2280 1384 ταξεωτῶν
2306 1333 2404 1375 τῶν
2428 1332 2798 1390 στρατευομένων
2821 1331 2897 1372 καὶ

1662 1392 1760 1434 τῶν
1789 1386 2093 1445 ἀποθεμένων
2120 1387 2205 1443 τὴν
2232 1385 2373 1439 τάξιν,
2412 1386 2487 1431 διὰ
2524 1389 2621 1430 τῶν
2650 1386 2688 1428 εἰ
2718 1388 2898 1441 ημένων

1662 1444 1927 1506 προσώπων
1963 1443 2073 1503 πρὸς
2109 1442 2195 1499 τὴν
2210 1448 2473 1512 1,σιτωνείαν
2501 1439 2680 1502 προβαλ
2731 1444 2898 1496 μένων,

1665 1500 1819 1556 ἐπειδὴ
1847 1498 2156 1560 εὐχερέστερον
2185 1515 2307 1543 ουτοι
2335 1503 2432 1542 ταῖς
2469 1496 2700 1555 δημοσίαις
2735 1501 2901 1556 χρείαις

1665 1562 1818 1616 έντετρ
1870 1561 1998 1613 μένοι
2036 1559 2083 1598 ἐκ
2121 1557 2310 1623 μακρῶν
2348 1553 2524 1615 χρόνων
2562 1553 2614 1597 τὸ
2653 1555 2730 1608 τῆς
2766 1566 2898 1595 σιτω-

1588 1619 1600 1656 l
1663 1619 1784 1658 νείας
1820 1575 2051 1656 δίιανύουσι
2088 1617 2238 1672 βαρος.
2297 1610 2449 1666 Πάσης
2489 1607 2538 1653 δὲ
2573 1612 2729 1676 ζημίας
2757 1604 2922 1652 «ἔπαλ--

1664 1669 1996 1714 λαττέσθωσαν
2025 1667 2070 1711 οἱ
2098 1668 2394 1711 σιτωνοῦντες
2417 1669 2492 1710 καὶ
2519 1663 2790 1723 πληρουντες
2817 1662 2900 1718 τὴν

1666 1727 1903 1785 εἰρημένην
1929 1729 2084 1784 χρείαν
2113 1722 2227 1767 κατὰ
2254 1722 2306 1767 τὸ
2337 1721 2513 1766 δίκαιον
2542 1719 2901 1780 λογοθετείσθω·

1666 1794 1772 1825 σαν·
1812 1778 1862 1824 οὗ
1927 1780 1983 1838 ὰρ
2022 1779 2194 1823 δίκαιον
2231 1776 2391 1822 αὐτοὺς
2428 1775 2530 1822 ἀντὶ
2568 1774 2804 1820 τοσούτων
2831 1774 2901 1819 κό-

1667 1854 1771 1882 πων
1792 1841 1866 1880 καὶ
1893 1797 2182 1892 ζημιοῦσθαι.
2224 1838 2558 1894 χορηγείτωσαν
2587 1829 2638 1876 δὲ
2665 1830 2749 1876 τὸν
2773 1835 2903 1875 σῖτον

1667 1892 1783 1936 κατὰ
1816 1892 1874 1936 τὰ
1912 1889 1987 1937 ἐπ’
2019 1889 2179 1951 ἀγορᾶς
2209 1891 2326 1935 ω”νια
2361 1894 2436 1933 καὶ
2464 1887 2606 1946 μηδέν
2636 1890 2901 1948 περαιτέρω.

1586 1953 1609 1991 2
1668 1945 1713 1992 ‘0
1757 1946 1807 1992 δέ
1851 1953 2152 2009 παραβαίνων
2195 1943 2222 2001 ἢ
2272 1946 2606 2006 παραβαθῆναι
2655 1944 2903 2003 συγχωρῶν

1667 2003 1750 2103 ’ἱόν
1778 2001 1920 2061 νόμον
1948 2002 1991 2047 λ’
2033 2008 2211 2063 χρυσίου
2243 2001 2392 2062 λίτρας
2422 2004 2650 2109 ἐπιτίμῑιον
2663 1997 2904 2108 ὦειιταξιὸἐῑ

1697 2076 1798 2104 ετω.
2591 2071 2630 2099 a.
2746 2080 2802 2088 --

1614 2115 1645 2163 4
1676 2118 1693 2142 ⁴
1704 2146 2138 2160 ...........
2160 2106 2339 2158 Ἦλθεν
2367 2143 2547 2156 .....

1669 2176 1871 2232 Προνοίᾳ
1899 2170 2146 2217 ἐπισκόπου
2176 2169 2220 2213 οἱ
2246 2167 2361 2212 κατὰ
2389 2165 2545 2227 χώραν
2572 2165 2800 2218 ταξεῶται
2820 2164 2906 2220 τὴν

1670 2232 1889 2271 σιτωνίαν
1916 2231 2222 2285 μετέρχονται.

2209 2503 2271 2508 m
2328 2503 2336 2507 -
2392 2479 2892 2508 ,κήκ-

1554 2559 1710 2620 χώραν
1739 2558 1907 2612 τάξεως
1931 2556 1954 2604 ὁ
1978 2556 2172 2614 σιτώνης
2196 2563 2535 2628 προχειρίζεται,
2565 2557 2592 2615 ἦ
2621 2575 2702 2603 ουν
2729 2555 2907 2616 μέλλων

1557 2620 1606 2660 ἐν
1649 2618 1704 2677 τῇ
1749 2615 1873 2668 τάξει
1915 2615 2250 2676 καταλέγεσθαι
2292 2634 2320 2672 η
2359 2615 2548 2674 πληρῶν
2585 2633 2613 2671 η
2653 2612 2906 2675 πληρώσας,

1557 2677 1771 2716 secundum
1810 2675 2022 2716 Paratitla
2061 2683 2119 2717 est
2155 2675 2334 2717 secunda
2372 2675 2410 2716 Ιι.
2449 2684 2476 2716 t.
2513 2674 2761 2716 constitutio:
2803 2673 2908 2715 unde

1572 2731 1686 2772 Witte
1726 2732 1904 2773 ordinem
1936 2735 1969 2772 c.
2001 2740 2021 2773 2
2052 2739 2089 2773 et
2117 2739 2138 2773 ⁸
2177 2731 2447 2774 invertendum
2484 2745 2569 2773 esse
2599 2729 2766 2782 conicit,
2804 2737 2908 2772 recte

1546 2787 1756 2838 fortassee
1786 2802 1858 2828 nos
1885 2788 2014 2829 secuti
2038 2801 2173 2828 sumus
2203 2787 2249 2829 B
2320 2788 2375 2839 (3)
2391 2786 2508 2829 =B
2523 2789 2577 2831 56
2595 2795 2645 2838 ,9,
2663 2795 2685 2830 0
2757 2786 2814 2839 (4)
2833 2785 2908 2828 ini-

1558 2844 1652 2883 tium
1682 2857 1717 2885 c.
1749 2851 1770 2884 4
1801 2851 1840 2884 et
1868 2844 2036 2884 indicem
2066 2845 2232 2886 tradunt
2260 2842 2471 2885 Paratitla
2503 2844 2561 2884 ad
2594 2843 2724 2886 Come.

1564 3094 1612 3134 14
1669 3104 1793 3135 nona
1835 3090 2214 3135 subministretur.
2283 3090 2469 3136 Minime
2520 3096 2669 3135 autem
2717 3104 2780 3136 ex
2822 3089 2908 3135 hac

1557 3146 1826 3191 constitione
1868 3147 2138 3190 innoventur
2181 3161 2236 3192 ea
2278 3161 2397 3204 quae
2439 3145 2495 3192 de
2537 3159 2661 3191 eoem
2697 3145 2819 3191 tione
2859 3145 2908 3191 in

1556 3216 1630 3245 ma
1662 3215 1723 3246 na
1751 3201 2170 3248 Alexandrinorum
2199 3202 2310 3248 urbe
2365 3201 2556 3247 acienda
2579 3202 2635 3246 de
2668 3202 2766 3247 nita
2785 3208 2907 3255 sunt,

1555 3271 1604 3302 se
1686 3257 1887 3303 obtineat
1935 3258 2071 3303 etiam
2122 3272 2258 3303 sacra
2339 3272 2468 3303 orma
2515 3271 2633 3315 quae
2679 3271 2907 3303 annonam

1565 3319 1611 3357 15
1668 3313 1859 3358 militum
1888 3319 2176 3360 evocatorum
2206 3314 2420 3372 definivit.
2481 3314 2663 3359 Poenae
2691 3319 2840 3358 autem
2870 3311 2907 3358 L

1557 3370 1661 3414 auri
1706 3369 1924 3414 librarum
1966 3369 2230 3415 subiaceant
2281 3376 2327 3415 et
2368 3369 2540 3428 cinquli
2582 3369 2908 3434 diqnitatisque

1553 3426 1805 3484 periculum
1821 3431 2063 3485 expectent
2079 3433 2169 3470 tam
2192 3439 2412 3470 summum
2435 3425 2640 3484 officium
2663 3425 2907 3470 illustr-tum

1549 3482 1897 3540 praefectorum
1941 3495 2078 3540 quam
2121 3481 2388 3540 defensores
2429 3481 2478 3525 in
2517 3481 2630 3526 locis
2673 3480 2908 3526 constituti

1557 3542 1602 3582 et
1639 3537 1760 3582 aliae
1790 3537 2006 3596 publicae
2027 3551 2271 3596 personae,
2311 3551 2428 3595 quae
2457 3536 2599 3595 leqem
2628 3536 2801 3582 violant
2826 3541 2909 3581 aut

1557 3593 1722 3638 violari
1784 3594 2015 3638 ermittunt
2044 3599 2126 3638 aut
2153 3607 2245 3638 non
2274 3594 2424 3638 statim
2454 3598 2500 3637 et
2526 3591 2769 3637 secundum
2791 3592 2906 3638 veri-

1560 3655 1695 3694 tatem
1748 3650 1992 3694 enuntiant
2019 3662 2098 3694 eos
2126 3650 2205 3706 qui
2232 3662 2332 3694 eam
2362 3648 2587 3694 violarint.

1615 3702 1646 3753 3
1678 3703 1803 3750 Idem
1833 3707 1885 3749 Α.
1944 3703 1998 3749 Si
2036 3704 2220 3763 quando
2258 3705 2306 3749 in
2343 3703 2453 3750 urbe
2488 3703 2645 3762 aliqua
2674 3716 2791 3762 opus
2818 3703 2909 3748 erit

1555 3762 1722 3814 sitona,
1753 3760 1980 3806 arbitratu
2008 3767 2054 3806 ct
2080 3760 2296 3805 electione
2325 3759 2529 3818 episcopi
2556 3758 2819 3804 uniuscuius
2849 3772 2906 3804 ue

1557 3817 1752 3862 civitatis
1790 3825 1834 3861 et
1871 3831 2027 3862 eorum
2067 3817 2147 3875 qui
2174 3816 2295 3861 inter
2313 3828 2606 3875 possessores
2633 3814 2808 3860 antecel
2824 3819 2908 3859 unt

1556 3873 1653 3917 eius
1681 3873 1853 3918 creatio
1879 3872 2117 3931 procedat,
2147 3886 2240 3917 non
2264 3877 2316 3918 ut
2339 3871 2520 3916 libuerit
2540 3871 2606 3916 eis
2629 3871 2709 3928 qui
2732 3874 2904 3924 creant,

1557 3942 1703 3986 neque
1731 3942 1848 3986 quas
1878 3927 2014 3973 velint
2033 3940 2275 3987 personas,
2305 3927 2386 3972 sed
2409 3932 2460 3971 ut
2482 3931 2656 3972 tantum
2680 3924 2906 3984 officiales

1558 3985 1656 4029 eius
1692 3983 1782 4029 loci
1819 3984 1898 4041 qui
1935 3983 2131 4028 militant
2165 3988 2247 4028 aut
2282 3982 2443 4027 militia
2482 3982 2792 4027 abscesserunt
2815 3992 2905 4039 per

1556 4053 1700 4098 supra
1739 4039 1886 4085 dictas
1956 4053 2145 4084 ersonas
2183 4039 2245 4084 ad
2281 4037 2494 4083 sitoniam
2528 4042 2902 4097 promoveantur,

1558 4096 1773 4153 quoniam
1793 4096 1897 4153 faci
1914 4108 1986 4139 tus
2009 4094 2057 4139 Iti
2078 4095 2157 4152 qui
2179 4095 2227 4138 in
2244 4093 2444 4154 publicis
2463 4093 2659 4152 neqotiis
2677 4104 2740 4137 ex
2763 4090 2902 4150 lonqo

1561 4156 1578 4195 1
1629 4156 1830 4210 tempore
1854 4151 2020 4197 versati
2040 4155 2148 4195 sunt
2169 4163 2304 4195 onere
2322 4149 2516 4197 sitoniae
2533 4149 2804 4206 funquntur.
2835 4146 2902 4192 Ab

1558 4207 1680 4251 omni
1721 4212 1869 4251 autem
1910 4206 2074 4251 damno
2114 4205 2245 4251 liberi
2280 4205 2374 4249 sint
2409 4205 2488 4263 qui
2523 4203 2734 4248 sitoniam
2771 4215 2903 4248 exer·

1558 4267 1659 4306 cent
1696 4268 1742 4307 et
1775 4262 1897 4307 dicta
1933 4261 2197 4307 necessitate
2235 4260 2421 4319 impleta
2462 4273 2524 4305 ex
2565 4270 2710 4315 aequo
2755 4257 2902 4323 eliscu-

1561 4318 1757 4362 tiantur:
1796 4332 1941 4376 neque
1977 4318 2094 4363 enim
2130 4317 2296 4362 iustum
2331 4321 2399 4360 est
2434 4327 2513 4360 eos
2537 4326 2632 4373 pro
2665 4318 2805 4358 tantis
2832 4313 2901 4358 la-

1559 4372 1742 4417 boribus
1769 4373 1903 4418 etiam
1933 4373 2098 4417 damno
2137 4372 2296 4429 afficii.
2353 4372 2630 4429 frumentum
2659 4367 2902 4414 secundum

1550 4429 1707 4486 pretia
1751 4443 1867 4485 quae
1904 4429 1952 4473 in
1985 4429 2098 4487 foro
2139 4427 2341 4472 obtinent
2373 4429 2613 4485 praestent
2654 4437 2735 4469 nec
2778 4423 2902 4469 ultra

1559 4488 1582 4527 2
1641 4483 1826 4541 aliquid.
1886 4482 1974 4538 Qui
2011 4483 2152 4541 leyem
2190 4482 2331 4529 violat
2366 4485 2449 4525 aut
2477 4479 2639 4525 violari
2659 4479 2900 4539 permittit,

1557 4537 1699 4583 XXX
1722 4539 1825 4583 auri
1854 4539 2071 4584 librarum
2092 4551 2294 4598 poenam
2321 4534 2497 4581 solvito.

1615 4593 1646 4641 4
1679 4591 1798 4638 Cura
1836 4594 2039 4652 episcopi
2078 4593 2306 4650 officiales
2342 4590 2439 4636 cius
2478 4589 2567 4635 loci
2596 4590 2764 4635 sitonia
2789 4590 2900 4648 sun·

1556 4654 1740 4707 eantur·
