3152 4784
218 163 259 212 V
296 164 374 210 50.
413 161 472 207 51

828 302 904 350 L.¹

311 390 386 430 DE
415 381 723 427 ALIMENTIS
752 382 996 422 PUPILLO
1024 377 1419 422 PRAESTANDIS.

265 469 286 516 1
333 468 447 525 Imp.
485 463 737 510 Antoninus
773 464 826 506 A.
867 462 1098 506 Faustino.
1161 458 1375 513 Pupillus,
1414 456 1455 522 si
1492 456 1531 500 ei

207 527 411 570 alimenta
449 535 474 564 a
514 525 659 563 tutore
697 529 777 560 suo
817 530 906 560 non
944 517 1247 572 praestantur,
1284 511 1531 568 praesidem

206 578 453 637 provinciae
486 575 639 625 adeat,
676 572 770 627 qui,
812 584 868 615 ne
905 572 951 614 in
989 571 1295 614 alimentorum
1329 572 1529 624 praesta-

213 646 227 678 1
288 635 406 677 tione
445 643 567 674 mora
608 628 709 681 fiat,
752 626 955 682 partibus
999 625 1090 669 suis
1129 625 1353 680 fungetur.
1410 623 1531 667 Idem

206 693 275 734 est
302 695 345 733 et
374 687 410 731 si
440 686 492 729 de
520 688 641 729 statu
668 681 824 738 pupilli
853 693 930 724 seu
960 679 1100 724 adulti
1128 683 1174 725 et
1195 681 1250 724 de
1278 679 1406 724 bonis
1436 679 1530 723 eius

207 741 499 790 controversia
512 738 713 796 pendeat.
767 734 859 780 ΡΡ.
887 748 936 779 VJ
961 735 1020 780 id.
1039 735 1125 780 Iul.
1141 736 1315 781 Romae
1329 735 1471 780 Laeto
1488 747 1535 778 II

205 806 249 845 et
279 797 453 843 Cereale
482 808 623 839 conss.
1343 795 1399 843 [a.
1432 794 1529 842 215]

262 853 292 900 2
332 852 443 908 Imp.
473 849 735 895 Alexander
763 850 813 892 A.
845 848 1041 904 Aufidio.
1110 846 1238 901 Quod
1275 847 1532 902 plerumque

235 909 473 960 ustulatur,
512 911 563 949 ut
595 904 779 948 arbitrio
808 904 1028 960 praetoris
1057 903 1263 946 alimenta
1291 916 1372 958 pro
1401 902 1530 946 modo

222 965 460 1008 acultatum
487 961 667 1026 pupillis
696 961 763 1003 vel
791 960 1020 1004 iuvenibus
1062 958 1410 1014 constituantur,
1450 971 1531 1014 pro

204 1019 349 1065 officio
392 1031 472 1062 suo
515 1018 562 1060 hi
597 1017 671 1072 qui
709 1016 852 1059 aliena
888 1015 1064 1069 negotia
1094 1017 1275 1069 gerunt,
1319 1027 1375 1057 ne
1414 1013 1533 1069 apud

209 1082 227 1119 1
287 1073 473 1118 iudicem
510 1072 849 1116 controversiam
888 1071 1103 1122 habeant,
1147 1069 1330 1113 faciunt.
1405 1070 1532 1113 Cete-

201 1144 298 1176 rum
328 1129 365 1173 si
393 1131 535 1175 bonus
564 1128 629 1171 vir
658 1132 702 1171 et
728 1128 940 1171 innocens
964 1131 1085 1170 tutor
1110 1125 1294 1169 arbitrio
1319 1138 1398 1169 suo
1424 1126 1534 1168 aluit

203 1186 391 1243 pupillos
420 1183 556 1239 (quod
582 1183 800 1227 interdum
830 1183 962 1226 etiam
990 1194 1170 1226 necesse
1202 1186 1270 1224 est
1297 1180 1406 1234 fieri,
1447 1182 1533 1224 ne2

205 1246 374 1286 secreta
402 1239 652 1296 patrimonii
681 1243 725 1282 et
753 1241 1008 1294 suspectum
1043 1250 1121 1281 aes
1157 1238 1371 1291 alienum,
1413 1236 1531 1293 quod

203 1297 358 1341 melius
388 1300 455 1340 est
481 1295 652 1338 interim
682 1295 819 1338 taceri
849 1306 993 1349 quam,
1025 1307 1123 1337 cum
1153 1293 1207 1336 de
1235 1293 1366 1337 modo
1396 1293 1531 1336 bono·

202 1366 300 1397 rum
339 1352 586 1408 quaeritur,
623 1350 738 1394 ultro
780 1349 972 1405 proferri
1009 1351 1054 1393 et
1090 1348 1210 1405 apud
1239 1353 1342 1392 acta
1369 1349 1438 1392 ius
1469 1349 1532 1392 di-

203 1408 341 1452 centis
387 1411 544 1451 contra
585 1406 817 1450 utilitatem
866 1405 1133 1461 pupillorum
1186 1405 1391 1459 signari),
1445 1418 1535 1448 non

202 1464 334 1508 dubio
370 1468 553 1519 accepto
595 1462 712 1505 ferre
741 1461 965 1504 debebunt
1006 1473 1079 1514 ea,
1127 1473 1240 1516 quae
1283 1461 1348 1503 vir
1389 1461 1534 1505 bonus

202 1519 488 1563 arbitrabitur
524 1518 679 1562 merito
719 1518 776 1560 ad
805 1517 1119 1560 exhibitionem
1149 1516 1424 1560 educationis
1454 1517 1533 1560 mi-

202 1580 227 1619 2
295 1575 476 1618 nisteria
524 1574 756 1628 studiaque
798 1578 978 1628 erogata
1017 1585 1126 1617 esse.
1194 1572 1291 1616 Nec
1328 1572 1535 1617 ferendus

203 1636 271 1676 est
297 1631 477 1684 iuvenis,
509 1631 595 1686 qui,
628 1643 727 1674 cum
754 1642 964 1685 praesens
991 1634 1108 1672 esset
1130 1628 1405 1685 studiisque³
1436 1642 1535 1672 eru-

203 1687 322 1731 ditus
351 1691 482 1742 atque
511 1686 644 1729 alitus
673 1688 763 1739 est,
802 1686 838 1728 si
875 1698 928 1729 ea
966 1697 1047 1740 per
1080 1685 1215 1728 alium
1244 1697 1291 1729 se
1321 1698 1534 1729 consecu-

134 1767 136 1769 ν
203 1744 323 1787 tum⁴
351 1755 441 1786 non
468 1744 638 1798 probet,
669 1744 987 1797 sumptusque⁵
1014 1745 1211 1793 recuset,
1251 1741 1377 1796 quasi
1405 1746 1535 1785 vento

203 1798 359 1842 vixerit
383 1803 461 1841 aut
483 1798 603 1841 nullo
627 1797 755 1841 liberi
779 1797 968 1840 hominis
991 1796 1135 1840 studio
1159 1796 1294 1839 imbui
1315 1797 1534 1840 meruerit.

208 1853 303 1898 ΡΡ.
331 1867 437 1898 non.
456 1852 562 1898 Dec.
587 1852 793 1897 Maximo
810 1864 855 1896 ΙΙ
881 1858 925 1896 et
947 1852 1135 1896 Aeliano
1165 1865 1306 1896 conss.
1354 1857 1410 1905 [a.
1438 1856 1535 1904 223]

819 2024 920 2072 LI.⁶

561 2106 875 2146 ARBITRIUM
901 2106 1175 2146 TUTELAE.

263 2188 287 2235 1
323 2186 436 2246 Imp.
467 2187 722 2231 Antoninus
753 2188 804 2231 A.
835 2186 987 2231 Leoni.
1048 2187 1156 2231 Cum
1192 2187 1358 2231 tutelae
1398 2187 1534 2231 admi-

206 2244 420 2288 nistratae
463 2243 575 2286 ratio
618 2255 646 2285 a
687 2246 733 2286 te
775 2244 866 2298 peti
912 2244 1126 2298 coeperit,
1178 2256 1232 2286 ne
1264 2256 1320 2286 ue
1363 2243 1537 2286 veritati

206 2311 346 2353 neque
386 2298 515 2342 iustis
557 2298 893 2353 probationibus
939 2298 1100 2352 officit,
1146 2311 1232 2353 quo
1307 2301 1374 2351 (ut
1410 2297 1536 2351 dicis)

204 2358 393 2399 testator
444 2353 619 2397 modum
671 2354 924 2408 patrimonii
979 2354 1049 2397 sui
1090 2354 1236 2398 verbis
1286 2354 1537 2397 testamenti

205 2409 428 2473 ampliavit
454 2410 522 2452 vel
549 2409 716 2452 minuit.
776 2408 869 2452 ΡΡ.
908 2421 938 2451 V
960 2408 1003 2452 lc.
1039 2407 1131 2453 Oct.
1163 2408 1336 2454 Romae
1364 2408 1538 2453 duobus

204 2468 864 2568 A⁸{’⁷Z²·⁸1d⁶e‘ss,⁷,²{}‚pmesem,·n0‚
923 2521 1115 2586 Nomina
1142 2469 1428 2578 paternorsl‘ss,
1437 2468 1533 2567 {113}

204 2577 395 2619 bitorum
436 2588 475 2619 Sl
515 2575 675 2618 idonea
712 2575 895 2619 fuerunt
931 2582 1056 2620 initio
1097 2586 1330 2631 susceptae
1370 2579 1536 2620 tutelae

205 2636 248 2674 et
275 2645 355 2686 per
383 2631 517 2674 latam
547 2630 722 2686 culpam
749 2634 944 2676 tutorum
971 2632 1114 2676 minus
1150 2632 1310 2676 idonea
1339 2637 1537 2687 tempore

204 2688 368 2731 tutelae
397 2699 494 2730 esse
524 2689 778 2741 coeperunt,
812 2687 943 2731 iudex
1008 2689 1056 2731 ui
1085 2701 1218 2743 super
1248 2701 1301 2731 ea
1330 2700 1378 2731 re
1406 2688 1535 2732 datus

204 2743 336 2786 fuerit
374 2742 597 2797 dispiciet:
639 2748 682 2785 et
719 2743 756 2785 si
792 2744 939 2798 palam
977 2701 1078 2788 dolo
1109 2745 1269 2787 tutoris
1299 2744 1366 2787 vel
1396 2745 1534 2787 mani-

203 2797 319 2841 festa
348 2798 620 2853 neglegentia
649 2800 890 2850 eessatur⁷,
929 2799 1094 2843 tutelae
1122 2799 1284 2843 iudicio
1316 2799 1535 2850 damnum,

205 2854 322 2909 quod
358 2867 412 2896 ex
447 2854 693 2897 cessatione
721 2855 974 2906 accidisset,
1015 2855 1181 2911 pupillo
1222 2856 1537 2911 praestandum

204 2922 302 2954 esse
331 2913 524 2953 statuere
555 2910 739 2953 curabit.
785 2909 877 2953 ΡΡ.
904 2924 1007 2955 non.
1026 2910 1111 2955 Iul.
1130 2912 1357 2955 Antonino
1380 2913 1431 2955 A.
1451 2924 1539 2955 IIII

204 2970 249 3009 et
275 2964 471 3009 Balbino
503 2978 646 3009 conss.
1347 2967 1405 3024 [a.
1439 2971 1535 3020 213]

260 3017 290 3067 3
322 3020 446 3065 Idem
474 3021 527 3065 A.
570 3020 748 3065 Vitalio.
811 3021 1020 3074 Curator,
1063 3024 1137 3077 qui
1175 3027 1280 3080 post
1315 3023 1539 3067 decretum

205 3076 437 3133 praesidis,
478 3077 655 3121 sublata
684 3078 895 3132 pecunia,
937 3091 1049 3134 quae
1080 3079 1137 3122 ad
1166 3080 1538 3134 comparationem

204 3133 492 3188 possessionis
531 3133 677 3176 fuerat
712 3133 934 3189 deposita,
974 3135 1204 3190 praedium
1242 3136 1327 3179 sibi
1361 3148 1537 3191 compa-

204 3189 336 3241 ravit,
377 3189 507 3244 elige,
541 3194 689 3232 utrum
717 3190 844 3233 malis
873 3190 919 3233 in
948 3191 1171 3246 emptione
1202 3191 1284 3235 tibi
1314 3192 1537 3246 negotium

205 3248 333 3287 eum⁸
360 3245 558 3299 gessisse,
599 3258 676 3300 an,
716 3246 819 3300 quia
846 3246 893 3289 in
921 3259 1028 3290 usus
1058 3260 1164 3291 suos
1195 3260 1432 3292 conversae
1461 3261 1536 3304 pe-

207 3299 363 3343 cuniae
392 3305 507 3352 sunt,
538 3302 750 3356 legitimas
775 3315 935 3346 usuras
959 3303 1017 3346 ab
1043 3315 1094 3346 eo
1120 3303 1347 3359 acciperet
1378 3317 1536 3348 secun-

210 3354 311 3397 dum
363 3368 475 3410 quae
524 3356 658 3399 iudex
709 3359 873 3401 tutelae
916 3358 1080 3402 iudicio
1124 3358 1323 3403 redditus
1366 3362 1538 3415 partem

206 3410 285 3453 reli
315 3410 423 3454 'onis
451 3412 661 3467 implebit.
720 3412 812 3456 ΡΡ.
845 3426 912 3457 111
938 3413 979 3457 lc.
1014 3414 1098 3458 Iul.
1131 3413 1304 3460 Romae
1331 3414 1473 3460 Laeto
1497 3427 1541 3459 11

207 3470 252 3509 et
308 3466 457 3510 'ereale
487 3481 628 3510 conss.
1349 3475 1406 3524 [a.
1439 3475 1536 3524 215]

262 3523 295 3568 4
331 3521 481 3584 ⁸⁸!mp.
517 3521 779 3566 Aleoeander
817 3525 868 3565 A.
897 3524 1055 3581 Aqlao.
1113 3527 1253 3579 Eum,
1293 3528 1366 3582 qui
1410 3527 1537 3572 bonis

207 3581 401 3640 paterni-s·
438 3577 678 3640 secundum
715 3578 844 3621 edicti
877 3578 1061 3624 formam
1090 3583 1319 3627 abstentus
1351 3588 1431 3639 est,
1460 3584 1537 3628 he-

206 3631 426 3674 reditariis
475 3633 722 3676 actionibus
770 3636 989 3678 conveniri
1032 3639 1155 3681 nulla
1202 3640 1314 3682 ratio
1367 3639 1537 3684 suadet.

214 3691 228 3728 1
290 3686 383 3730 Nec
413 3687 469 3729 ad
497 3700 588 3730 rem
617 3689 742 3742 facit,
784 3691 902 3744 quod
941 3692 1149 3737 adversus
1192 3696 1460 3750 curatores⁹‚
1502 3696 1539 3739 si

207 3754 295 3785 non
341 3744 539 3786 consulte
579 3744 806 3788 abstentus
851 3746 927 3800 sit,
978 3750 1092 3792 actio
1137 3754 1378 3806 competat:
1428 3751 1537 3795 nihil

207 3798 367 3853 quippe
402 3798 447 3840 in
476 3812 528 3842 ea
558 3812 671 3854 quae
699 3813 752 3844 ex
782 3801 929 3845 officio
958 3809 1081 3856 gesta
1111 3812 1215 3849 sunt
1243 3807 1312 3850 vel
1339 3808 1433 3861 geri
1463 3808 1537 3851 de·

208 3854 376 3918 bebiint
393 3854 425 3879 ¹⁰
445 3855 593 3919 veniet
604 3857 650 3907 ¹¹,
682 3856 759 3899 sed
783 3858 914 3912 culpa
929 3860 1069 3902 solum
1085 3863 1324 3918 quantique
1339 3864 1540 3907 interfuit

209 3913 231 3951 2
291 3922 383 3952 eius
413 3923 502 3953 non
531 3911 669 3955 fuisse
698 3913 949 3956 abstentum
979 3916 1248 3961 aestimatur.
1319 3918 1401 3962 Cui
1431 3932 1535 3963 con-

207 3977 394 4019 sequens
435 3969 533 4030 est,
561 3972 629 4018 ut,
670 3968 707 4010 si
741 3973 923 4023 propter
952 3982 1047 4013 eam
1077 3984 1256 4017 causam
1286 3975 1538 4041 transegisti

207 4034 305 4065 cum
344 4022 622 4066 curatoribus
638 4024 686 4075 ¹²,
732 4025 855 4068 nulla
898 4025 1103 4071 adversus
1147 4035 1191 4073 te
1243 4030 1536 4076 creditoribus

205 4164 252 4214 (1)
289 4163 326 4203 Β
357 4165 424 4213 38,
455 4173 475 4205 2
506 4187 559 4193 ——
595 4165 657 4219 Cf
687 4165 789 4219 Diq.
821 4165 889 4216 27,
919 4173 940 4204 2
1059 4168 1111 4216 (2)
1136 4183 1213 4219 pro
1244 4180 1294 4207 ne
1324 4170 1540 4222 requiritur

205 4221 372 4270 propter
484 4221 536 4270 (3)
566 4220 640 4272 qui
667 4233 741 4272 pro
770 4232 897 4261 censu
926 4220 1076 4261 studiis
1103 4226 1292 4276 proponit
1321 4225 1539 4265 Mommsen

208 4276 260 4325 (4)
287 4278 529 4315 consecutus
554 4276 597 4316 V
715 4277 769 4327 (5)
799 4288 877 4328 que
907 4276 983 4317 del.
1015 4277 1115 4318 Hal.
1248 4282 1303 4330 (6)
1332 4281 1375 4320 B
1405 4281 1474 4332 38,
1504 4290 1538 4331 3,

208 4339 252 4370 26
272 4346 380 4383 seqq.
405 4354 452 4359 —
481 4332 542 4381 C'f.
564 4331 665 4385 Diq.
687 4333 753 4381 27,
774 4341 794 4372 3
907 4332 982 4382 (δ’)
1003 4333 1119 4385 iunye
1141 4337 1178 4384 5,
1201 4344 1258 4383 56,
1280 4345 1296 4377 1
1409 4338 1462 4387 (Ἰ)
1482 4338 1541 4377 sic

221 4386 300 4435 VC,
330 4388 528 4426 cessatum
558 4390 620 4427 est
647 4385 689 4427 R
818 4387 874 4437 (8)
904 4390 1068 4427 curator
1099 4418 1109 4428 .
1131 4418 1141 4428 .
1164 4420 1173 4429 .
1203 4391 1415 4442 negotium
1446 4404 1540 4432 eum

210 4443 443 4492 confirmant
479 4443 545 4483 B.-
579 4444 712 4494 suerit
737 4445 919 4496 fortasse
955 4445 1182 4485 curatorem
1212 4477 1221 4487 .
1245 4477 1253 4485 .
1276 4477 1286 4486 .
1325 4447 1539 4499 negotium

211 4498 284 4546 (⁶3⁸)
312 4518 363 4531 =
393 4500 514 4547 Greg.
546 4499 584 4547 6,
614 4507 669 4546 18,
698 4506 739 4541 13
906 4499 961 4549 (9)
988 4500 1046 4539 sic
1072 4499 1113 4539 V
1133 4516 1215 4541 cum
1248 4503 1300 4554 B,
1333 4503 1396 4542 vel
1425 4505 1538 4543 tuto·

212 4563 275 4610 res
301 4555 524 4600 (curatores
552 4554 632 4605 R0)
662 4557 734 4595 ins.
766 4554 881 4596 PCR
1070 4556 1145 4606 (10)
1173 4556 1404 4598 debuerunt
1434 4558 1534 4599 Hal.

214 4609 279 4654 (11)
307 4608 471 4646 venient
499 4624 572 4647 scr.

1532 136 1633 195 228

1614 4505 1792 4558 fortasse
1821 4501 1993 4541 delenda
2020 4509 2114 4541 sunt
2141 4516 2224 4541 cum
2253 4500 2314 4541 L⁰

715 4611 786 4658 (12)
815 4612 873 4650 sic
906 4610 988 4648 ΒΣ
1011 4610 1155 4661 (nat),
1186 4613 1443 4653 curatoribus
1470 4612 1536 4653 vel
1620 4612 1696 4661 (19)
1728 4624 1756 4650 v
1795 4612 1867 4659 V?,
1900 4626 1971 4651 om.
2005 4612 2102 4651 Hal.

2541 153 2615 191 DE
2650 154 2944 195 ALIMENTIS

1613 287 1752 386 {atris
1767 287 1834 330 tui
1848 287 2000 343 petitio
2019 292 2251 346 competat.
2296 286 2390 332 ΡΡ.
2410 299 2478 332 111
2491 286 2534 332 lc.
2550 287 2658 333 Mai.
2675 290 2940 391 Alexanzcgrp

1657 377 1666 386 .
1697 356 1818 386 cons.
2770 359 2811 390 a.

1669 396 1700 443 5
1732 395 1847 456 Imp.
1880 395 2136 444 Gordianus
2169 400 2222 445 A.
2265 399 2510 443 Victorino.
2577 398 2736 446 Omnes
2754 350 2942 446 [intorsi

1615 465 1694 497 seu
1734 451 1920 498 heredes
1963 467 2135 508 eorum,
2179 456 2255 512 qui
2294 455 2708 499 administraverunt
2743 458 2943 510 tutelam,

1614 508 1671 552 ad
1710 508 1897 554 eundem
1932 510 2123 555 iudicem
2160 511 2226 555 ire
2243 513 2276 538 ¹³
2315 510 2474 554 debere
2509 509 2598 553 iam
2631 511 2800 566 pridem
2839 524 2942 558 con-

1615 565 1818 608 stitutum
1861 569 1940 609 est.
2021 581 2120 611 cum
2160 568 2295 622 igitur
2336 571 2509 623 patrem
2550 570 2676 609 tuum
2719 580 2818 611 cum
2857 569 2944 614 alio

1614 621 1798 663 tutelam
1848 621 2177 667 administrasse
2228 623 2428 677 adlegas,
2477 633 2655 677 praeses
2697 623 2948 679 provinciae

1615 676 1800 719 eundem
1828 675 2017 721 iudicem
2045 677 2254 722 adversus
2293 683 2338 721 te
2367 682 2501 732 atque
2529 676 2712 720 heredes
2743 681 2947 724 contutu-

1614 746 1711 774 rum
1745 732 1884 787 patris
1924 733 1991 776 tui
2018 733 2123 778 dare
2152 734 2342 786 debebit,
2379 738 2596 789 quatenus
2625 733 2810 789 quisque
2840 746 2946 778 con-
3024 756 3027 757 ⁷

1615 787 1810 830 demnari
1839 787 2010 841 debeat,
2041 790 2404 833 examinaturum.
2465 787 2558 832 ΡΡ.
2590 801 2627 832 Χ
2652 787 2695 832 lc.
2718 790 2834 846 Auq.
2858 787 2948 834 Pio'

1614 851 1658 887 et
1685 842 1912 887 Pontiano
1942 857 2085 888 conss.
2762 848 2819 897 [a.
2851 847 2948 898 238]

1672 895 1703 945 6
1734 897 1881 957 Impp.
1911 898 2221 945 Diocletianus
2249 906 2293 946 et
2316 900 2627 946 Maximianus
2640 900 2731 943 AA.
2750 899 2950 958 Septimo

1615 958 1659 999 et
1690 953 1874 999 Cononi.
1936 954 2045 998 Cum
2072 956 2329 1001 interdictae
2353 956 2615 1000 venditionis
2637 955 2790 999 vitium
2819 955 2951 1000 etiam

1614 1010 1746 1066 pretii
1774 1009 1933 1054 fraude
1961 1013 2082 1055 tutor
2103 1015 2248 1056 vester
2278 1013 2526 1056 cumulasse
2547 1016 2836 1068 proponatur,
2861 1024 2952 1056 non

1617 1066 1838 1109 dubitabit
1880 1079 2059 1122 praeses
2108 1068 2382 1123 provinciae,
2437 1068 2611 1124 quando
2655 1067 2951 1111 venditionem

1618 1122 1878 1166 confirmare
1915 1123 2136 1176 voluistis,
2175 1124 2396 1168 residuum
2432 1125 2622 1180 pretium
2663 1136 2762 1167 cum
2802 1123 2951 1168 usuris

1616 1177 1818 1221 venditae
1847 1191 1875 1221 a
1902 1183 2049 1222 tutore
2077 1180 2367 1234 possessionis
2399 1180 2599 1224 celeriter
2623 1179 2747 1223 vobis
2776 1178 2952 1223 restitui

1622 1239 1638 1277 1
1707 1234 1873 1278 iubere.
1942 1234 2069 1289 Quod
2105 1240 2252 1279 autem
2295 1236 2447 1291 petitis
2486 1237 2542 1279 ab
2579 1235 2815 1279 heredibus
2855 1234 2952 1278 eius

1618 1290 1693 1346 qui
1716 1289 1911 1333 vendidit
1938 1290 2130 1345 pretium
2153 1291 2277 1335 vobis
2309 1291 2487 1344 exsolvi,
2518 1291 2743 1346 superfluo
2773 1303 2802 1334 a
2826 1289 2954 1334 nobis

1618 1346 1901 1400 desideratis,
1943 1346 2047 1401 quia
2085 1358 2168 1390 nec
2206 1347 2421 1402 praesidis
2462 1348 2776 1402 experientiam
2807 1346 2954 1402 possit

1620 1403 1778 1456 latere,
1817 1407 1986 1446 tutores
2025 1401 2099 1457 qui
2132 1403 2353 1457 gesserint
2382 1403 2472 1447 sive
2500 1403 2685 1446 heredes
2714 1415 2868 1446 eorum
2896 1402 2952 1446 ob

1619 1471 1671 1502 ea
1698 1459 1894 1514 negotia,
1933 1470 2046 1513 quae
2074 1470 2155 1513 per
2184 1471 2259 1502 eos
2289 1458 2595 1502 administrata
2624 1463 2750 1512 sunt,
2788 1457 2954 1514 princi-

1618 1515 1709 1570 pali
1745 1515 1845 1559 loco
1888 1514 2110 1558 conveniri
2139 1514 2317 1570 debere,
2357 1514 2514 1558 ceteris
2545 1515 2601 1558 ob
2633 1514 2790 1570 culpae
2817 1514 2952 1558 ratio-

1619 1584 1717 1614 nem
1746 1584 1835 1615 non
1865 1571 2026 1614 servati
2055 1570 2301 1614 detrimenti
2329 1571 2528 1626 periculo
2559 1570 2835 1620 substitutis,
2870 1569 2953 1622 vel,

1620 1627 1658 1670 si
1695 1627 1863 1683 pariter
1900 1626 2232 1670 administrasse
2269 1627 2531 1681 doceantur,
2572 1627 2705 1670 etiam
2743 1625 2954 1670 adversus

1621 1697 1755 1726 unum
1789 1683 1977 1726 liberum
2015 1683 2272 1737 experiundi
2309 1683 2539 1726 arbitrium
2582 1685 2851 1739 competere,
2891 1682 2958 1726 ita

1621 1741 1672 1782 ut
1700 1739 1918 1792 actiones,
1959 1751 2069 1794 quas
2099 1739 2309 1783 adversus
2339 1739 2450 1783 alios
2479 1739 2652 1783 habetis
2668 1740 2717 1794 ¹⁴,
2753 1738 2811 1782 ad
2841 1737 2954 1783 elec·

1621 1800 1714 1838 tum
1752 1794 2079 1839 transferantur
2094 1796 2141 1837 ¹⁵.
2208 1794 2301 1838 ΡΡ.
2346 1807 2437 1838 JJJJ
2475 1794 2518 1838 lc.
2551 1794 2674 1853 Sept.
2718 1794 2832 1903 ipfis
2857 1805 2959 1903 216&

2784 1863 2824 1894 a.

2540 1906 2778 1962 Quidquid·
2794 1905 2955 1950 tutoris

1622 1962 1723 2007 dolo
1762 1963 1831 2006 vel
1867 1963 1959 2006 lata
1998 1962 2130 2017 culpa
2165 1961 2235 2005 vel
2272 1961 2357 2006 levi
2394 1962 2525 2018 culpa
2540 1964 2575 1989 ¹⁶
2612 1963 2702 2005 sive
2735 1961 2954 2006 curatoris

1620 2019 1815 2062 minores
1852 2019 2078 2062 amiserint
2106 2018 2195 2069 vel,
2237 2030 2337 2062 cum
2365 2020 2608 2073 possent¹⁷,
2642 2031 2729 2062 non
2756 2017 2954 2073 quaesie-

1620 2075 1729 2127 rint,
1768 2075 1855 2119 hoc
1885 2075 2016 2118 etiam
2043 2074 2091 2117 in
2119 2074 2286 2118 tutelae
2314 2074 2404 2118 sive
2432 2074 2706 2129 negotiorum
2733 2078 2957 2129 gestorum

1621 2131 1729 2174 utile
1757 2130 1968 2174 iudicium
1995 2131 2143 2174 venire
2172 2143 2261 2173 non
2296 2135 2364 2174 est
2391 2130 2550 2173 incerti
2576 2130 2700 2173 iuris.
2759 2128 2806 2173 S.
2827 2129 2955 2188 prid.

1620 2186 1680 2230 id.
1710 2187 1855 2245 April.
1885 2188 1977 2230 AA.
2009 2198 2152 2231 cons-S.
2769 2188 2827 2238 [a.
2858 2187 2956 2237 293}

1678 2240 1708 2289 8
1750 2241 1876 2286 Idem
1914 2242 2005 2285 AA.
2049 2247 2095 2285 et
2134 2239 2212 2285 00.
2243 2239 2486 2284 Dalmatia
2561 2239 2749 2284 Tutores
2792 2239 2959 2285 tutelae

1621 1856 1665 1895 et
1694 1862 1763 1894 ΙΙΙ
1786 1852 1877 1894 AA.
1910 1864 2052 1894 conss.

1678 1904 1706 1951 7
1740 1905 1866 1951 Idem
1893 1907 1986 1950 AA.
2017 1911 2063 1951 et
2092 1904 2170 1951 00.
2200 1906 2480 1951 Alexandro.

1622 2297 1847 2341 conveniri
1885 2297 2004 2351 longi
2041 2296 2251 2352 temporis
2281 2295 2573 2351 praescriptio
2612 2308 2703 2340 non
2735 2295 2954 2351 prohibet.

1621 2353 1738 2397 unde
1767 2353 1805 2397 si
1833 2352 1902 2397 his
1931 2354 2232 2396 transactione
2255 2352 2322 2395 vel
2348 2353 2586 2395 novatione
2610 2355 2742 2407 atque
2761 2352 2955 2409 accepti-

1619 2408 1784 2453 latione
1799 2410 1833 2436 ¹⁸
1873 2409 2177 2452 liberationem
2213 2421 2304 2452 non
2339 2407 2626 2463 praestitisti,
2660 2407 2781 2464 apud
2809 2413 2956 2454 recto-

1620 2477 1712 2507 rem
1749 2464 2002 2520 provinciae
2041 2476 2257 2520 quaecum
2289 2476 2344 2507 ue
2382 2464 2465 2507 tibi
2503 2464 2718 2508 debentur
2759 2469 2957 2521 repetere

2288 2518 2424 2563 ,Mai
2455 2521 2547 2564 AA.
2579 2533 2722 2564 conss.
2770 2524 2827 2574 [a.
2858 2524 2955 2574 293]

1677 2574 1708 2623 9
1740 2575 1867 2620 Idem
1896 2579 1988 2619 AA.
2021 2582 2065 2620 et
2096 2574 2173 2621 00.
2206 2574 2401 2620 Iuliano.
2472 2576 2682 2620 Tutorem
2721 2576 2955 2633 quondam,

1621 2636 1671 2676 ut
1710 2636 1802 2676 tam
1841 2632 2056 2676 rationem
2099 2645 2231 2688 quam
2270 2632 2309 2675 si
2347 2632 2450 2687 quid
2485 2632 2754 2688 reliquorum
2782 2633 2958 2678 nomine

1621 2689 1753 2732 debet
1808 2688 1987 2740 reddat,
2046 2688 2166 2743 apud
2221 2694 2469 2743 praetorem
2529 2689 2759 2732 convenire
2814 2694 2956 2745 potes.

1621 2744 1822 2799 quamvis
1862 2745 1976 2788 enim
2015 2747 2199 2787 matrem
2237 2747 2361 2787 tuam
2394 2744 2612 2800 susceptis
2642 2744 2772 2789 bonis
2800 2746 2958 2790 vestris

1620 2800 1948 2844 indemnitatem
2001 2813 2083 2856 pro
2142 2800 2228 2843 hac
2282 2799 2662 2844 administratione
2718 2801 2858 2845 tutori
2910 2813 2959 2846 se

1620 2856 1933 2911 praestituram
1963 2856 2215 2911 promisisse
2244 2861 2539 2911 proponatur,
2569 2862 2716 2900 tamen
2745 2857 2957 2902 adversus

1620 2917 1812 2955 tutorem
1849 2911 1931 2955 tibi
1970 2913 2155 2966 tutelae,
2187 2925 2276 2955 non
2306 2911 2516 2955 adversus
2544 2913 2697 2956 matris
2727 2925 2956 2958 successo-

1620 2981 1690 3011 res
1736 2980 1790 3011 ex
1832 2967 2047 3023 stipulatu
2093 2968 2304 3023 competit
2346 2968 2477 3012 actio.
2547 2966 2592 3012 S.
2616 2968 2739 3026 prid.
2779 2968 2823 3013 lc.
2854 2968 2954 3013 Ian.

1620 3025 1713 3068 AA.
1745 3037 1888 3068 conss.
2769 3028 2827 3078 [a.
2859 3028 2956 3078 293,

1679 3078 1743 3127 10
1790 3078 1916 3123 Idem
1953 3080 2045 3124 AA.
2087 3084 2133 3124 et
2172 3078 2249 3125 00.
2287 3079 2555 3139 Pomponio.
2628 3080 2675 3124 Si
2723 3080 2958 3126 defunctus

1621 3136 1806 3180 tutelam
1841 3140 2031 3179 vestram
2062 3135 2404 3191 administravit,
2443 3149 2533 3180 non
2571 3148 2720 3180 rerum
2753 3137 2846 3181 eius
2875 3135 2956 3181 do-

1620 3191 1803 3235 minium
1827 3192 2049 3235 vindicare
2073 3192 2142 3236 vel
2165 3195 2317 3236 tenere
2340 3196 2480 3248 potes,
2513 3192 2591 3236 sed
2613 3193 2779 3236 tutelae
2803 3197 2959 3238 contra

1630 3254 1643 3290 1
1706 3247 1801 3291 eius
1847 3259 2127 3297 successores
2165 3248 2248 3292 tibi
2293 3248 2502 3305 competit
2542 3248 2675 3292 actio.
2747 3248 2957 3294 Debitum

1622 3307 1769 3347 autem
1798 3302 1896 3348 aliis
1923 3303 2098 3348 indiciis
2128 3303 2311 3359 probari
2339 3307 2529 3361 oportet.
2596 3317 2698 3348 nam
2732 3304 2852 3360 quod
2879 3317 2956 3350 ne-

1622 3372 1706 3425 que
1734 3359 1830 3415 ipse
1858 3372 2001 3414 neque
2029 3373 2142 3404 uxor
2172 3360 2265 3404 eius
2291 3361 2526 3416 quicquam
2549 3363 2652 3404 ante
2678 3361 2956 3405 administra-

1621 3422 1787 3459 tionem
1814 3415 2089 3468 habuerunt,
2127 3429 2218 3460 non
2253 3416 2457 3461 idoneum
2495 3416 2625 3460 huius
2663 3417 2860 3460 continet
2886 3417 2955 3460 in-

1622 3472 1805 3516 dicium:
1830 3484 1911 3515 nec
1935 3472 2049 3515 enim
2074 3473 2344 3528 pauperibus
2361 3471 2580 3516 industria
2594 3472 2660 3515 vel
2676 3477 2955 3528 augmentum

1620 3527 1893 3583 patrimonii,
1935 3528 2053 3584 quod
2089 3528 2316 3572 laboribus
2353 3540 2407 3571 ac
2435 3528 2583 3571 multis
2616 3529 2791 3572 casibus
2821 3541 2954 3584 quae-

1621 3584 1754 3636 ritur,
1792 3583 2139 3628 interdicendum
2168 3590 2248 3627 est.
2309 3582 2355 3627 S.
2388 3595 2447 3627 x]
2471 3583 2513 3627 lc.
2546 3583 2674 3628 Febr.
2705 3583 2841 3628 Sirmi
2874 3583 2953 3629 00.

2783 3654 2824 3684 α.
2857 3643 2938 3684 294

1680 3694 1740 3742 11
1790 3694 1915 3739 Idem
1957 3696 2050 3739 AA.
2096 3701 2140 3740 et
2184 3694 2260 3739 00.
2309 3694 2596 3753 Chrysianae.
2671 3644 2814 3740 Tut<[›r
2855 3644 2958 3752 posi

1622 3752 1832 3807 puberem
1855 3755 2045 3794 aetatem
2069 3751 2246 3808 puellae
2270 3751 2309 3794 si
2331 3751 2378 3794 in
2394 3751 2772 3796 administratione
2788 3765 2955 3796 conexa

1621 3807 1986 3863 perseveraverit,
2017 3807 2181 3851 tutelae
2211 3807 2385 3851 actione
2413 3807 2550 3851 totius
2580 3807 2790 3863 temporis
2818 3809 2954 3852 ratio-

1622 3876 1723 3908 nem
1751 3867 1983 3918 praestare
2015 3864 2200 3918 cogitur.
2260 3863 2330 3907 sin
2359 3868 2507 3907 autem
2543 3868 2645 3919 post
2678 3863 2847 3907 finitam
2876 3863 2954 3908 ad-

1622 3919 1984 3962 ministrationem
2012 3918 2058 3962 in
2087 3918 2224 3962 isdem
2254 3920 2387 3963 rebus
2427 3919 2600 3962 minime
2633 3933 2681 3963 se
2710 3919 2955 3962 immiscue-

1621 3976 1693 4028 rit,
1722 3974 1931 4029 temporis
1962 3974 2078 4029 quod
2105 3975 2352 4031 insequitur
2382 3975 2623 4039 periculum
2653 3974 2710 4018 ad
2739 3987 2837 4018 eum
2866 3987 2955 4018 non

1620 4030 1825 4088 pertinet.
1858 4028 1904 4073 S.
1930 4031 2004 4073 V¹⁹
2032 4030 2076 4074 lc.
2093 4030 2241 4075 De0.2⁰
2255 4030 2475 4075 Anchialo
2496 4028 2733 4086 Capones.
2780 4034 2837 4083 [a.
2858 4033 2953 4083 294]

1621 2533 1711 2565 non
1738 2520 2000 2576 prohiberis.
2062 2518 2108 2564 S.
2134 2532 2228 2563 XVI

1622 3653 1764 3685 conss.

1623 4165 1830 4206 tutoribus
1869 4167 1994 4219 VCR,
2022 4169 2232 4209 tutoribus
2261 4162 2325 4206 vel
2352 4163 2611 4204 curatoribus
2639 4165 2682 4206 P

1623 4225 1709 4274 CR,
1747 4222 1885 4263 venire
1925 4222 1964 4260 V
2080 4222 2154 4274 (14)
2184 4224 2243 4263 sic
2273 4221 2346 4273 R0,
2375 4221 2498 4262 habes
2538 4221 2674 4262 VCR‘
2793 4221 2866 4272 (15)
2896 4224 2955 4262 sic

1631 4279 1728 4320 VR⁰
1738 4284 1770 4329 2,
1809 4278 2028 4318 transferas
2071 4279 2120 4328 0,
2159 4277 2414 4318 transferatis
2454 4273 2515 4318 Β)
2655 4276 2729 4327 (16)
2769 4276 2833 4316 vel
2870 4275 2954 4317 levi

1620 4335 1740 4388 culpa
1782 4334 1862 4383 VC,
1893 4333 1958 4373 vel
1986 4333 2069 4373 levi
2099 4334 2153 4385 R,
2183 4349 2256 4374 om.
2289 4333 2350 4373 P:
2390 4334 2430 4373 in
2460 4332 2638 4373 versione
2666 4328 2779 4372 κατὰ
2813 4326 2954 4374 πόδας

1620 4393 1725 4432 addi
1750 4387 1882 4444 λε’βεμ
1918 4386 2116 4431 κούλπαν
2146 4391 2233 4429 ΒΣ
2257 4390 2452 4429 adnotant
2480 4388 2537 4428 ad
2566 4387 2622 4439 B,
2657 4389 2728 4427 ubi
2755 4396 2812 4429 est
2839 4385 2953 4429 κατὰ

1621 4442 1755 4487 δόλον
1772 4444 1870 4487 τῶν
1890 4440 2180 4502 έπιτρόπωνε
2210 4446 2458 4498 quamobrem
2488 4445 2610 4484 verba
2638 4441 2703 4483 vel
2724 4441 2808 4483 lata
2830 4443 2952 4496 culpa

2462 4499 2536 4552 (17)
2565 4499 2624 4540 sic
2654 4500 2760 4544 dett..
2797 4501 2952 4552 possint

1634 4557 1772 4597 ViPR
1855 4557 1930 4608 (18)
1953 4559 2075 4607 atque
2098 4554 2409 4608 acceptilatione
2430 4551 2592 4607 Vp⁶CR
2619 4570 2703 4595 cum
2722 4554 2778 4605 R,
2804 4570 2875 4595 om.
2899 4558 2951 4607 7²⁰

2795 4165 2867 4218 (13)
2893 4165 2954 4207 ire

2219 4613 2298 4661 (20)
2329 4611 2431 4649 Nov.
2467 4610 2679 4650 Mommsen
