3094 4732
207 120 280 163 n}
314 119 610 160 contusus
647 106 1110 160 cossisro-smms'

853 261 915 311 X.

412 345 490 385 DE
521 343 825 387 com'rlsus
857 342 1330 387 CONSIs'romANIS.

261 425 283 473 1
326 425 489 486 ¹lmpp.
513 426 739 472 Arcadius
770 430 814 470 et
838 424 1076 469 Honorius
1100 427 1192 470 AA.
1227 426 1440 472 Severino
1459 442 1542 485 pu.

202 483 307 539 Eos,
337 483 415 540 qui
442 481 777 540 tranquillitatis
807 484 987 525 nostrae
1012 483 1264 527 consistorii
1294 483 1382 527 dici
1408 483 1543 527 comi-

201 545 269 584 tes
298 545 578 595 meruerunt,
608 537 922 594 spectabilibus
951 539 1325 594 proconsulibus²
1361 539 1545 596 aequari
1612 550 1613 554 ’

200 596 464 653 generaliter
491 595 784 640 decernimus.
842 593 898 638 D.
924 605 998 637 VJ!
1023 594 1066 639 lc.
1101 595 1194 640 Oct.
1230 595 1544 640 Constantino·

195 652 298 711 poli
329 651 564 698 Theodoro
595 664 658 696 vc.
691 663 811 695 cons.
1355 656 1411 704 [a.
1445 653 1542 703 399]

257 706 290 755 2
319 707 435 767 Imp.
451 707 722 752 Anastasius
734 708 786 750 A.
806 704 1002 750 Eusebio
1018 708 1238 764 maqistro
1266 708 1541 765 officiorum.

200 765 332 810 Viros
361 763 628 822 spectabiles
659 762 843 808 comites
875 763 1222 808 consistorianos
1254 769 1298 808 et
1335 763 1542 818 coniuges

201 826 247 866 et
273 821 463 874 liberos,
503 833 657 864 servos
696 819 802 874 quin
842 818 974 862 etiam
1010 824 1144 875 atque
1181 820 1360 864 colonos
1390 831 1543 863 eorum

198 877 339 922 isdem
366 877 605 934 privilegiis
642 881 733 919 tam
761 875 1028 920 intentiones
1068 877 1124 920 ab
1164 877 1260 921 aliis
1290 887 1541 932 proponen-

199 935 280 978 das
322 933 582 990 excipiendo
625 945 758 989 quam
801 945 906 976 suas
951 937 1109 976 contra
1147 933 1257 977 alios
1294 931 1542 976 exercendo

197 989 381 1049 perfrui,
411 989 570 1046 quibus
585 989 666 1033 viri
692 987 927 1033 clarissimi
955 988 1182 1045 principes
1206 989 1387 1033 scholae
1410 1000 1541 1043 agen-

199 1047 309 1091 tium
336 1046 385 1091 111
420 1046 555 1090 rebus
592 1058 673 1102 per
710 1058 883 1090 sacram
923 1046 1239 1102 pragmaticam
1268 1044 1543 1090 sanctionem

198 1102 325 1148 divae
351 1102 590 1148 memoriae
617 1101 844 1146 Zenonis³
872 1104 1072 1147 utuntur.

831 1274 916 1323 XI.

239 1355 241 1357 ’
270 1357 349 1400 DE
378 1356 684 1400 GOMITIBUS
713 1357 788 1399 ET
816 1356 1084 1398 TRIBUNIS
1113 1354 1470 1397 SOHOLARUM.

225 1443 227 1445 ’
257 1439 280 1488 1
317 1437 486 1500 ⁴Impp.
518 1438 758 1484 Honorius
794 1444 840 1484 et
870 1438 1147 1483 Theodosius
1175 1438 1268 1482 AA.
1299 1435 1540 1481 Prisc-iano

194 1511 273 1556 pu.
330 1497 618 1553 Praepositos
658 1509 712 1540 ac
741 1497 945 1540 tribunos
975 1494 1251 1546 scholarum,
1291 1493 1366 1548 qui
1404 1498 1447 1537 et
1477 1492 1542 1536 di-

195 1553 339 1599 vinis⁵
368 1553 510 1610 epulis
541 1552 809 1597 adhibentur
838 1558 882 1595 et
911 1551 1126 1596 adorandi
1154 1550 1368 1606 principis
1398 1549 1542 1593 facul-

195 1614 334 1654 tatem
359 1609 603 1665 antiquitus
622 1613 891 1660 meruerunt,
909 1608 1025 1651 inter
1050 1620 1162 1663 quos
1179 1607 1391 1650 comites⁶
1412 1606 1542 1649 etiam

195 1665 313 1710 sacri
349 1666 516 1710 stabuli
554 1670 599 1709 et
639 1678 746 1709 cura
787 1664 944 1721 palatii
983 1669 1291 1716 numerantur,
1337 1662 1377 1706 si
1412 1661 1543 1717 primi

177 1722 363 1767 ordinis
409 1721 659 1766 comitivam
703 1734 803 1765 cum
845 1718 1156 1776 praepositura
1197 1723 1456 1761 meruerunt
1500 1721 1544 1760 et

195 1791 304 1823 casu
328 1778 386 1822 ad
413 1777 575 1822 altiora
598 1790 688 1821 non
712 1775 1004 1832 pervenerint,
1036 1773 1238 1830 deposito
1264 1779 1542 1817 sacramento

192 1833 312 1878 inter
339 1846 439 1888 003,
479 1833 554 1888 qui
585 1833 768 1877 comites
797 1830 988 1887 Aegypti
1025 1831 1096 1874 vel
1124 1829 1339 1873 Ponticae
1368 1829 1541 1873 dioece-

193 1901 293 1934 seos
321 1889 508 1943 fuerint,
547 1901 735 1954 quorum
764 1900 847 1944 par
878 1887 1069 1942 dignitas
1100 1890 1188 1940 est,
1228 1885 1382 1928 haberi
1413 1898 1542 1941 prae·

195 1950 215 1990 1
268 1945 479 2002 cepimus.
525 1943 605 1988 Sin
629 1945 830 2000 absque⁷
854 1944 1026 1988 honore
1056 1942 1318 1987 comitivae⁸
1346 1942 1542 1996 regimen

190 2002 359 2047 fuerint
395 2000 542 2056 nacti,
581 2001 812 2045 absolutos
853 1999 1010 2042 militia
1036 1999 1155 2042 inter
1185 2010 1262 2042 eos
1299 1997 1373 2057 qui
1403 1997 1541 2042 duces

193 2057 360 2104 fuerint
427 2056 723 2102 rovinciarum
762 2056 987 2100 numerari
1025 2056 1240 2099 iubemus.
1301 2054 1355 2098 1).
1390 2066 1471 2098 ΧΗ
1496 2053 1540 2098 lc.

194 2114 341 2174 April.
403 2113 772 2173 'onstantinopoli
801 2112 942 2157 Lucio
973 2125 1036 2157 vc.
1069 2125 1191 2156 cons.
1351 2114 1407 2165 [a.
1441 2114 1540 2164 413]

632 2326 638 2332 .
817 2285 928 2336 XII.

426 2368 504 2410 DE
535 2366 841 2410 GOMITIBUS
869 2365 971 2407 REI
999 2365 1306 2408 MILITARIS.

250 2451 274 2499 1
312 2450 512 2510 ⁹Imppp.
537 2449 882 2494 Valentinianus
908 2448 1075 2493 Valens
1089 2453 1134 2494 et
1150 2446 1539 2495 GratianusAAA.

191 2507 396 2568 Ampelio
418 2522 501 2566 pu.
560 2506 645 2562 Qui
684 2505 1058 2562 contemplatione
1092 2505 1372 2561 meritorum,
1403 2505 1539 2550 ducto

190 2565 310 2609 intra
361 2563 614 2621 provincias
665 2561 986 2607 transmarinas
1039 2561 1343 2606 strenuissimo
1388 2562 1538 2617 milite,

190 2621 322 2678 primi
359 2620 528 2666 ordinis
567 2619 818 2664 comitivam
847 2618 1013 2662 fuerint
1043 2619 1295 2671 consecuti,
1335 2631 1386 2662 ea
1415 2632 1538 2663 reve-

191 2678 337 2722 rentia
373 2677 692 2722 altissimarum
739 2675 1004 2732 dignitatum
1048 2674 1152 2719 viris
1197 2675 1536 2730 subiungantur,

191 2740 243 2778 ut
270 2733 340 2779 his
369 2733 519 2778 locum
541 2735 787 2789 praestent,
817 2731 895 2789 qui
923 2731 1270 2788 proconsulatus
1292 2731 1538 2788 insignibus

191 2791 478 2836 adornantur.
538 2789 593 2835 D.
627 2801 696 2834 111
731 2803 836 2834 non.
868 2786 955 2832 Iul.
997 2788 1230 2831 Nasonaci
1258 2786 1465 2832 Modesto
1496 2794 1539 2833 et

190 2846 409 2893 Arintheo
440 2859 585 2890 conss.
1347 2848 1403 2898 [α.
1438 2848 1536 2898 372]

247 2901 279 2950 2
315 2903 499 2962 ¹⁰Impp.
531 2901 769 2947 Honorius
798 2905 843 2945 et
867 2900 1143 2945 Theodosius
1171 2901 1264 2944 AA.
1295 2898 1536 2945 Prisciano

188 2973 266 3019 pu.
325 2960 442 3014 Eos,
473 2959 546 3016 qui
584 2959 666 3003 sub
700 2958 931 3003 comitivae
959 2957 1091 3014 primi
1121 2956 1287 3001 ordinis
1326 2957 1539 3013 dignitate

189 3015 476 3114 peculiariter
505 3015 564 3059 ad
600 3015 845 3071 quamlibet
880 3013 1153 3069 provinciam
1182 3013 1252 3056 vel
1285 3014 1539 3070 provincias

220 3071 490 3116 efendendas
519 3072 659 3115 milite
691 3070 858 3114 credito
889 3071 1153 3114 auctoritate
1179 3069 1319 3113 nostri
1346 3070 1538 3114 numinis

191 3127 492 3182 destinantur,
537 3131 583 3171 et
624 3141 724 3181 eos,
771 3127 845 3182 qui
890 3126 1028 3170 vicem
1069 3124 1307 3169 illustrium
1343 3126 1538 3169 virorum

190 3184 502 3238 magistrorum
531 3184 719 3227 militum
750 3182 1027 3238 susceperint
1055 3182 1372 3238 peragendam,
1413 3181 1536 3226 duci-

191 3240 299 3291 bus,
329 3240 404 3295 qui
431 3243 614 3295 praeter
626 3240 878 3295 Aegyptum
907 3243 952 3282 et
973 3238 1203 3282 Ponticam
1229 3238 1276 3282 in
1306 3238 1402 3282 aliis
1434 3251 1536 3294 pro-

190 3295 345 3340 vinciis
361 3295 779 3347 administraverint,
796 3294 1111 3351 adaequamus.
1160 3293 1215 3338 D.
1234 3305 1315 3337 xz]
1328 3294 1371 3337 lc.
1390 3294 1535 3351 April.

194 3350 590 3410 Constantinopoli
620 3350 760 3395 Lucio
791 3364 855 3396 vc.
885 3364 1006 3395 cons.
1348 3354 1403 3402 [a.
1435 3354 1534 3403 413]

797 3522 930 3574 ΧΙΠ.

191 3607 267 3648 DE
297 3606 601 3648 GOMITIBUS
631 3605 704 3646 ΕΤ
730 3604 1068 3646 ARCHIATRIS
1097 3603 1259 3645 SACRI
1290 3604 1533 3645 PALATII.

248 3688 271 3736 1
313 3687 419 3732 ¹¹Im
446 3703 496 3755 p.
530 3687 766 3732 Honorius
795 3691 841 3731 et
870 3687 1146 3732 Theodosius
1173 3688 1265 3731 AA.
1296 3685 1534 3729 Prisciano

186 3760 264 3804 pu.
323 3745 414 3788 Arc
449 3748 588 3788 iatros
626 3745 744 3788 intra
787 3743 1001 3798 palatium
1039 3743 1281 3787 militantes
1322 3743 1360 3785 si
1400 3741 1534 3784 comi-

188 3801 304 3845 tivae
333 3801 465 3856 primi
495 3801 660 3845 ordinis
691 3799 1036 3844 11001111111011112
1063 3798 1240 3854 gradus,
1272 3799 1388 3842 inter
1418 3797 1535 3841 vica-

188 3859 277 3902 rios
302 3858 448 3900 taxari
473 3857 782 3913 praecipimus,
814 3855 905 3898 sive
926 3856 1016 3899 iam
1039 3855 1211 3912 pridem
1236 3854 1537 3910 deposuerunt

188 3913 388 3957 militiam
417 3913 508 3957 sive
536 3917 693 3970 postea
721 3912 1021 3967 deposuerint,
1051 3912 1114 3955 ita
1138 3915 1188 3954 ut
1210 3911 1325 3955 inter
1347 3908 1536 3954 vicarios

190 4057 242 4110 (1)
270 4078 328 4094 =
358 4057 435 4099 le.
465 4059 505 4106 6,
534 4065 591 4108 12,
621 4066 638 4098 1
772 4057 827 4107 (2)
857 4054 1036 4108 spectab.
1067 4053 1397 4107 proconsulibus]
1437 4066 1531 4105 pro-

190 4113 472 4155 consularibus
504 4113 580 4154 Th.
679 4113 734 4163 (³)
766 4115 832 4163 12,
856 4119 910 4164 21,
935 4120 956 4153 8
1057 4112 1112 4162 (4)
1142 4130 1196 4145 =
1228 4110 1306 4152 Th.
1338 4112 1377 4162 6,
1407 4118 1459 4159 13,
1493 4118 1531 4151 1:

190 4172 309 4225 iunqe
341 4171 404 4220 12,
435 4177 489 4219 12,
520 4178 554 4210 2.
592 4170 653 4217 12,
685 4176 739 4219 13,
768 4177 798 4209 1.
835 4168 899 4218 12,
928 4176 982 4217 14,
1012 4176 1030 4209 1
1065 4167 1135 4207 Th.
1169 4167 1207 4215 6,
1233 4174 1289 4218 15,
1315 4175 1344 4207 1.
1378 4167 1415 4212 6,
1440 4174 1532 4216 20‚1

190 4227 242 4277 (5)
273 4226 346 4278 qui
376 4228 416 4266 et
453 4224 604 4264 divinis
637 4224 726 4274 Ta,
765 4221 1020 4274 quietudinis
1063 4223 1159 4263 libri
1256 4222 1312 4273 (6)
1344 4221 1532 4261 tribunos

197 4283 266 4323 ΤΙι.
355 4283 409 4334 (τ)
439 4282 503 4321 sin
533 4281 685 4331 absque
707 4280 793 4329 Th„
823 4280 868 4318 in
899 4277 1077 4329 aliisque
1102 4277 1202 4328 ΚΟ,
1231 4277 1276 4317 in
1307 4277 1401 4317 aliis
1431 4289 1532 4326 quo·

192 4351 270 4389 que
301 4338 328 4378 I
440 4341 493 4386 (8)
527 4334 750 4377 cuiuslibet
779 4333 943 4375 scholae
980 4335 1056 4375 ins.
1092 4333 1166 4373 Th.
1283 4335 1339 4385 (9)
1368 4354 1422 4368 :a
1459 4333 1532 4373 Th.

193 4396 302 4444 6,1⁴‚
321 4404 358 4434 1:
391 4396 508 4448 iunye
542 4395 605 4440 12,
623 4401 689 4440 4,1
723 4401 759 4432 et
788 4406 890 4443 quae
922 4391 980 4431 ibi
1007 4389 1229 4430 laudantur
1285 4389 1363 4441 (10)
1388 4410 1439 4423 π
1459 4388 1534 4428 Th.

193 4452 303 4500 6,14,
319 4457 364 4491 3:
395 4451 514 4503 {unqe
547 4451 710 4500 12,11,1
743 4456 780 4488 et
809 4461 913 4500 quae
935 4446 994 4486 ibi
1022 4445 1243 4485 laudantur
1299 4446 1370 4494 (11)
1389 4464 1438 4479 r:
1462 4443 1536 4484 Th.

193 4508 233 4556 6,
260 4513 313 4553 16,
342 4514 355 4545 1
391 4506 434 4545 Β
459 4508 497 4556 6,
524 4514 638 4554 26,1:
671 4506 789 4557 iunye
817 4505 879 4553 12,
905 4511 954 4550 11,
984 4510 998 4542 1
1031 4509 1068 4541 et
1093 4515 1196 4552 quae
1225 4500 1285 4541 ibi
1315 4499 1535 4540 laudantur

191 4561 268 4612 (12)
283 4562 342 4601 εἰσ
363 4561 451 4610 Th,
468 4560 782 4601 nobilitaverint
814 4559 910 4599 libri
966 4557 1040 4606 (13)
1070 4568 1154 4607 quo
1175 4555 1276 4604 ΚΟ,
1303 4555 1413 4608 quod
1431 4554 1459 4595 Ι
1461 4555 1534 4595 Th.

141 4671 144 4674 ‚
193 4618 268 4672 (14)
298 4636 352 4652 =
383 4618 456 4661 Th.
491 4619 527 4659 6.
561 4626 614 4668 17,
645 4627 659 4658 1
695 4620 736 4658 Β
768 4618 806 4666 6,
840 4623 899 4666 20,
931 4623 950 4655 2
983 4627 992 4652 z
1024 4614 1142 4666 iunye
1177 4612 1350 4662 12,11,1
1384 4620 1535 4660 atquae

303 4694 351 4728 u.

1527 103 1632 162 457

2624 115 2725 166 ΧΠ
2764 120 2891 167 10«·-
2910 119 2967 167 16

1631 266 1676 306 et
1705 263 1842 306 duces
1882 261 1954 316 qui
1984 261 2385 306 administraverint
2415 270 2459 307 et-
2499 266 2577 308 1105
2615 266 2689 321 qui
2720 267 2967 309 comitivam

1631 319 1761 375 primi
1801 317 1966 362 ordinis
2006 318 2246 361 meruerint
2290 320 2398 363 1111111
2435 322 2609 364 intersit
2656 323 2740 364 nisi
2782 329 2968 376 tempus,

1631 377 1771 430 qu0¹³
1813 375 1911 431 quis
1955 372 2326 419 administraverit
2369 377 2436 420 vel
2482 378 2716 420 comitivae
2761 378 2967 431 indeptus

1631 437 1699 475 est
1726 431 1928 486 insignia.
1988 428 2043 474 D.
2068 441 2151 474 ΧΗ
2169 429 2213 474 lc.
2239 432 2383 489 April.
2417 431 2806 490 Constantinopoli
2829 433 2967 475 Lucio

1630 501 1693 532 vc.
1725 501 1846 532 cons.
2781 491 2838 540 [a.
2870 490 2968 540 413]

2222 602 2382 651 XIIII.

1705 683 1783 723 DE
1813 682 2118 724 COMITIBUS
2149 683 2250 729 QUI
2278 681 2617 724 PROVINCIAS
2647 683 2890 726 REGUNT.

1686 762 1710 809 1
1753 762 1936 822 ¹⁴Impp.
1963 763 2201 807 Honorius
2229 768 2275 807 et
2302 763 2342 806 T
2337 763 2578 806 heodosius
2606 766 2696 807 AA.
2730 764 2968 810 Prisciano

1617 833 1702 878 pu.
1761 819 1877 871 Hos,
1910 819 1984 874 qui
2008 819 2054 861 in
2085 818 2466 861 administratione
2493 818 2606 861 civili
2638 832 2690 862 ac
2720 822 2971 874 provinciae

1626 875 1938 930 gubernaculis
1970 875 2053 917 sub
2083 874 2400 917 iurisdictionis
2441 874 2620 917 licentia
2652 877 2829 919 comites
2861 891 2969 931 quo-

1627 944 1712 986 que
1742 931 1870 986 primi
1902 930 2068 974 ordinis
2100 943 2197 973 esse
2227 930 2491 982 meruerint,
2532 931 2718 974 vicariae
2749 932 2971 985 dignitatis

1625 992 1730 1044 post
1755 987 2001 1043 depositam
2018 986 2440 1030 administrationem
2467 986 2702 1042 privilegiis
2728 988 2814 1030 frui
2841 1002 2970 1043 opor·

1626 1047 1705 1088 tet.
1778 1043 1833 1088 D.
1882 1055 1962 1088 ΧΠ
2001 1042 2045 1087 lt.
2088 1042 2236 1101 April.
2286 1042 2679 1101 Constante'nopoli
2722 1043 2862 1087 Lucio
2907 1057 2969 1088 vo.

1627 1113 1749 1145 cons.
2783 1103 2839 1152 [a.
2872 1103 2971 1154 413]

2251 1214 2359 1264 XV.

1627 1301 1704 1341 DE
1748 1297 2198 1340 PROFESSORIBUS
2250 1297 2348 1344 QUI
2400 1296 2463 1337 IN
2512 1297 2663 1337 URBE
2694 1297 2971 1338 CONSTAN-

1626 1354 2051 1398 'HNOPOLITANA
2093 1354 2386 1394 DOCENTES
2438 1352 2518 1393 EX
2559 1354 2712 1394 LEGE
2754 1353 2971 1394 MERUE·

2047 1410 2184 1451 RINT
2216 1409 2550 1451 COMITIVAM.

1686 1493 1709 1540 1
1752 1491 1903 1552 ²⁵Imp.
1931 1492 2206 1537 Theodosius
2228 1493 2280 1537 A.
2312 1499 2357 1536 et
2383 1491 2724 1536 Valentinianus
2756 1491 2799 1536 C.
2834 1491 2971 1537 Theo-

1627 1550 1754 1609 philo
1783 1565 1861 1607 pu.
1922 1549 2243 1593 Grammaticos
2274 1552 2365 1592 tam
2393 1548 2587 1592 Graecos
2619 1562 2750 1604 quam
2774 1549 2971 1603 Latinos,

1628 1607 1851 1663 sophistas
1891 1610 1936 1664 et
1974 1606 2082 1649 iuris
2113 1606 2278 1661 peritos
2308 1607 2353 1648 in
2392 1605 2477 1648 hac
2512 1605 2632 1659 regia
2664 1606 2772 1648 urbe
2802 1605 2972 1661 profes-

1627 1664 1794 1707 sionem
1834 1674 1961 1706 suam
2000 1669 2254 1705 exercentes
2285 1667 2329 1705 et
2356 1661 2473 1704 inter
2512 1666 2704 1706 statutos
2736 1674 2971 1705 connume-

1626 1722 1774 1772 ratos,
1806 1719 1844 1762 si
1873 1718 2142 1762 laudabilem
2167 1718 2212 1761 in
2241 1731 2287 1761 se
2317 1718 2468 1772 probis
2498 1718 2696 1760 moribus
2720 1719 2851 1761 vitam
2877 1731 2972 1762 esse

1627 1774 1982 1827 monstraverint,
2014 1775 2049 1817 si
2081 1774 2268 1818 docendi
2297 1774 2500 1828 peritiam
2535 1774 2876 1829 facundiamque
2907 1775 2971 1817 di-

1628 1830 1755 1874 cendi
1790 1830 2110 1885 interpretandi
2125 1831 2159 1858 ¹⁶
2198 1831 2487 1874 subtilitatem
2521 1831 2691 1885 copiam
2731 1831 2973 1874 disserendi

1628 1899 1675 1930 se
1698 1886 1862 1930 habere
1887 1887 2198 1941 patefecerint,
2231 1892 2274 1929 et
2300 1890 2429 1930 coetu
2454 1887 2725 1942 amplissimo
2753 1887 2973 1930 iudicante

1628 1943 1747 1998 digni
1784 1943 1950 1986 fuerint
1989 1943 2273 1996 aestimati¹⁷‚
2314 1956 2412 1986 cum
2443 1943 2499 1986 ad
2539 1944 2687 1998 viginti
2720 1956 2860 1987 annos
2893 1945 2970 1987 ob-

1628 2000 1876 2043 servatione
1906 2000 1997 2054 iugi
2027 2013 2080 2043 ac
2104 2000 2255 2043 sedulo
2288 1999 2475 2043 docendi
2506 2000 2657 2042 labore
2683 2000 2972 2054 pervenerint,

1627 2056 1797 2112 placuit
1827 2056 2036 2100 honorari
2065 2062 2110 2099 et
2139 2057 2207 2100 his
2269 2056 2315 2098 ui
2346 2062 2450 2099 sunt
2476 2068 2529 2099 ex
2553 2056 2717 2100 vicaria
2755 2052 2971 2108 dignitate

1628 2113 1999 2157 connumerari¹⁸.
2059 2112 2114 2157 D.
2146 2113 2204 2156 icl.
2289 2119 2373 2156 art.
2409 2112 2802 2172 Constantinopoli
2834 2111 2973 2156 leeo-

1627 2169 1757 2214 dosio
1788 2170 1840 2214 A.
1871 2180 1931 2214 XI
1957 2174 2002 2214 et
2041 2169 2358 2214 Valentiniano
2393 2167 2435 2213 C.
2466 2182 2612 2214 consa
2784 2173 2841 2224 [a.
2872 2170 2971 2222 425]

2214 2341 2385 2391 XV1.¹⁹

1766 2425 1843 2466 DE
1874 2421 2294 2465 DECURIONIBUS
2323 2423 2396 2464 ET
2426 2423 2822 2465 SILENTIARIIS.

1684 2506 1707 2554 1
1744 2506 1932 2566 ²⁰Impp.
1966 2505 2203 2550 Honorius
2238 2511 2283 2551 et
2313 2506 2591 2551 Theodosius
2619 2508 2711 2550 AA.
2751 2504 2862 2549 Urso
2926 2519 2969 2550 u.

1625 2569 1671 2608 et
1696 2563 1944 2608 Aureliano
1968 2577 2052 2620 pp.
2087 2561 2283 2606 Orientis
2311 2569 2356 2607 et
2379 2561 2609 2619 Straceqio
2634 2577 2715 2620 pp.
2739 2576 2830 2620 per
2856 2520 2970 2620 Illy-

1624 2620 1780 2664 ricum.
1839 2619 2111 2662 Decuriones
2133 2619 2273 2662 nostri
2297 2619 2453 2675 palatii
2483 2624 2585 2674 post
2610 2631 2832 2662 emensum
2862 2618 2970 2661 fide-

1625 2676 1726 2720 liter
1756 2676 2016 2731 obsequium
2040 2679 2229 2731 postque
2259 2675 2463 2731 deposita
2489 2681 2767 2718 sacramenta
2788 2674 2970 2718 militiae

1625 2733 1885 2777 electionem
1915 2732 2129 2784 habeant,
2169 2732 2259 2775 sive
2290 2744 2344 2774 ex
2373 2732 2583 2787 magistro
2615 2731 2866 2775 officiorum
2895 2744 2967 2774 ve·

1624 2790 1691 2833 lut
1719 2794 1900 2844 agentes
1938 2787 2196 2842 dignitatem
2234 2788 2444 2843 consequi
2482 2800 2509 2831 a
2546 2791 2702 2831 nostra
2739 2787 2969 2831 maiestate

1624 2846 1878 2895 maluerint,
1912 2845 2002 2888 sive
2031 2844 2148 2886 inter
2176 2843 2292 2887 viros
2323 2844 2517 2887 illustres
2550 2844 2731 2887 comites
2763 2843 2968 2886 domesti-

1627 2916 1790 2955 corum,
1815 2901 2020 2944 videlicet
2043 2899 2159 2943 inter
2184 2904 2375 2954 agentes,
2406 2901 2565 2951 taxari,
2598 2903 2649 2942 ut
2674 2903 2764 2942 tam
2790 2899 2835 2941 in
2860 2899 2967 2942 ado-

1625 2959 1765 3002 randa
1801 2960 1953 3001 nostra
1991 2957 2230 3000 serenitate
2261 2969 2392 3011 quam
2419 2957 2466 2999 in
2491 2952 2737 2997 salutandis
2755 2951 2966 2995 adminis-

1624 3014 1869 3058 tratoribus
1934 3017 1978 3056 et
2016 3012 2198 3068 reliquis
2244 3012 2460 3067 praedicti
2502 3011 2682 3055 honoris
2716 3010 2966 3065 ¹privilegiis

1623 3083 1706 3113 nec
1736 3083 1826 3114 non
1854 3070 1898 3113 in
1929 3073 2081 3112 nostro
2112 3068 2374 3112 consistorio
2416 3068 2485 3111 his
2516 3067 2658 3111 honor
2687 3066 2966 3110 omnifariam

1625 3127 1895 3170 observetur.
1954 3123 2008 3169 D.
2029 3124 2150 3182 prid.
2177 3123 2220 3168 lc.
2248 3124 2360 3168 Nov.
2395 3122 2786 3180 Constantinopoli
2812 3122 2966 3165 Hono-

1622 3183 1692 3227 rio
1724 3195 1762 3226 x
1786 3188 1831 3226 et
1862 3180 2111 3225 Theodosio
2151 3192 2201 3224 VI
2226 3181 2318 3224 AA.
2350 3192 2494 3223 conss.
2775 3181 2832 3231 [a.
2865 3181 2963 3229 415]

1680 3237 1709 3283 2
1742 3237 1907 3281 ”Idem
1931 3237 2024 3281 AA.
2063 3235 2283 3280 Venantio
2306 3250 2388 3294 pp.
2450 3234 2762 3290 Unusquisque
2787 3233 2963 3277 decurio

1625 3295 1689 3338 vel
1728 3292 2001 3338 silentiarius
2041 3304 2070 3336 a
2108 3293 2301 3336 tironum
2341 3297 2385 3335 et
2423 3304 2635 3346 equorum
2666 3291 2962 3347 praestatione

1622 3352 1839 3394 habeatur
1862 3349 2090 3392 immunisz
2120 3349 2288 3392 nullam
2313 3348 2603 3399 collationem,
2634 3360 2748 3403 quae
2773 3347 2963 3402 plerum-

1622 3419 1706 3463 que
1734 3405 1949 3463 poscitur,
1980 3405 2146 3449 solvat:
2177 3405 2287 3448 nihil
2316 3404 2385 3448 his
2415 3405 2507 3447 ulla
2535 3407 2735 3459 potestas
2765 3402 2964 3455 iniungat

1621 3466 1699 3506 aut
1721 3462 1965 3506 necessitas
1988 3461 2047 3504 im
2081 3462 2247 3505 onat22.
2294 3459 2347 3503 D.
2374 3472 2447 3504 VII
2469 3459 2529 3504 id.
2553 3458 2690 3504 Mart.
2723 3458 2964 3504 Ravennae

1620 3518 1940 3600 Asclepiodoto
1970 3522 2015 3561 et
2095 3517 2306 3560 uriniano
2339 3529 2481 3560 conss.
2776 3519 2837 3573 [aa
2863 3515 2962 3567 423]

1679 3572 1708 3621 3
1763 3573 1928 3633 ³Impp.
1963 3572 2237 3617 Theodosius
2274 3577 2319 3616 et
2358 3571 2702 3615 Valentinianus
2729 3571 2820 3615 AA.
2853 3569 2961 3612 Fla-

1623 3631 1753 3675 viano
1781 3645 1859 3688 pp.
1919 3629 2243 3672 Decurionibus
2270 3634 2314 3671 et
2337 3627 2601 3681 silentiariis,
2633 3628 2764 3670 etiam
2790 3626 2828 3669 si
2842 3626 2881 3651 ²⁴
2905 3624 2961 3668 ad

1620 3687 1893 3741 superiorem
1930 3685 2114 3740 gradum
2154 3697 2365 3728 successu
2402 3684 2580 3726 meliore
2628 3681 2959 3734 transcendunt,

1620 3742 1768 3786 omnia
1788 3742 2027 3799 privilegia,
2059 3754 2173 3796 quae
2195 3741 2283 3784 iam
2306 3740 2468 3783 dudum
2494 3739 2689 3782 divorum
2713 3737 2959 3794 principum

1619 3798 1781 3842 iudicio
1817 3802 2095 3849 meruerunt,
2134 3796 2242 3851 legis
2272 3797 2401 3840 istius
2440 3795 2750 3850 praeceptione
2788 3793 2959 3836 noveris

1619 3867 1717 3898 esse
1746 3854 1940 3907 firmata,
1971 3866 2060 3895 non
2089 3853 2444 3908 praeiudicatura
2474 3862 2748 3906 quacumque
2776 3861 2959 3904 genera·

1625 3914 1642 3953 1
1703 3911 1829 3954 litate
1858 3907 2145 3965 pragmatica.
2211 3908 2308 3953 Nec
2337 3907 2539 3962 angarIas
2569 3906 2637 3949 vel
2673 3904 2959 3962 parangarias

1618 4054 1675 4095 ibi
1706 4053 1924 4093 laudantur
1981 4053 2054 4102 (15)
2085 4071 2139 4086 ==
2171 4051 2245 4091 Th.
2264 4053 2302 4101 6,
2320 4060 2374 4099 21,
2391 4058 2406 4089 1
2443 4048 2485 4089 Β
2508 4051 2547 4099 6,
2566 4057 2624 4100 26,
2642 4057 2683 4090 3;
2715 4049 2766 4099 cfi
2787 4050 2957 4099 11,19,1

1617 4109 1692 4160 (16)
1722 4110 1780 4150 sic
1812 4108 1900 4159 Th„
1931 4106 2316 4158 interpretandique
2348 4105 2444 4146 libri
2527 4106 2601 4155 (17)
2634 4104 2705 4155 qui
2735 4104 2780 4143 in
2809 4117 2959 4144 memo·

1617 4167 1709 4205 rato
1749 4163 1957 4203 auditorio
1994 4163 2269 4216 professorum
2316 4161 2549 4211 fungantur
2589 4160 2725 4199 officio
2766 4161 2838 4200 ins.
2881 4160 2956 4213 Th.

1617 4222 1690 4271 (18)
1721 4215 1905 4272 placuit.
1929 4250 1937 4259 .
1955 4250 1964 4258 .
1981 4218 2283 4266 connumerari]
2314 4217 2441 4256 isdem
2473 4215 2622 4266 quibus
2650 4215 2852 4268 praedicti
2877 4215 2957 4255 viri

1618 4275 1892 4327 dignitatibus
1920 4276 2190 4327 perfruantur
2221 4274 2261 4314 T
2259 4275 2294 4311 la.
2367 4274 2445 4323 (19)
2478 4272 2520 4311 Β
2538 4275 2576 4322 6,
2595 4280 2638 4312 26
2708 4273 2862 4321 '(20)=
2885 4271 2956 4312 ΤΙι.

1619 4334 1658 4382 6,
1689 4340 1745 4372 23.
1777 4340 1791 4372 1
1879 4331 1955 4383 (21)
1984 4351 2039 4366 ==
2074 4331 2145 4371 le.
2177 4332 2216 4379 6,
2248 4337 2303 4378 23,
2338 4337 2356 4368 2
2447 4330 2526 4378 (22)
2554 4327 2613 4379 sic
2643 4328 2733 4368 edd.
2766 4343 2846 4367 cum
2868 4327 2955 4378 Th,

1617 4388 1854 4439 imponatur
1885 4387 1983 4428 libri
2051 4387 2127 4434 (23)
2156 4401 2221 4437 pr.
2243 4387 2300 4431 §1
2338 4386 2391 4424 in.
2423 4385 2486 4430 §2
2507 4384 2589 4434 fin.
2622 4397 2670 4423 ez
2694 4383 2769 4424 Th.
2787 4385 2826 4433 6,
2844 4388 2955 4434 23,3,

1618 4444 1777 4495 reliqua
1807 4457 1855 4482 ea·
1886 4441 1960 4483 Th.
1993 4444 2032 4492 6,
2063 4450 2121 4489 23,
2153 4450 2170 4480 4
2201 4448 2357 4492 sumpta
2387 4448 2478 4479 sunt
2548 4440 2627 4488 (24)
2658 4439 2779 4479 etiam
2809 4438 2859 4488 si]
2891 4437 2955 4480 vel

1617 4498 1694 4547 his,
1726 4498 1800 4549 qui
1828 4500 1919 4552 post
1948 4498 2054 4537 hanc
2084 4496 2275 4535 militiam
2314 4495 2540 4535 honoratae
2569 4495 2721 4546 quietis
2750 4495 2836 4534 otio
2865 4507 2954 4546 per·

1618 4554 1817 4594 fruuntur
1846 4552 1910 4593 vel
1933 4554 2019 4605 Th.

2566 4678 2620 4719 58
