3138 4776
214 132 288 172 DE
322 130 559 169 PAGANIS

269 264 300 314 3
346 265 431 311 ¹Im
456 281 508 325 p.
539 266 762 311 Arcadius
800 270 845 310 et
882 263 1117 309 Honorius
1155 269 1245 313 AA.
1285 269 1553 315 Macrobio²

213 327 258 368 et
283 321 529 367 R‘oeiano
569 323 736 367 vicario
751 323 779 366 ³.
844 320 971 365 Sicut
1008 322 1226 367 sacrificia
1255 327 1550 381 prohibemus,

211 377 275 422 ita
310 377 510 421 volumus
549 378 827 433 publicorum
865 388 1049 431 operum
1088 385 1344 424 ornamenta
1373 381 1550 426 servari.

212 445 266 477 ac
294 445 350 476 ne
378 433 464 477 sibi
491 433 639 488 aliqua
666 432 932 477 auctoritate
960 432 1255 489 blandiantur,
1289 437 1365 491 qui
1394 449 1447 480 ea
1477 449 1551 479 co-

211 490 378 532 nantur
406 491 612 542 evertere,
643 488 682 532 si
710 487 829 543 quod
855 487 1132 543 rescriptum,
1164 491 1200 533 si
1230 505 1317 546 qua
1337 493 1409 536 lex
1436 491 1552 535 forte

210 543 532 600 praetenditur:
576 544 787 599 abreptae
815 542 1064 587 huiusmodi
1110 547 1290 592 chartae
1320 560 1376 591 ex
1403 558 1554 591 eorum

211 598 413 643 manibus
453 599 509 642 ad
546 602 744 643 nostram
781 598 1011 642 scientiam
1050 600 1310 646 referantur.
1379 602 1434 646 D.
1467 611 1556 644 1111

210 653 253 699 lc.
283 653 413 698 Febr.
444 653 685 699 Ravennae
716 652 951 698 Theodoro
982 668 1101 699 cons.
1366 662 1421 710 [a.
1454 658 1550 704 399]

267 708 299 754 4
330 707 475 753 ⁴Idem
502 710 595 753 ΛΑ.
627 708 911 766 Apollodoro
943 713 1214 767 proconsuli
1238 713 1438 770 Africae.
1493 710 1554 754 Ut

241 763 423 808 rofanos
475 765 586 807 ritus
639 764 726 807 iam
780 765 947 808 salubri
990 766 1084 820 lege
1128 769 1447 821 submovimus,
1490 766 1554 808 ita

229 824 347 864 estos
387 822 627 863 conventus
667 819 825 863 civium
863 822 907 863 et
944 834 1216 867 communem
1245 824 1435 868 omnium
1464 821 1551 864 lae-

208 875 352 920 titiam
394 887 484 919 non
525 875 719 930 patimur
756 876 1016 920 submoveri.
1089 879 1205 923 unde
1251 881 1418 934 absque
1462 877 1552 919 ullo

209 929 426 976 sacrificio
455 934 502 974 at
533 943 588 974 ue
616 930 708 974 ulla
737 932 1049 987 superstitione
1088 934 1326 979 damnabili
1360 931 1551 978 exhiberi

208 986 404 1044 populo⁶
450 998 503 1029 vo
523 989 698 1042 uptates
743 988 986 1031 secundum
1031 994 1221 1034 veterem
1271 987 1550 1034 consuetudi-

208 1054 322 1095 nem,
358 1041 460 1085 iniri
489 1041 621 1085 etiam
659 1042 774 1086 festa
814 1044 1023 1097 convivia,
1065 1046 1130 1089 816
1198 1046 1342 1090 uando
1373 1043 1554 1098 exigunt

206 1097 387 1197 pplblica
415 1100 529 1151 vota,
574 1098 862 1143 decernimus.
934 1099 988 1143 D.
1020 1112 1125 1144 ΧΗ]
1163 1060 1205 1144 2.
1238 1100 1358 1159 Sept.
1390 1097 1554 1143 Patavi

154 1163 161 1174 “
275 1152 446 1198 eodoro
478 1166 597 1197 cons.
1363 1156 1420 1212 [a.
1453 1152 1550 1208 399]

264 1206 294 1255 5
326 1206 493 1267 ⁷Impp.
511 1208 748 1254 Honorius
777 1215 821 1254 et
840 1209 1117 1255 Theodosius
1131 1212 1221 1256 AA.
1244 1211 1423 1270 populo
1448 1208 1551 1253 Car-

209 1262 489 1323 tkaqiniensi.
558 1264 716 1309 Omnia
743 1265 862 1318 loca,
896 1279 1007 1322 quae
1037 1268 1177 1311 sacris
1206 1280 1330 1311 error
1358 1269 1553 1309 veterum

207 1319 453 1376 deputavit,
495 1321 700 1365 ⁸n0strae
738 1322 802 1365 rei
839 1323 1038 1366 iubemus
1078 1323 1249 1367 sociari.
1319 1321 1436 1377 quod
1473 1332 1552 1363 au-

205 1378 295 1421 tem
325 1388 378 1420 ex
409 1389 460 1420 60
489 1375 586 1420 iure
617 1377 882 1433 ubicumque
911 1378 967 1422 ad
1005 1379 1199 1434 singulas
1229 1390 1425 1434 quasque
1454 1388 1552 1432 per-

206 1444 339 1476 sonas
353 1432 422 1476 vel
444 1433 803 1488 praecedentium
827 1434 1078 1489 principum
1105 1434 1286 1489 largitas
1317 1433 1384 1476 vel
1402 1435 1554 1476 nostra

205 1488 411 1532 maiestas
440 1488 578 1532 voluit
621 1489 861 1545 pervenire,
905 1489 952 1532 id
992 1489 1038 1532 in
1087 1501 1238 1533 eorum
1282 1487 1552 1543 patrimoniis

205 1546 387 1587 aeterna
413 1543 621 1588 firmitate
649 1544 871 1600 perduret.
932 1557 984 1587 ea
1014 1556 1129 1597 vem,
1161 1556 1276 1599 quae
1299 1542 1554 1599 multiplici-

204 1600 288 1643 bus
331 1600 584 1643 constitutis
629 1599 685 1643 ad
719 1599 1010 1644 venerabilem
1056 1599 1287 1643 ecclesiam
1335 1599 1553 1642 voluimus

261 1655 440 1708 rtinere,
482 1655 734 1699 Christiana
775 1655 858 1698 sibi
902 1655 1057 1698 merito
1101 1655 1255 1709 religio
1299 1654 1552 1698 vindicabit.

204 1669 350 1818 {2111
372 1710 416 1754 lc.
435 1708 556 1769 Sept.
585 1709 828 1754 Ravennae
858 1709 1068 1754 Honorio
1099 1722 1137 1753 X
1162 1715 1207 1754 et
1232 1709 1555 1819 Theodosiglg'}

286 1800 296 1810 .
327 1778 470 1810 conss.
1382 1779 1423 1808 a.

261 1818 292 1868 6
324 1819 469 1866 ”Idem
504 1822 596 1865 ΛΑ.
638 1820 956 1879 Asclepiodoto
992 1835 1076 1879 pp.
1159 1820 1433 1874 Christianis,
1478 1821 1554 1876 qui

202 1878 272 1922 vel
299 1889 401 1921 vere
430 1881 536 1921 sunt
557 1877 626 1920 vel
654 1889 752 1921 esse
781 1876 1000 1929 dicuntur,
1032 1877 1285 1933 specialiter
1315 1877 1552 1928 demanda-

204 1946 322 1985 mus,
373 1935 426 1977 ut
466 1931 645 1977 Iudaeis
697 1946 750 1976 ac
793 1933 975 1988 paganis
1018 1933 1066 1976 in
1109 1934 1255 1990 quiete
1294 1933 1553 1989 degentibus

204 1989 397 2044 nihilque
409 1990 444 2016 ¹⁰
473 1988 791 2044 temptantibus
821 1989 1124 2033 turbulentum
1159 1989 1416 2045 legibusque
1448 2002 1553 2032 con-

204 2045 390 2090 trarium
418 2057 508 2089 non
538 2045 735 2089 audeant
762 2058 920 2088 manus
949 2045 1115 2089 inferre
1143 2045 1369 2101 religionis
1399 2050 1554 2089 aucto-

203 2104 336 2147 ritate
364 2101 506 2146 abusi.
573 2113 676 2144 nam
714 2100 752 2144 si
782 2105 937 2145 contra
971 2113 1152 2146 securos
1181 2101 1349 2145 fuerint
1377 2101 1556 2145 violenti

203 2158 272 2203 vel
300 2169 452 2201 eorum
479 2157 598 2200 bona
641 2157 924 2212 diripuerint,
963 2170 1054 2201 non
1090 2170 1143 2202 ea
1182 2157 1278 2202 sola
1306 2169 1422 2213 quae
1452 2157 1553 2201 abs-

204 2213 406 2266 tulerint,
451 2212 531 2257 sed
575 2212 766 2257 convicti
808 2213 856 2256 in
895 2213 955 2256 du
987 2213 1076 2256 lum
1093 2215 1124 2239 ¹¹
1170 2225 1284 2270 quae
1326 2213 1556 2269 rapuerint

210 2274 227 2313 1
289 2269 522 2313 restituere
558 2269 890 2325 compellantur.
1000 2274 1171 2314 ectores
1209 2269 1341 2313 etiam
1377 2269 1553 2325 provin-

207 2325 376 2369 ciarum
419 2328 463 2368 et
506 2323 654 2368 officia
699 2329 743 2367 et
785 2324 930 2379 princi
963 2325 1055 2369 ales
1094 2328 1365 2381 cognoscant
1403 2338 1473 2376 se,
1518 2324 1556 2368 si

206 2394 297 2425 non
323 2380 412 2436 ipsi
437 2379 548 2424 talia
576 2379 819 2432 vindicent,
860 2393 908 2424 se
968 2379 1065 2424 fieri
1093 2393 1121 2423 a
1149 2380 1440 2436 popularibus
1468 2381 1554 2425 hoc

205 2435 486 2501 permiserint
499 2437 548 2488 ¹2,
578 2438 631 2480 ut
658 2448 734 2480 eos
764 2435 840 2491 qui
867 2435 1056 2479 fecerint
1115 2436 1346 2480 uniendos.
1413 2435 1469 2480 D.
1509 2447 1560 2479 VJ

206 2491 267 2536 cd.
298 2490 400 2536 Iun.
434 2490 824 2549 Constantinopoli
852 2491 1060 2550 Asclepio
1096 2496 1172 2536 oto
1212 2496 1259 2536 et
1293 2491 1554 2536 Mariniano

209 2561 353 2593 conss.
1378 2562 1418 2591 a.
1455 2551 1537 2592 423

266 2601 295 2649 7
327 2602 475 2662 Impp.
518 2601 860 2646 Valentinianus
893 2607 938 2647 et
964 2601 1231 2647 Marcianus
1269 2552 1377 2647 AA.[
1402 2552 1556 2647 Palla3

209 2659 284 2704 dio
305 2673 390 2718 pp.
460 2657 601 2702 Nemo
644 2657 895 2702 venerantis
940 2658 1251 2715 adorantisque
1291 2659 1436 2703 animo
1480 2658 1555 2703 de-

207 2716 357 2767 lubra,
395 2726 508 2771 quae
547 2714 651 2758 olim
686 2714 775 2758 iam
805 2715 956 2758 clausa
991 2720 1108 2767 sunt,
1150 2719 1335 2759 reseret:
1385 2715 1502 2759 absit
1530 2727 1558 2758 a

208 2771 384 2816 saeculo
401 2774 552 2815 nostro
581 2769 774 2813 infandis
806 2771 1174 2826 exsecrandisque
1199 2771 1446 2815 simulacris
1476 2771 1555 2814 ho-

208 2839 360 2872 norem
401 2826 636 2882 pristinum
677 2825 825 2880 reddi,
879 2826 1071 2870 redimiri
1118 2826 1247 2870 sertis
1291 2826 1557 2882 templorum

207 2883 365 2939 impios
393 2886 568 2939 postes,
609 2881 807 2938 profanis
838 2882 926 2926 aris
943 2883 977 2908 ¹³
1016 2881 1200 2926 accendi
1227 2882 1363 2937 ignes,
1394 2882 1558 2926 adoleri

207 2939 256 2984 in
282 2938 422 2983 isdem
448 2938 597 2991 thura,
632 2938 830 2981 victimas
861 2937 998 2992 caedi,
1028 2938 1194 2994 pateris
1224 2938 1328 2982 vina
1355 2938 1486 2982 libari
1513 2942 1558 2982 et

215 2999 232 3038 1
293 2993 517 3049 religionis
554 2994 654 3038 loco
701 2993 943 3037 existimari
981 2994 1270 3050 sacrilegium.
1349 2993 1557 3049 Quisquis

211 3053 360 3094 autem
399 3054 555 3094 contra
595 3050 712 3093 hanc
757 3049 1006 3093 serenitatis
1049 3056 1231 3093 nostrae
1283 3049 1559 3093 sanctionem

212 3111 257 3151 et
299 3109 455 3150 contra
498 3105 732 3148 interdicta
773 3106 1174 3148 sacratissimarum
1211 3110 1407 3149 veterum
1452 3118 1557 3148 con-

211 3161 491 3206 stitutionum
547 3159 766 3203 sacrificia
823 3172 1024 3204 exercere
1081 3162 1381 3215 temptaverit,
1439 3160 1559 3216 apud

212 3216 439 3273 publicum
476 3213 667 3257 iudicem
701 3227 804 3258 reus
842 3215 957 3258 tanti
994 3215 1205 3259 facinoris
1255 3216 1444 3271 legitime
1483 3228 1557 3259 ac-

215 3276 393 3316 cusetur
417 3273 464 3314 et
485 3269 713 3313 convictus
734 3270 1099 3325 proscriptionem
1129 3269 1322 3314 omnium
1342 3271 1560 3314 bonorum

215 3331 240 3371 2
298 3339 479 3372 suorum
519 3329 564 3368 et
606 3325 806 3368 ultimum
845 3324 1110 3381 supplicium
1152 3326 1323 3370 subeat.
1384 3325 1559 3370 Conscii

838 3465 891 3516 (2)
922 3476 989 3516 pp.
1013 3463 1312 3517 Hispaniarum
1343 3465 1461 3506 addit
1485 3465 1559 3508 171.

1131 3519 1184 3571 (4)
1207 3540 1264 3556 ==
1283 3518 1357 3560 Th.
1380 3522 1558 3572 16,1ο,1τ

1163 3574 1217 3626 (6)
1247 3576 1286 3616 si
1312 3574 1375 3618 W
1377 3575 1449 3616 Th.
1477 3591 1560 3617 cum

215 3469 265 3519 (1)
295 3488 350 3501 :x
384 3466 669 3516 Tk.16,1o,15

215 3525 271 3577 (3)
287 3523 471 3574 quinque
484 3520 812 3574 provinciarium
829 3520 950 3560 addit
971 3519 1043 3560 le.

217 3580 272 3631 (5)
301 3579 361 3619 sic
380 3578 452 3618 Th.
484 3591 569 3617 cum
596 3577 653 3627 B,
684 3575 934 3628 populorum
965 3576 1062 3616 libri

218 3635 275 3683 B,
306 3648 380 3674 om.
413 3631 486 3673 GR
609 3631 664 3685 (7)
693 3651 750 3667 ---
783 3631 856 3672 Th.
892 3633 955 3681 16,
985 3639 1039 3682 10,
1071 3639 1116 3673 20
1242 3631 1297 3682 (8)
1336 3630 1561 3671 secundum

217 3688 304 3728 divi
333 3687 525 3728 Gratiani
551 3687 778 3727 constituta
807 3688 881 3727 ins.
917 3687 988 3727 172.
1104 3687 1161 3740 (9)
1191 3707 1245 3722 =
1271 3685 1343 3727 Th.
1365 3689 1429 3738 16,
1445 3695 1501 3738 10,
1518 3696 1562 3728 24

217 3742 294 3796 (10)
323 3746 383 3784 sic
417 3741 488 3782 Th.
520 3757 604 3783 cum
636 3742 692 3794 B,
721 3741 854 3782 nichil
884 3742 978 3794 PR,
1008 3744 1049 3783 et
1077 3741 1209 3782 nichil
1244 3743 1279 3784 C
1418 3742 1486 3793 (11)
1516 3741 1562 3781 in

275 3905 306 3953 9
350 3905 653 3964 Maqistratus
695 3910 878 3950 nostros
921 3909 1010 3948 tam
1062 3906 1110 3948 in
1153 3905 1240 3950 liae
1282 3906 1412 3964 reqia
1455 3904 1563 3949 urbe

219 3976 354 4021 quam
382 3963 430 4005 in
451 3960 706 4020 provinciis
733 3973 834 4004 cum
861 3973 1031 4005 summo
1060 3961 1213 4005 studio
1253 3974 1415 4006 curare
1444 3960 1562 4005 iube-

219 4031 340 4070 mus,
392 4022 445 4062 ut
485 4021 531 4061 et
556 4029 648 4074 per
692 4028 741 4059 se
785 4020 832 4060 et
874 4030 904 4059 a
945 4016 1298 4074 reliqiosissimis
1336 4016 1564 4075 episcopis

220 4088 274 4119 ea
317 4073 372 4118 de
414 4086 465 4117 re
503 4072 718 4116 certiores
751 4071 870 4127 facti
896 4071 946 4114 in
985 4084 1137 4115 omnes
1159 4083 1379 4129 paqanae
1407 4085 1563 4129 super-

219 4129 416 4174 stitionis
457 4127 708 4186 impietates
747 4139 810 4170 ex
851 4126 949 4184 leqe
980 4126 1234 4183 inquirant,
1271 4141 1329 4171 ne
1366 4127 1563 4172 commit-

223 4189 378 4230 tantur
420 4187 465 4229 et
503 4188 556 4227 ut
596 4181 828 4226 commissa
860 4181 1140 4239 puniantur:
1179 4182 1306 4239 quod
1339 4182 1382 4226 si
1409 4196 1563 4227 earum

222 4239 433 4285 coercitio
442 4237 771 4298 provincialem
783 4241 1057 4294 potestatem
1079 4237 1286 4290 excedat,
1314 4251 1369 4282 ea
1394 4237 1456 4281 ad
1480 4251 1566 4281 nos

223 4296 511 4353 referantur,
550 4307 608 4338 ne
643 4293 692 4336 in
730 4293 858 4350 ipsos
894 4291 1157 4336 delictorum
1200 4305 1340 4337 causa
1375 4298 1423 4338 et
1454 4293 1563 4337 inci-

227 4355 248 4395 1
324 4354 564 4396 tamentum
604 4348 835 4393 redundet.
900 4346 1079 4391 Nemini
1113 4352 1262 4393 autem
1301 4348 1438 4393 liceat
1473 4349 1565 4393 sive

224 4408 273 4450 in
312 4411 571 4451 testamento
608 4406 699 4450 sive
734 4417 820 4462 per
856 4402 1144 4447 donationem
1180 4403 1422 4461 quicquam
1456 4418 1565 4462 per-

226 4463 349 4506 sonis
385 4462 454 4507 vel
491 4461 604 4506 locis
641 4459 703 4504 ad
727 4458 1065 4523 sustentandam
1081 4472 1375 4557 paqanorum
1411 4459 1565 4517 impie-

1065 4527 1094 4557 a

231 4521 361 4560 tatem
397 4517 674 4575 relinquere,
713 4515 797 4560 etsi
830 4514 916 4558 Ιιοο
942 4526 1062 4572 speci
1111 4518 1199 4558 tter
1225 4514 1471 4560 voluntatis
1499 4513 1568 4559 vel

232 4573 476 4618 testamenti
518 4572 587 4618 vel
629 4569 888 4616 donationis
929 4568 1074 4615 verbis
1119 4581 1212 4613 non
1264 4570 1564 4623 contineatur,

1562 113 1631 174 63

2848 123 2967 175 111

1634 270 1768 314 etiam
1795 281 1851 312 ac
1878 264 2066 311 ministri
2089 268 2407 312 sacrificiorum
2430 266 2613 312 eandem
2639 282 2835 326 poenam,
2890 286 2973 317 uae

1633 325 1680 367 in
1721 325 1844 368 illum
1886 321 2020 366 fuerit
2061 321 2283 376 inrogata,
2327 322 2595 374 sustineant,
2647 326 2698 366 ut
2738 327 2823 370 hac
2883 330 2973 383 egis

1635 385 1813 424 nostrae
1850 377 2128 422 seueritate*¹
2166 378 2388 432 perterriti
2422 385 2542 420 metu
2577 389 2745 431 poenae
2776 382 2976 427 desinant

1636 439 1659 477 3
1718 433 1939 478 sacrificia
1966 431 2198 475 interdicta
2229 434 2463 477 celebrare.
2521 430 2650 486 Quod
2679 434 2717 475 si
2732 435 2796 478 vir
2826 439 2974 481 claris-

1635 490 1769 533 simus
1798 492 1944 533 rector
1971 487 2223 543 provinciae
2257 493 2360 544 post
2387 486 2715 532 accusationem
2744 490 2976 543 legitimam

1637 550 1681 586 et
1718 550 1820 599 post
1858 543 2021 588 crimen
2053 542 2100 585 in
2132 544 2380 597 cognitione
2409 543 2656 587 convictum
2683 546 2855 587 tantum
2882 559 2976 590 sce-

1635 600 1701 643 lus
1733 597 2068 643 dissimulaverit
2096 598 2332 650 vindicare,
2373 597 2688 654 quinquaginta
2717 597 2853 641 libras
2884 602 2979 644 auri

1633 653 1730 709 ipse
1771 655 1927 706 iudex,
1969 653 2284 709 quinquaginta
2328 655 2459 697 etiam
2501 652 2696 696 officium
2741 652 2834 695 eius
2878 667 2978 698 0011-

1634 708 1783 752 festim
1826 709 1934 753 fisco
1976 713 2128 753 nostro
2171 709 2336 752 inferre
2382 711 2577 762 cogatur.
2659 706 2714 750 D.
2751 708 2876 765 prid.
2920 710 2978 754 id.

1636 763 1748 807 Nov.
1779 762 2019 807 Marciano
2049 767 2100 807 A.
2133 777 2252 807 cons.
2795 767 2850 814 [a.
2882 765 2979 820 451]

1693 815 1723 863 8
1756 816 1903 875 Impp.
1949 819 2041 862 Leo
2096 823 2142 861 et
2181 816 2443 861 Anthemius
2485 817 2577 859 ΑΑ.
2631 815 2856 861 Dioscoro
2899 833 2980 877 pp.

1634 873 1774 917 Nemo
1805 885 1871 924 ea,
1904 885 2017 926 quae
2046 873 2223 928 saepius
2260 884 2461 926 paganae
2490 872 2814 927 superstitionis
2843 874 2982 917 homi-

1636 929 1768 973 nibus
1811 928 2049 971 interdicta
2093 931 2210 978 sunt,
2255 926 2419 970 audeat
2461 931 2780 982 pertemptare,
2826 929 2983 983 sciens,

1636 983 1754 1040 quod
1808 982 1973 1026 crimen
2023 982 2252 1037 publicum
2303 982 2536 1026 committit
2578 983 2654 1038 qui
2695 983 2806 1027 haec
2850 997 2985 1028 ausus

1640 1044 1658 1083 1
1718 1039 1854 1083 fuerit
1894 1043 2166 1093 perpetrare.
2242 1037 2294 1080 In
2337 1042 2510 1081 tantum
2550 1043 2698 1081 autem
2737 1039 2987 1083 huiusmodi

1635 1095 1835 1138 facinora
1851 1095 2052 1137 volumus
2078 1105 2175 1136 esse
2197 1093 2453 1147 resecanda,
2484 1098 2546 1146 ut,
2578 1094 2750 1138 etiamsi
2773 1095 2820 1138 in
2844 1096 2986 1138 alieno

1635 1150 1818 1207 praedio
1847 1150 1917 1193 vel
1945 1149 2074 1193 domo
2106 1148 2272 1203 aliquid
2300 1150 2390 1192 tale
2419 1154 2712 1205 perpetretur,
2743 1151 2986 1195 scientibus

1635 1206 1839 1251 videlicet
1877 1205 2089 1258 dominis,
2129 1205 2358 1261 praedium
2398 1205 2574 1260 quidem
2612 1207 2681 1249 vel
2720 1206 2875 1250 domus
2916 1219 2986 1250 sa-

1637 1262 1873 1308 cratissimi
1901 1262 2066 1306 viribus
2097 1261 2254 1304 aerarii
2284 1260 2534 1314 addicetur,
2575 1261 2738 1305 domini
2766 1275 2868 1306 vero
2906 1276 2986 1318 pro

1636 1319 1721 1363 hoc
1759 1319 1870 1371 solo,
1911 1317 2030 1374 quod
2060 1317 2250 1361 scientes
2282 1318 2586 1361 consenserint
2600 1319 2634 1344 ¹⁵
2673 1330 2755 1361 sua
2790 1318 2890 1362 loca
2918 1323 2987 1361 ta-

1636 1376 1751 1419 libus
1783 1374 2074 1418 contaminari
2105 1373 2357 1425 sceleribus,
2396 1373 2434 1417 si
2474 1373 2647 1428 quidem
2677 1374 2891 1428 dignitate
2919 1375 2990 1418 vel

1637 1431 1789 1473 militia
1834 1430 2022 1486 quadam
2068 1429 2359 1481 decorantur,
2415 1429 2649 1473 amissione
2698 1429 2880 1474 militiae
2921 1431 2989 1474 vel

1639 1486 1862 1541 dignitatis
1893 1499 1975 1529 nec
2005 1498 2095 1529 non
2123 1498 2271 1528 rerum
2301 1497 2479 1529 suarum
2511 1485 2838 1541 proscriptione
2866 1486 2988 1541 plec-

1636 1546 1810 1596 tentur,
1849 1542 2048 1597 privatae
2085 1553 2187 1584 vero
2220 1541 2490 1585 condicionis
2520 1542 2589 1584 vel
2627 1541 2790 1598 plebeii
2821 1542 2986 1586 consti-

1637 1597 1723 1641 tuti
1773 1601 1878 1654 post
1932 1597 2155 1641 cruciatus
2211 1597 2409 1652 corporis
2459 1597 2667 1653 operibus
2711 1597 2988 1642 metallorum

1637 1659 1852 1710 perpetuo
1884 1654 2214 1709 deputabuntur
2243 1653 2387 1696 exilio.
2769 1657 2825 1705 [a.
2856 1657 2906 1697 47
2914 1654 2988 1706 2?1

1695 1708 1725 1756 9
1758 1741 1937 1753 .....
1939 1723 1942 1727 ’
1967 1740 1978 1750 .
2010 1740 2021 1750 .
2056 1708 2441 1768 ’θΠροστὰττομεν
2483 1707 2585 1750 τοὺς
2635 1705 2864 1767 ἡμετέρους
2914 1708 2988 1768 ἅρ-

1637 1780 1798 1819 χοντας
1825 1764 1925 1808 τούς
1953 1781 2004 1807 τε
2033 1763 2146 1808 κατὰ
2176 1762 2261 1818 τὴν
2292 1760 2506 1819 βασιλίδα
2544 1760 2680 1807 πόλιν
2707 1765 2878 1818 ταύτην
2917 1767 2991 1806 καὶ

1637 1821 1751 1864 κατὰ
1786 1820 1865 1864 τὰς
1903 1823 2116 1880 ἐπαρχίας
2154 1818 2229 1864 διὰ
2264 1818 2406 1874 πάσης
2442 1823 2605 1878 χωρεῖν
2638 1821 2896 1878 προθυμίας
2931 1821 2990 1862 οἵ·

1638 1878 1780 1920 κοθέν
1818 1893 1867 1919 τε
1905 1881 1980 1919 καὶ
2016 1875 2140 1936 παρὰ
2183 1877 2279 1919 τῶν
2319 1874 2690 1933 θεοφιλεστάτων
2730 1875 2989 1920 ἐπισκόπων

1637 1933 1695 1976 τὰ
1730 1935 1918 1977 τοιαῦτα
1958 1930 2300 1989 διδασκομένους
2336 1929 2488 1976 πάντα
2531 1931 2587 1974 τὰ
2631 1933 2708 1986 τῆς
2745 1928 2992 1986 Ἑλληνικῆς

1638 1990 1882 2049 θρησκείας
1910 1985 2175 2044 ἀσεβήματα
2199 1993 2398 2044 νομίιιως
2427 1985 2677 2041 ἀναζητεῖν,
2709 1983 2768 2031 ὦς
2796 1985 2854 2031 ἂν
2880 1987 2992 2044 μήτε

1637 2051 1810 2104 γένοιτο
1853 2049 1928 2087 καὶ
1972 2043 2194 2114 γενόμενα
2237 2048 2498 2103 τιμωροῖτο’
2553 2045 2593 2086 εἰ
2636 2042 2686 2087 δὲ
2727 2039 2992 2102 ὑπερβαίνει

1638 2101 1716 2144 τοὶς
1760 2103 2025 2160 ἐπιχωρίους
2068 2099 2203 2160 αρχάς
2247 2097 2275 2154 ἡ
2316 2099 2495 2143 τούτων
2539 2097 2881 2157 ἐπανόρθωσις,
2935 2101 2994 2143 εἰς

1638 2155 1748 2214 ἡμᾶς
1785 2159 1931 2200 ταῦτα
1970 2158 2206 2214 φέρεσθαι,
2249 2153 2367 2199 ὥστε
2394 2154 2457 2212 μὴ
2486 2153 2563 2199 ἐπ’
2597 2153 2756 2199 αὐτοὺς
2783 2154 2869 2210 τὴν
2896 2158 2993 2198 τῶν

1643 2219 1661 2256 1
1723 2209 1751 2255 ἆ
1787 2209 2060 2272 αρτημάτων
2090 2213 2243 2255 αἰτίαν
2270 2215 2344 2255 καὶ
2374 2217 2551 2263 κίνησιν
2580 2210 2748 2254 ἐλθεῖν.
2818 2209 2994 2266 Μηδενὶ

1641 2267 1689 2311 δὲ
1718 2271 1739 2310 ἐ
1767 2272 1883 2311 ἐστω
1919 2267 2031 2324 μήτε
2061 2270 2110 2310 ἐν
2141 2265 2338 2326 διαθήκῃ
2367 2266 2485 2338 μήτε
2515 2266 2627 2310 κατὰ
2656 2265 2831 2326 δωρεὰν
2859 2283 2992 2310 κατα-

1642 2321 1922 2379 λιμπάνεινῆ
1945 2322 2122 2367 διδόναι
2150 2339 2196 2365 τι
2222 2337 2482 2382 προσωποις
2504 2320 2531 2378 ἢ
2556 2320 2711 2367 τόποις
2739 2326 2814 2368 ἐπὶ
2835 2321 2992 2365 συστά-

1641 2395 1708 2423 σει
1736 2381 1812 2433 τῆς
1839 2381 1918 2422 τοῦ
1949 2376 2236 2434 Ἑλληνισμοῦ
2281 2376 2560 2435 δυσσεβείας,
2596 2380 2637 2421 εἰ
2669 2381 2744 2420 καὶ
2770 2377 2832 2435 μὴ
2858 2380 2993 2421 τοῦτο

1642 2434 1792 2478 ἷδικιῦς
1819 2438 1910 2477 τοῖς
1937 2436 2013 2490 τῆς
2040 2432 2293 2489 βουλήσεως
2319 2430 2347 2487 ἢ
2378 2432 2596 2488 διαθήκης
2623 2430 2652 2488 ἢ
2675 2431 2844 2492 δωρεᾶς
2871 2449 2991 2491 περι-

1641 2496 1783 2545 έχοιτο
1814 2487 2020 2547 ῥήμασιν,
2050 2488 2193 2532 ἄλλως
2222 2487 2272 2531 δὲ
2300 2488 2384 2531 σύν
2412 2487 2609 2542 ἀληθείᾳ
2644 2488 2993 2556 καταληφθῆναι

1643 2551 1667 2591 2
1725 2544 1850 2605 παρὰ
1892 2547 1990 2589 τῶν
2020 2543 2302 2598 δικαζόντων
2330 2541 2535 2588 δύναται.
2600 2543 2660 2586 Τὰ
2690 2542 2740 2586 δὲ
2767 2543 2887 2587 οὕτω
2916 2562 2990 2586 κα-

1640 2600 2012 2658 ταλιμπανόμενα
2038 2597 2067 2655 ἢ
2097 2598 2359 2660 διαρούμενοι
2387 2596 2674 2659 ἀφαιρείσθω
2692 2602 2778 2655 μὲν
2806 2603 2992 2643 ἐκείνων

1640 2659 1738 2701 τῶν
1762 2656 2028 2716 προσώπων
2052 2653 2080 2710 ἢ
2103 2655 2275 2708 τόπων,
2301 2655 2364 2699 οἷς
2386 2654 2564 2699 δέδοται
2586 2652 2613 2711 ἢ
2636 2654 2993 2708 καταλέλειπται,

1641 2712 1999 2772 προσκυρούσθω
2045 2710 2094 2755 δὲ
2133 2715 2231 2755 ταῖς
2274 2710 2481 2764 πόλεσιν,
2526 2714 2576 2754 ἐν
2615 2710 2682 2754 αἶς
2718 2710 2776 2754 τὰ
2805 2714 2994 2755 τοιαῦτα

1643 2768 1869 2828 πρόσωπα
1898 2770 2008 2811 οἰκεῖ
2050 2765 2076 2821 ἢ
2119 2771 2194 2809 καὶ
2236 2762 2315 2834 ὑφ’
2355 2765 2406 2810 ἃς
2443 2767 2490 2810 οἱ
2524 2769 2718 2810 τοιοῦτοι
2748 2764 2993 2810 διάκεινται

1639 2824 1794 2876 τόποι,
1835 2821 1953 2867 ὥστε
1990 2820 2103 2866 καθ’
2146 2819 2390 2878 ὁμοιοτητα
2427 2825 2525 2866 τῶν
2563 2821 2811 2866 πολιτικῶν
2850 2819 2992 2865 δαπα-

1643 2886 1666 2926 3
1724 2881 1899 2923 νᾶσθαι
1927 2877 2182 2939 προσόδων.
2239 2877 2439 2921 Πάντων
2470 2879 2568 2921 τῶν
2607 2880 2870 2933 ἐπιτιμίων,
2908 2873 2994 2919 ὅσα

1641 2935 1766 2994 παρὰ
1808 2937 1906 2979 τῶν
1950 2932 2427 2995 προβεβασιλευκότων
2464 2932 2580 2976 κατὰ
2625 2935 2701 2987 τῆς
2744 2929 2994 2988 Ἑλληνικῆς

1641 2989 1877 3047 ἧπείληται
1905 2990 2073 3045 πλάνης
2102 2987 2130 3045 ἢ
2156 2986 2270 3049 ὑπὲρ
2299 2991 2374 3043 τῆς
2402 2985 2653 3047 ὀρθοδόξου
2682 2993 2877 3033 πίστεως
2906 2989 2992 3030 εἰσ-

1641 3047 1892 3103 ενήνεκται,
1930 3052 2099 3106 κυρίων
2145 3049 2218 3088 καὶ
2257 3049 2462 3100 βεβαίων
2510 3042 2722 3097 διηνεκῶς
2756 3042 2909 3086 ὄντων
2943 3059 2995 3085 τε

1641 3108 1715 3146 καὶ
1755 3101 1830 3145 διὰ
1864 3104 1941 3157 τῆς
1979 3100 2204 3162 παρούσης
2239 3098 2447 3155 εὐσεβοῦς
2473 3099 2749 3155 νομοθεσίας
2777 3097 2993 3156 φυλαττο-

1641 3175 1807 3260 μεῖαόνῖ
1839 3243 2060 3255 ......
2097 3207 2316 3262 ΠἘπειδή
2365 3223 2482 3251 τινες
2531 3204 2742 3266 εὕρηνται
2790 3210 2847 3264 τῆ
2895 3210 2993 3252 τῶν

1641 3266 1838 3312 ἀνοσίων
1884 3271 1959 3309 καὶ
1999 3267 2216 3324 μυσαραῖν
2250 3261 2474 3318 Ἑλλήνων
2515 3254 2994 3323 κατεχόμενοι’πλὰνῃ

1643 3320 1822 3366 κάκεῖνα
1874 3321 2161 3382 πράττοντες,
2214 3317 2329 3377 ἅπερ
2380 3321 2439 3363 εἷς
2483 3317 2662 3363 δικαίαν
2705 3317 2841 3379 ὀργὴν
2881 3323 2996 3363 κινεῖ

1643 3464 1690 3503 111
1718 3461 1891 3515 triplum
1922 3463 1963 3502 et
1991 3459 2271 3514 quadruplum
2305 3459 2379 3502 ΤΙι.
2466 3460 2541 3513 (12)
2572 3461 2607 3501 si
2636 3473 2720 3500 non
2746 3490 2756 3500 .
2773 3490 2784 3500 .
2802 3490 2811 3500 .
2840 3460 2992 3513 permi-

1644 3518 1787 3570 serint]
1819 3518 1855 3557 si
1881 3517 1973 3558 fieri
1999 3517 2263 3570 permiserint
2297 3515 2370 3558 Th.
2505 3517 2576 3568 (13)
2606 3518 2666 3558 sic
2695 3518 2786 3557 dett.
2820 3531 2905 3557 cum
2934 3516 2991 3567 B,

1643 3574 1836 3627 profanos
1852 3573 1977 3614 sacris
1995 3572 2068 3613 CR
2132 3573 2204 3624 (14)
2218 3574 2278 3614 sic
2292 3573 2397 3624 edd„
2413 3572 2631 3614 serenitate
2646 3573 2742 3613 libri
2806 3571 2881 3626 (15)
2897 3584 2993 3611 con-

1644 3630 1842 3671 cesserint
1868 3629 1971 3669 Hal.
2002 3643 2086 3669 cum
2117 3629 2162 3669 B
2283 3627 2359 3680 (16)
2388 3648 2444 3664 =
2471 3629 2516 3669 B
2550 3630 2586 3678 1,
2615 3637 2647 3678 1,
2676 3636 2739 3669 19:
2772 3632 2792 3675 5
2828 3636 2842 3668 1
2970 3634 2990 3667 3

1647 3693 1786 3727 extant
1813 3686 1856 3726 in
1884 3683 2048 3726 Nomoc.
2081 3693 2116 3736 6,
2146 3693 2166 3725 3
2281 3685 2354 3736 (17)
2382 3703 2438 3720 ==
2469 3684 2512 3724 Β
2547 3685 2582 3735 1,
2612 3692 2643 3734 1,
2675 3691 2734 3724 20.
2765 3681 2929 3723 Nomoc.
2957 3684 2991 3732 l,

1647 3750 1702 3783 10.
1733 3742 1772 3791 4,
1803 3748 1837 3781 4.
1869 3750 1888 3782 τ

1646 3903 1727 3950 sed
1764 3903 1856 3947 alio
1894 3902 2028 3948 modo
2058 3917 2153 3962 pro
2183 3916 2288 3948 vero
2329 3916 2358 3945 a
2386 3900 2688 3946 iudicantibus
2719 3900 2774 3945 de
2807 3899 2992 3945 rehendi

1648 3963 1673 4003 2
1747 3959 1912 4017 possit.
1998 3947 2124 4012 Quae
2176 3963 2324 4002 autem
2375 3958 2442 4002 ita
2492 3957 2652 4000 relicta
2700 3969 2752 4002 ve
2819 3955 2991 4000 donata

1646 4020 1775 4067 sunt,
1812 4013 1906 4057 illis
1923 4015 2139 4072 personis
2173 4014 2244 4058 vel
2270 4013 2383 4056 locis
2410 4012 2572 4069 quibus
2600 4011 2709 4055 data
2737 4011 2807 4056 vel
2832 4011 2991 4056 relicta

1646 4075 1754 4114 sunt
1781 4069 2056 4126 auferantur
2093 4074 2140 4114 et
2175 4074 2432 4126 competant
2459 4067 2724 4119 civitatibus,
2753 4068 2802 4110 in
2830 4065 2992 4123 quibus

1650 4126 1761 4169 tales
1796 4138 2023 4183 personae
2066 4124 2273 4168 habitant
2312 4123 2383 4168 vel
2421 4122 2502 4167 sub
2577 4122 2708 4166 uibus
2752 4121 2864 4165 tales
2901 4120 2990 4164 loci

1645 4181 1724 4225 siti
1750 4184 1870 4233 sunt,
1905 4184 1958 4224 ut
1982 4180 2046 4224 ad
2071 4180 2217 4223 instar
2244 4178 2467 4223 redituum
2485 4183 2557 4236 pu
2587 4178 2775 4221 licorum
2803 4189 2989 4232 eroqen-

1649 4240 1672 4279 3
1733 4241 1818 4280 tur.
1883 4234 2050 4280 Poenis
2086 4234 2309 4286 omnibus,
2348 4247 2466 4291 quae
2494 4233 2551 4277 ab
2581 4231 2881 4277 anterioribus
2908 4231 2988 4273 im-

1644 4290 1935 4350 peratoribus
1961 4291 2176 4335 adversus
2195 4303 2434 4355 paganum
2461 4302 2660 4333 errorem
2689 4287 2758 4332 vel
2783 4286 2988 4349 insavo-

1646 4360 1739 4391 rem
1783 4345 2070 4391 orthodoxae
2107 4345 2214 4402 fidei
2257 4344 2542 4389 introductae
2583 4348 2713 4394 sunt,
2757 4341 2919 4386 validis
2945 4345 2992 4386 et

1644 4402 1789 4459 firmis
1815 4401 1866 4445 in
1883 4406 2156 4460 perpetuum
2175 4400 2350 4458 futuris
2378 4405 2425 4444 et
2447 4413 2533 4458 per
2558 4402 2837 4457 praesentem
2856 4396 2989 4455 piam

1648 4457 1972 4515 leqislationem
2001 4456 2246 4501 custoditis.

1708 4511 1771 4559 10
1801 4510 2022 4565 Quoniam
2050 4511 2256 4556 nonnulli
2282 4509 2450 4554 inventi
2475 4512 2595 4560 sunt,
2628 4507 2710 4571 qui
2747 4507 2988 4566 impiorum

1648 4582 1702 4612 ac
1742 4567 2060 4613 sceleratorum
2099 4579 2391 4625 paqanorum
2428 4576 2583 4608 errore
2619 4561 2775 4608 imbuti
2818 4577 2870 4608 ea
2909 4563 2986 4620 fa-
