3094 4732
216 98 293 141 DE
323 96 414 136 HIS
451 97 547 146 QUI
584 99 647 138 SE
684 100 980 140 ommium·

214 230 458 288 ceterisque
509 234 619 279 fient
674 236 896 282 vindictae
910 238 923 265 ¹
977 236 1235 282 temeritatis
1284 252 1406 285 exem
1439 241 1543 287 lum.

217 287 266 333 lb
287 343 298 356 ο
322 288 603 336 Memoriales
642 306 770 346 vero,
809 293 884 348 qui
923 293 1181 348 excipienda
1223 296 1387 341 eiusmo
1422 298 1431 308 ‘
1475 310 1545 342 re-

210 349 379 400 scnpta
420 347 488 390 vel
531 348 755 406 implenda
790 348 1057 400 curaverint,
1103 357 1146 392 et
1181 352 1426 407 palatinos,
1469 354 1544 409 qui

209 399 500 445 instruxerint
528 404 597 447 vel
631 410 757 459 gesta
793 403 1010 447 admissae
1043 406 1271 470 petitionis
1315 409 1544 462 ediderint,

211 459 236 499 2
294 456 512 501 bonorum
549 459 873 516 proscriptione
907 459 1056 515 puniri
1094 461 1381 509 decernimus.
1439 464 1545 508 Pari

209 512 353 556 forma
394 526 465 558 res
509 516 639 558 etiam
684 515 832 559 civiles
873 518 917 557 et
952 515 1010 558 ad
1047 517 1116 560 ius
1153 519 1376 573 publicum
1405 520 1542 575 perti·

211 573 367 612 nentes
406 570 462 613 ab
494 571 610 614 omni
639 570 852 626 petitione
880 572 1139 616 muniendas
1172 587 1271 619 esse
1301 588 1542 625 censemus,

210 623 380 669 scilicet
417 637 499 669 nee
537 626 809 682 pragmatica
845 626 1040 671 iussione
1076 629 1144 672 vel
1183 643 1314 675 sacra
1356 631 1542 675 adnota-

210 679 331 724 tione
366 681 436 724 vel
474 682 674 737 quolibet
711 682 891 725 oraculo
934 683 1078 727 divino
1117 698 1195 729 seu
1234 687 1467 739 mandam,
1504 686 1543 729 si

209 747 298 790 qua
337 741 492 780 contra
527 737 646 781 hanc
684 737 956 781 sanctionem
987 744 1182 784 nostram
1212 742 1378 786 fuerint
1404 742 1541 797 impe-

208 796 346 843 trata,
387 791 692 848 quodcumque
729 793 904 837 roboris
943 794 1108 840 habere
1145 797 1358 842 valituris.
1422 797 1478 842 D.
1509 808 1544 841 x

206 846 251 910 Ιτζ
289 846 400 892 Mai.
439 846 831 907 Constantinopoli
862 848 1111 896 Theodosio
1140 855 1191 898 A.
1223 865 1362 898 XVIII
1395 859 1438 898 et
1465 852 1542 897 Al-

206 901 312 946 bino
340 915 485 948 conss.
1354 913 1411 962 [a.
1442 910 1541 961 444]

809 1020 942 1069 XIII.

483 1100 562 1140 DE
589 1100 685 1142 1118
716 1100 813 1147 QUI
843 1102 911 1142 SE
940 1103 1260 1146 DEFERUNT.

263 1179 286 1226 1
324 1179 460 1239 'Imp.
501 1180 822 1247 Constantinus
856 1184 910 1229 A.
953 1185 1255 1229 rationalibus
1293 1185 1540 1243 Hispania-

203 1248 315 1301 rum.
383 1237 450 1290 Is,
490 1250 616 1282 cuius
651 1239 817 1282 tacitae
853 1239 957 1284 fidei
987 1241 1222 1285 commissa
1250 1241 1385 1285 fuerit
1411 1242 1539 1284 here-

203 1290 340 1344 ditas,
378 1293 527 1336 statim
566 1294 714 1338 officio
742 1295 969 1350 gravitatis
1000 1299 1107 1340 tuae
1134 1298 1310 1341 nuntiet
1339 1301 1384 1341 et
1410 1303 1538 1351 gesta

202 1347 363 1403 prodat
391 1353 438 1392 et
465 1350 677 1394 continuo
708 1351 826 1416 quod
856 1356 1005 1395 actum
1041 1351 1176 1396 fuerit
1210 1352 1454 1406 renuntiet,
1494 1358 1540 1396 et

201 1408 306 1459 post
332 1405 450 1449 hanc
477 1406 609 1449 fidem
637 1411 813 1450 tertiam
843 1407 900 1450 ab
931 1408 1136 1451 omnibus
1177 1408 1373 1451 defuncti
1410 1409 1538 1452 bonis

203 1464 223 1524 1
317 1460 408 1503 erci
440 1460 504 1504 iat
531 1461 795 1517 portionem.
863 1462 992 1518 Quod
1020 1463 1059 1507 si
1089 1464 1146 1507 ab
1175 1476 1314 1508 uxore
1342 1463 1539 1507 defuncti

201 1516 290 1559 istu
361 1516 412 1560 of
443 1517 510 1561 cio
551 1517 795 1562 devotionis
833 1522 939 1562 tuae
967 1518 1100 1562 fuerit
1139 1518 1403 1571 revelatum,
1442 1520 1540 1575 ipsa

201 1571 347 1626 etiam,
379 1585 510 1638 quam
539 1572 776 1617 defunctus
807 1586 906 1618 esse
934 1574 1076 1618 uoluit
1103 1574 1321 1627 heredem,
1352 1575 1391 1618 si
1413 1580 1540 1630 gesta

202 1633 438 1682 aperuerit,
468 1629 547 1672 tali
570 1630 766 1684 praemio
789 1629 1080 1685 mancipetur,
1104 1632 1157 1672 ut
1180 1642 1235 1673 ex
1261 1630 1379 1674 omni
1400 1630 1538 1685 patri-

202 1683 347 1727 monio
390 1685 583 1727 medium
627 1697 761 1728 conse
792 1690 927 1728 uatur
967 1688 1013 1728 et
1056 1686 1187 1728 cum’
1230 1684 1340 1729 fisco
1384 1691 1538 1729 nostro

202 1739 398 1783 celebret
434 1740 710 1794 divisionem,
749 1741 765 1784 i
835 1740 968 1784 etiam
1004 1740 1213 1783 habitura
1249 1741 1538 1796 privilegium,

201 1797 253 1838 ut
292 1794 418 1850 prior
460 1795 594 1850 eligat
636 1796 906 1850 portionem:
952 1797 998 1839 et
1037 1800 1146 1839 tunc
1185 1796 1430 1840 occultator
1464 1796 1540 1839 ille

199 1854 443 1903 gestorum,
488 1850 587 1894 fisci
625 1853 671 1894 et
705 1851 901 1895 mulieris
942 1852 1109 1907 pariter
1150 1851 1377 1904 inimicus,
1429 1863 1539 1895 exu-

199 1910 273 1949 tus
317 1906 438 1950 omni
471 1906 739 1962 patrimonio
779 1919 859 1950 suo
898 1919 952 1951 ac
989 1907 1100 1951 fisco
1129 1907 1350 1951 vindicato
1393 1907 1440 1950 in
1470 1906 1539 1950 in-

199 1961 341 2006 sulam
370 1961 643 2018 deportetur.
701 1962 757 2007 D.
787 1962 848 2006 id.
877 1961 1016 2007 Mart.
1050 1961 1286 2007 Gallicano
1315 1969 1361 2007 et
1387 1962 1539 2007 Basso

199 2029 344 2062 conss.
1352 2022 1409 2073 [a.
1441 2022 1539 2071 317]

790 2134 951 2185 ΧΙΙΠ.

201 2214 252 2254 ΒΙ
289 2214 724 2256 LIBERALITATIS
767 2215 1099 2257 IMPERIALIS
1142 2215 1365 2258 SOCIUS⁴
1408 2215 1541 2256 SINE

563 2271 800 2311 HEREDE
829 2271 1170 2314 DEFECERIT.

260 2350 283 2397 1
322 2350 456 2410 ⁸Imp.
482 2350 771 2397 Constantius
793 2353 868 2397 A.⁶
900 2351 1059 2398 Orioni
1088 2351 1242 2396 comiti
1268 2365 1418 2395 rerum
1439 2351 1540 2415 pri-

203 2413 420 2452 vatarum.
479 2408 708 2462 Iubemus,
748 2413 810 2460 ut,
842 2408 881 2452 si
911 2409 1008 2463 quis
1037 2408 1152 2452 forte
1180 2421 1237 2452 ex
1265 2407 1348 2459 his,
1379 2408 1540 2462 quibus

203 2463 491 2508 communiter
518 2477 547 2508 a
576 2465 703 2508 nobis
734 2464 901 2520 aliquid
930 2465 1141 2508 donatum
1170 2465 1228 2508 sit
1240 2464 1270 2517 ⁷,
1310 2463 1433 2506 nullo
1463 2463 1539 2505 he-

202 2520 305 2563 rede
347 2520 501 2564 relicto
543 2520 804 2573 decesserit,
851 2520 909 2564 ad
950 2526 1199 2564 consortem
1237 2519 1385 2575 potius
1425 2520 1541 2562 sola-

202 2577 318 2619 cium
357 2588 488 2631 quam
527 2576 585 2620 ad
621 2589 859 2632 personam
898 2576 1030 2620 aliam
1067 2588 1173 2640 pars
1209 2575 1436 2632 perveniat
1466 2574 1541 2617 de-

204 2631 412 2675 cedentis.
469 2631 524 2676 D.
550 2644 620 2676 xv
645 2631 690 2676 lc.
717 2632 803 2677 Iul.
827 2631 1076 2677 Mediolani
1100 2631 1316 2689 Philippo
1347 2639 1390 2674 et
1414 2629 1542 2738 Salic}

202 2700 346 2732 conss.
628 2699 631 2701 ·
1354 2690 1410 2739 [a.
1444 2690 1523 2730 348

821 2803 929 2852 XV.

659 2885 736 2926 DE
765 2884 1094 2928 THESAURIS.

261 2967 283 3014 1
324 2966 488 3026 ⁸Impp.
526 2967 618 3012 Leo
658 2971 704 3011 et
742 2966 863 3011 Zeno
901 2968 991 3012 AA.
1032 2965 1081 3010 Ε
1107 2965 1227 3010 inico
1268 2963 1500 3008 consulari
1511 2964 1542 3008 ⁹.

202 3022 343 3068 Nemo
365 3024 412 3067 in
437 3028 664 3079 posterum
689 3035 824 3078 super
848 2980 1111 3078 requirente>
1136 3021 1184 3064 in
1206 3034 1288 3064 suo
1306 3020 1373 3063 vel
1396 3020 1541 3063 alieno

203 3079 300 3122 loco
343 3079 553 3122 thesauro
592 3079 661 3121 vel
705 3090 839 3132 super
881 3078 1060 3120 invento
1100 3078 1157 3119 ab
1197 3077 1284 3119 alio
1325 3075 1392 3118 vel
1428 3087 1458 3117 a
1495 3086 1543 3118 se

203 3133 354 3177 effusis
392 3134 602 3189 precibus
641 3133 816 3188 pietatis
848 3138 1030 3176 nostrae
1057 3131 1271 3185 benignas
1301 3142 1431 3173 aures
1461 3141 1542 3172 au-

206 3195 223 3233 1
288 3189 392 3232 deat
427 3189 674 3232 molestare.
741 3187 858 3231 Nam
896 3188 942 3230 in
977 3187 1071 3230 suis
1101 3187 1274 3242 quidem
1304 3185 1413 3229 locis
1443 3185 1541 3227 uni-

207 3244 376 3300 cuique,
406 3244 640 3287 dummodo
672 3243 767 3286 sine
797 3243 1023 3287 sceleratis
1054 3256 1108 3286 ac
1138 3241 1371 3297 puniendis
1402 3240 1542 3284 sacri·

204 3301 314 3344 ficiis
335 3303 417 3344 aut
441 3301 527 3343 alia
551 3299 749 3355 qualibet
773 3303 871 3343 arte
894 3299 1062 3354 legibus
1090 3298 1258 3349 odiosa,
1283 3297 1542 3340 thesaurum

204 3356 266 3407 (id
305 3362 373 3400 est
411 3355 590 3400 condita
625 3355 682 3398 ab
722 3354 882 3410 ignotis
922 3354 1109 3398 dominis
1149 3358 1347 3408 tempore
1394 3356 1542 3395 vetus-

204 3412 316 3455 tiore
343 3411 540 3463 mobilia)
570 3423 781 3466 quaerere
805 3414 852 3454 et
875 3410 1050 3454 invento
1076 3410 1142 3452 uti
1171 3409 1355 3452 liberam
1384 3406 1542 3449 tribui-

204 3481 300 3511 mus
329 3468 600 3518 facultatem,
635 3478 692 3508 ne
720 3466 906 3510 ulterius
936 3466 1006 3509 dei
1036 3464 1298 3508 beneficium
1327 3461 1543 3505 invidiosa

206 3523 427 3567 calumnia
464 3524 778 3578 persequatur,
818 3524 869 3565 ut
897 3521 1169 3577 superfluum
1197 3520 1255 3564 sit
1284 3519 1369 3563 hoc
1397 3516 1541 3572 preci-

207 3580 288 3623 bus
324 3580 571 3635 postulare,
611 3577 730 3632 quod
767 3577 854 3619 iam
891 3577 988 3632 lege
1022 3576 1284 3632 permissum
1314 3577 1404 3627 est,
1448 3578 1493 3616 et
1507 3573 1542 3637 {⁰

205 3634 514 3690 imperatoriae
551 3633 926 3688 magnanimitatis
965 3632 1168 3676 videatur
1206 3629 1462 3687 praevenire
1490 3628 1542 3672 11-

208 3779 256 3827 (1)
272 3778 330 3817 eie
346 3776 467 3825 Nov.,
491 3779 532 3814 et
547 3777 621 3816 ins.
641 3775 736 3814 libri
806 3775 861 3824 (2)
883 3794 938 3809 =
958 3774 1030 3814 Th.
1053 3776 1114 3821 11),
1131 3782 1209 3821 11,1
1285 3775 1339 3820 (3)
1355 3783 1442 3810 eam
1469 3769 1542 3809 Th.

206 3834 260 3883 (4)
289 3831 325 3872 si
351 3830 567 3883 petitionis
595 3829 729 3869 socius
762 3829 835 3870 le.
864 3831 928 3880 10,
954 3837 1008 3879 14,
1038 3830 1089 3881 es.
1112 3831 1228 3876 10,12
1315 3828 1370 3876 (5)
1393 3845 1450 3861 ==
1469 3824 1542 3865 Th.

211 3890 274 3939 11),
304 3895 358 3937 14,
389 3896 409 3927 2
439 3886 484 3927 Β
515 3888 582 3935 56,
612 3894 646 3935 7,
677 3893 719 3927 12
847 3887 904 3934 (6)
934 3893 1006 3924 aut
1033 3884 1131 3936 imp.
1162 3882 1364 3923 Constans
1393 3884 1443 3922 A.
1473 3888 1545 3921 aut

207 3945 332 3995 impp.
361 3941 628 3981 Constantius
657 3942 698 3980 et
722 3941 924 3980 Constans
941 3940 1027 3980 ΔΑ.
1057 3939 1183 3980 scribi
1210 3940 1347 3979 debuit
1424 3938 1480 3988 (⁸1)
1508 3935 1544 3975 si

207 4000 281 4050 qui
323 3997 496 4039 forsitan
540 4009 589 4036 ex
627 3996 692 4035 his
731 3996 804 4046 qui
843 3994 1115 4035 communiter
1153 3992 1314 4045 aliquid
1349 3993 1544 4043 impetra-

209 4053 345 4094 verint
377 4054 451 4094 Th.
588 4053 645 4101 (8)
674 4053 709 4090 B
740 4053 806 4101 56,
839 4060 872 4102 7,
902 4059 945 4092 43
1079 4049 1136 4099 (9)
1167 4049 1309 4089 comiti
1337 4059 1544 4088 sacrarum

207 4109 474 4161 largitionum
506 4124 582 4148 ser.
668 4109 742 4156 (1ο)
772 4109 813 4145 et
848 4106 898 4154 K,
929 4107 978 4145 ut
1013 4106 1048 4146 Ο
1130 4107 1200 4154 (11)
1228 4106 1287 4145 sie
1316 4105 1409 4144 dett.
1440 4102 1543 4142 libe·

207 4165 443 4205 ralitatibus
484 4164 528 4203 K
534 4163 568 4204 O
735 4163 810 4210 (12)
849 4161 984 4200 inhiet
1022 4161 1143 4211 Hal.‚
1184 4160 1385 4199 inmineat
1421 4158 1544 4208 Kao,

1543 87 1638 146 401

2665 95 2716 147 X
2758 98 2958 147 12-16

1630 247 1656 288 2
1714 243 1926 289 beralitas
1939 244 1974 272 ¹¹
2011 242 2287 302 postulanda.
2356 243 2409 287 In
2446 243 2602 288 alienis
2640 256 2743 288 vero
2782 244 2959 288 terrulis

1628 312 1757 344 nemo
1794 300 1954 344 audeat
1980 297 2150 345 invitis,
2188 302 2317 343 immo
2353 312 2435 343 nec
2463 300 2710 345 volentibus
2739 300 2807 343 vel
2835 300 2959 355 igno-

1627 356 1830 400 rantibus
1868 355 2052 400 dominis
2089 367 2197 408 opes
2235 354 2410 399 abditas
2441 368 2522 399 suo
2551 357 2727 400 nomine
2755 368 2958 411 perscru-

1629 415 1652 454 3
1711 412 1809 455 tari.
1869 411 1995 466 Quod
2034 411 2071 455 si
2100 410 2228 454 nobis
2258 423 2392 466 super
2420 411 2505 455 hoc
2534 411 2692 466 aliquis
2724 411 2960 454 crediderit

1627 467 1966 522 supplicandum
2009 474 2087 509 aut
2127 470 2304 520 praeter
2346 466 2476 510 huius
2523 466 2630 520 legis
2674 473 2870 509 tenorem
2912 466 2959 508 in

1600 554 1607 557 »
1626 522 1772 566 alieno
1795 523 1895 567 loco
1917 523 2173 566 thesaurum
2196 525 2421 565 scrutatus
2446 522 2671 573 invenerit,
2702 525 2845 564 totum
2874 521 2958 564 hoc

1625 577 1823 620 locorum
1861 577 2037 621 domino
2077 576 2234 620 cedere
2269 577 2557 632 compellatur
2594 581 2640 620 et
2666 576 2784 618 velut
2822 579 2957 619 teme-

1626 636 1652 673 4
1709 636 1833 676 rator
1859 632 1969 686 legis
1998 631 2315 675 saluberrimae
2344 632 2567 687 puniatur.
2622 630 2749 686 Quod
2779 630 2817 674 si
2845 631 2961 674 forte

1625 686 1695 729 vel
1743 686 1912 730 arando
1953 687 2023 730 vel
2074 687 2185 730 alias
2227 693 2393 730 terram
2435 686 2624 728 alienam
2667 685 2851 728 colendo
2894 687 2959 728 vel

1625 753 1900 796 quocumque
1929 753 2052 792 casu,
2081 754 2171 784 non
2201 741 2347 784 studio
2378 739 2700 794 perscrutandi,
2730 740 2777 782 in
2807 740 2960 783 alienis

1623 796 1734 840 locis
1769 797 2025 839 thesaurum
2067 795 2301 847 invenerit,
2339 795 2385 837 id
2425 794 2544 849 quod
2576 797 2800 850 repertum
2829 795 2963 838 fuerit

1624 850 1804 895 dimidia
1844 854 2019 894 retenta
2061 849 2202 892 altera
2244 850 2351 892 data
2394 861 2495 892 cum
2535 849 2734 893 locorum
2785 849 2961 893 domino

1655 906 1858 950 artiatur.
1923 906 1989 948 ita
2032 905 2150 947 enim
2193 905 2385 958 eveniet,
2430 909 2481 947 ut
2522 918 2636 948 unus
2669 905 2825 959 uisque
2869 906 2961 948 suis

1642 967 1800 1007 ruatur
1828 964 1873 1006 et
1899 973 1990 1005 non
2018 959 2160 1003 inhiet
2172 960 2208 986 ¹²
2236 959 2408 1004 alienis.
2452 958 2508 1004 D.
2535 971 2584 1003 η
2608 960 2626 1003 i
2659 993 2669 1004 .
2697 959 2789 1004 Oct.
2813 959 2963 1004 Leone

1622 1019 1801 1063 iuniore
1828 1021 1879 1062 A.
1911 1029 2033 1061 cons.
2773 1019 2830 1069 [a.
2863 1020 2961 1068 474]

2208 1186 2378 1238 XV1.¹⁸

1914 1270 1992 1310 nn
2020 1269 2257 1310 ANNONA
2283 1268 2359 1310 ΕΤ
2389 1268 2660 1310 'rnmtms

1682 1350 1704 1397 1
1746 1350 1847 1394 “At
1874 1346 2164 1404 σχολάζουσαι
2191 1348 2244 1392 τὸ
2265 1348 2425 1394 λοιπὸν
2448 1347 2636 1393 ἆννόναι
2660 1355 2735 1392 καὶ
2757 1350 2805 1392 αἱ
2830 1366 2960 1407 κεφα-

1734 1402 1925 1448 λιτιόναι
1976 1408 2043 1461 τῷ
2094 1404 2293 1461 δημοσίῳ
2339 1404 2742 1449 διεκὸικείσθωσαν
2784 1409 2858 1447 καὶ
2901 1405 2963 1473 ,aq

1735 1461 2096 1517 διαιρείσθωσαν
2148 1461 2271 1518 παρὰ
2322 1464 2421 1505 τῶν
2471 1458 2704 1530 ἀρχόντων
2745 1462 2907 1517 ἑτέροις
2935 1478 2963 1515 η

1732 1520 1792 1560 εἰς
1821 1514 2010 1572 δημόσια
2038 1518 2146 1576 ἔργα
2175 1515 2277 1570 δίχα
2306 1518 2435 1560 &slav
2459 1533 2602 1560 τυπου
2627 1521 2701 1559 καὶ
2726 1516 2810 1571 τὴν
2833 1515 2963 1559 δόσιν

1732 1576 1806 1616 καὶ
1850 1572 1932 1615 τὸν
1974 1570 2146 1630 τρόπον
2187 1575 2267 1615 τοῦ
2312 1572 2630 1628 δαπανήματος
2679 1570 2962 1630 διορίζοντος.

1733 1626 1844 1670 ἀλλὰ
1879 1632 1911 1682 μ
1942 1626 1991 1670 δὲ
2029 1632 2077 1670 ἐκ
2115 1629 2195 1670 τοῦ
2234 1627 2447 1684 δημοσίου
2485 1628 2673 1671 κανόνος
2707 1630 2766 1671 εἰς
2795 1626 2960 1670 ἰδιωτι-

1733 1682 1814 1726 κὸν
1850 1679 1878 1737 ἢ
1911 1645 2132 1738 7ὁλημόσιον
2169 1684 2300 1742 ἔργον
2338 1681 2441 1727 ὗλαι
2481 1701 2653 1740 μεταφε
2682 1685 2900 1726 ε’σθωσαν
2937 1681 2963 1735 ἢ

1734 1740 1794 1781 εἰς
1827 1736 2075 1797 ἄγορασίαν
2111 1735 2236 1781 ὑλῶν
2271 1738 2476 1796 χρήματα
2519 1738 2648 1782 διὸόσ
2691 1754 2818 1781 ωσαν
2859 1738 2963 1781 ἄνευ

1735 1794 1866 1836 θείου
1909 1791 2065 1837 τύπου.
2135 1796 2214 1836 τοῦ
2260 1799 2624 1851 παραβαίνοντος
2674 1795 2859 1836 οἴκοθεν
2910 1793 2963 1836 τὸ

1735 1845 1952 1904 δημόσιον
1989 1848 2282 1907 πληροῦντας,
2323 1853 2398 1890 καὶ
2433 1851 2511 1891 τοῦ
2551 1849 2810 1906 προσφόρσυ
2847 1863 2964 1906 σκρι-

1734 1909 1834 1947 νίου
1860 1902 2128 1963 βαρυτάτοις
2156 1907 2395 1959 ἐπιτιμίοις
2423 1899 2724 1959 ὑποκειμένου.

1681 1959 1713 2006 2
1752 1959 1900 2019 Impp.
1951 1960 2222 2004 Valerianus
2258 1967 2302 2003 et
2343 1960 2574 2004 Gallienus
2612 1961 2706 2004 AA.
2745 1966 2798 2010 et,
2839 1959 2967 2004 Vale·

1622 2017 1783 2061 rianus
1814 2017 1856 2061 C.
1888 2015 2127 2060 Antiocho.
2185 2017 2276 2059 Aes
2315 2015 2493 2072 quidem
2531 2015 2724 2059 alienum
2751 2028 2833 2071 pro
2862 2028 2966 2071 por·

1564 2111 1568 2114 .
1623 2073 1844 2127 tionibus,
1887 2085 1943 2116 ex
1986 2084 2075 2127 qua
2088 2073 2124 2098 ¹⁸
2162 2071 2348 2128 quisque
2387 2071 2597 2115 defuncto
2640 2072 2769 2115 heres
2806 2071 2964 2123 extitit,

1623 2134 1854 2184 praestare
1892 2132 2091 2194 oportet,
2132 2139 2333 2172 annonas
2366 2132 2516 2171 autem
2555 2127 2594 2171 is
2625 2127 2794 2171 solvere
2824 2127 2965 2180 debet,

1625 2185 1702 2284 gui
1730 2196 2037 2240 possessiones
2066 2188 2188 2227 tenet
2215 2188 2261 2227 et
2288 2182 2462 2226 fructus
2492 2183 2694 2238 percipit.
2743 2181 2838 2226 PP.
2870 2216 2880 2227 .
2912 2216 2922 2226 .
2954 2216 2965 2227 .

1662 2241 1872 2284 aeeulare
1900 2246 1945 2284 et
1972 2238 2157 2283 Donato
2188 2251 2332 2282 conss,
2779 2242 2835 2290 [a.
2867 2241 2964 2289 260]

1682 2293 1712 2341 3
1760 2294 1872 2352 Imp.
1903 2293 2070 2338 Decius
2097 2296 2150 2337 A.
2192 2292 2360 2337 Citicio.
2428 2293 2698 2337 Indictiones
2739 2305 2829 2336 non
2864 2305 2963 2348 per-

1625 2351 1760 2404 sonis,
1789 2350 1868 2394 sed
1896 2351 2032 2393 rebus
2060 2349 2197 2393 indici
2225 2350 2389 2392 solent:
2426 2355 2468 2392 et
2497 2349 2609 2401 ideo,
2639 2361 2697 2391 ne
2724 2349 2844 2391 ultra
2871 2361 2963 2391 mo·

1626 2408 1729 2450 dum
1769 2405 2009 2449 earundem
2045 2405 2376 2460 possessionum
2414 2416 2526 2459 quas
2566 2403 2767 2460 possides
2806 2416 2964 2447 conve·

1625 2462 1785 2515 niaris,
1826 2473 2006 2517 praeses
2043 2460 2298 2517 provinciae
2335 2459 2589 2515 prospiciet.
2649 2458 2744 2503 PP.
2776 2470 2892 2502 Χνη
2919 2458 2963 2503 lc.

1626 2519 1739 2562 Nov.
1770 2518 2021 2561 Aemiliano
2051 2522 2097 2561 et
2122 2516 2336 2573 Aquilino
2368 2528 2511 2559 conss.
2776 2518 2832 2567 [a.
2865 2518 2963 2567 249]

1681 2573 1712 2619 4
1749 2572 1898 2630 ¹⁶Imp.
1934 2573 2252 2617 Constantinus
2278 2572 2331 2615 A.
2362 2570 2423 2614 ad
2451 2570 2756 2614 Proclianum.
2802 2569 2964 2614 Omnes

1626 2630 1849 2686 pensitare
1887 2628 2132 2682 debebunt,
2172 2638 2287 2683 quae
2326 2638 2483 2670 manus
2521 2631 2702 2669 nostrae
2717 2627 2752 2652 ¹⁷
2791 2626 2964 2680 delega-

1626 2686 1821 2729 tionibus
1850 2684 2188 2736 adscribuntur,
2227 2682 2339 2725 nihil
2370 2681 2560 2737 amplius
2590 2681 2804 2736 exigendi.
2863 2693 2966 2724 nam

1626 2742 1666 2784 si
1705 2741 1803 2795 quis
1839 2740 2031 2783 vicarius
2074 2744 2153 2782 aut
2191 2743 2340 2782 rector
2376 2737 2631 2793 provinciae
2669 2736 2837 2793 aliquid
2878 2737 2966 2780 iam

1627 2797 1832 2851 cuiquam
1858 2795 2097 2840 crediderit
2118 2793 2440 2846 remittendum,
2468 2792 2586 2848 quod
2611 2793 2709 2837 aliis
2733 2792 2965 2845 remiserit,

1627 2854 1680 2896 de
1710 2852 1901 2908 propriis
1931 2852 2037 2894 dare
2066 2849 2354 2894 facultatibus
2385 2848 2683 2904 compelletur.
2738 2847 2792 2892 D.
2825 2859 2897 2891 xv
2920 2847 2963 2891 lc.

1629 2909 1714 2952 lul.
1736 2908 2028 2951 Constantino
2050 2909 2103 2951 A.
2121 2917 2213 2950 1111
2233 2911 2279 2949 et
2296 2904 2472 2948 Licinio
2488 2915 2580 2946 1111
2602 2916 2745 2946 conss.
2787 2906 2846 2956 [a.
2866 2907 2964 2955 315]

1685 2962 1714 3009 5
1767 2962 1914 3019 ¹⁸Imp.
1965 2961 2254 3006 Constantius
2297 2963 2348 3004 A.
2397 2959 2456 3002 ad
2506 2957 2730 3002 Uranium.
2804 2957 2964 3002 Omnes

1629 3019 1805 3063 omnino
1863 3018 1921 3060 ad
1978 3017 2246 3060 oblationem
2303 3014 2583 3058 functionum
2639 3013 2917 3069 publicarum
2932 3013 2966 3038 ¹⁹

1627 3078 1804 3130 oportet
1831 3072 2022 3126 urgueri.
2084 3073 2178 3127 lege
2210 3071 2326 3115 enim
2355 3075 2508 3114 nostra
2537 3069 2755 3123 signatum
2785 3071 2854 3111 est
2882 3079 2964 3111 nec

1628 3142 1725 3173 esse
1757 3126 2108 3171 extraordinaria
2136 3139 2217 3170 nec
2246 3126 2409 3177 vocari,
2450 3136 2563 3180 quae
2592 3123 2908 3168 sollemniter²⁰
2937 3135 2965 3166 a

1627 3183 1970 3240 provincialibus
1985 3182 2274 3225 devotissimis
2288 3179 2554 3224 conferenda
2569 3185 2686 3222 sunt.
2713 3178 2768 3223 D.
2782 3190 2850 3222 111
2857 3191 2963 3223 non.

1627 3240 1754 3284 Febr.
1790 3237 2055 3283 Constantio
2081 3241 2132 3282 A.
2167 3249 2212 3280 Π
2238 3244 2283 3280 et
2315 3235 2555 3280 Constante
2584 3248 2727 3278 conss.
2781 3238 2838 3286 [a.
2866 3237 2962 3286 339]

1684 3294 1715 3341 6
1746 3293 1932 3357 ²¹Irnpp.
1975 3293 2318 3336 Valentinianus
2347 3299 2393 3335 et
2429 3291 2595 3334 Valens
2623 3293 2715 3334 AA.
2757 3289 2818 3333 ad
2846 3288 2965 3333 Dra-

1627 3350 1823 3394 eontium
1854 3350 2069 3393 vicarium
2092 3348 2293 3403 Africae.
2345 3347 2432 3390 Pro
2462 3346 2571 3390 locis
2602 3359 2656 3389 ac
2686 3345 2964 3401 proximitate

1626 3405 1953 3461 possessionum
1994 3415 2214 3447 annonam
2254 3403 2311 3446 ad
2351 3403 2529 3445 limitem
2572 3401 2800 3445 transvehi
2834 3413 2963 3456 prae-

1629 3462 1813 3516 cipimus
1827 3462 1878 3503 ²².
1940 3459 1995 3504 D.
2023 3470 2094 3502 XV
2123 3459 2166 3502 lc.
2199 3457 2327 3501 Iul.²⁸
2358 3457 2606 3501 Mediolani
2648 3456 2962 3500 Valentiniano

1627 3526 1667 3560 et
1710 3516 1895 3559 Valente
1928 3515 2013 3559 ΑΑ.
2045 3527 2189 3557 conss
2774 3515 2829 3562 [a.
2864 3513 2961 3561 365]

1684 3570 1711 3616 7
1756 3570 1977 3629 ‘²⁴Imppp.
2018 3567 2265 3612 Gratianus
2304 3569 2648 3612 Valentinianus
2687 3574 2732 3610 et
2764 3565 2962 3608 Theodo-

1625 3627 1721 3670 sius
1757 3627 1888 3671 AAA.
1932 3624 1991 3669 ad
2027 3623 2307 3682 Principium
2335 3639 2419 3683 pp.
2490 3625 2541 3666 ln
2580 3621 2780 3664 fraudem
2823 3632 2962 3662 anno·

2720 3712 2955 3719 .-m—-n-

1627 3767 1735 3807 iniat
1757 3765 1836 3817 K⁶‚
1861 3763 2024 3804 inhibet
2046 3765 2138 3804 dett.
2223 3766 2296 3814 (13)
2320 3763 2365 3804 Β
2389 3765 2454 3810 56,
2481 3771 2498 3802 s
2587 3763 2730 3810 (miz
2749 3759 2790 3798 B
2807 3761 2872 3808 56,
2891 3767 2959 3808 s,i

1627 3824 1702 3875 (15)
1732 3834 1814 3873 qua
1845 3822 1959 3872 100,
1990 3819 2140 3871 quibus
2160 3818 2224 3860 Κο
2280 3822 2356 3866 (ιθ)
2381 3838 2434 3853 ==
2455 3818 2525 3856 Th.
2550 3820 2684 3865 11,ι.ι
2744 3815 2961 3863 (ιηιιιιιιιιι

1627 3880 1768 3918 nostra
1803 3877 1873 3917 Th.
2015 3878 2091 3927 (18)
2119 3895 2174 3911 a
2208 3875 2280 3915 Th.
2318 3877 2378 3923 11,
2411 3882 2439 3923 1,
2471 3882 2491 3912 5
2624 3873 2698 3919 (19)
2731 3869 2961 3908 oblationes

1625 3933 1899 3986 pecuniarum
1935 3932 2006 3971 Th.
2126 3931 2207 3981 (2ο)
2236 3927 2468 3981 specialiter
2504 3926 2573 3966 Th.
2697 3928 2770 3976 (21)
2805 3946 2853 3959 22
2888 3925 2959 3965 Th.

1634 3992 1696 4039 11,
1728 3999 1757 4039 1,
1787 3999 1839 4029 11.
1873 3990 1991 4040 iunye
2022 3986 2093 4026 Th.
2114 3988 2178 4034 11,
2205 3996 2233 4034 1,
2263 3995 2300 4026 1ο
2386 3984 2465 4033 (22)
2495 3993 2660 4021 annona
2690 3980 2739 4018 ad
2771 3979 2796 4017 1.
2828 3983 2959 4017 truns-

1627 4045 1802 4084 vehatur
1829 4042 1902 4082 Th.
1961 4043 2039 4092 (23)
2056 4041 2191 4081 d.1vi
2223 4042 2264 4079 k.
2284 4040 2375 4078 Iun.
2399 4039 2468 4078 Th.
2495 4040 2659 4087 11,1,1ο
2717 4038 2866 4084 (zu-r:
2889 4035 2959 4074 Th.

1634 4104 1669 4150 1,
1698 4102 1734 4150 2,
1764 4109 1799 4139 s.
1839 4101 1900 4149 11,
1929 4107 1960 4148 ι,
1990 4106 2036 4138 ²0

209 4243 2954 4285 *mm—‘m

264 4309 370 4356 XVI
397 4313 420 4360 1
465 4313 683 4357 Vacantes
698 4323 908 4354 annonae
929 4315 975 4354 et
987 4309 1128 4366 capiti
1141 4308 1294 4352 deince
1327 4321 1350 4350 s
1356 4306 1543 4365 publico
1629 4304 1844 4346 materiae
1898 4300 2239 4356 transferantur
2282 4296 2350 4340 vel
2401 4296 2449 4338 in
2500 4293 2708 4338 emendas
2749 4293 2963 4336 materias

209 4370 489 4414 vindicentur
518 4382 660 4426 neque
689 4382 718 4411 a
740 4365 1030 4425 praesidibus
1058 4365 1106 4407 in
1130 4364 1248 4407 alios
1301 4362 1543 4406 istribuan·

213 4434 286 4468 tur
314 4424 382 4470 vel
408 4426 454 4467 in
487 4438 628 4481 opera
690 4423 836 4465 ubliea
864 4421 961 4464 sine
988 4420 1320 4530 saerafisorma,
1388 4431 1473 4460 uae
1501 4420 1547 4460 et

213 4480 436 4523 dationem
474 4489 521 4527 et
554 4478 732 4523 motum
762 4476 1042 4533 eroqationis
1069 4475 1123 4519 de
1158 4475 1237 4518 nit.
1294 4487 1343 4518 se
1403 4485 1546 4529 neque

213 4548 274 4578 ex
310 4534 488 4591 publico
528 4549 701 4579 canone
740 4536 786 4577 in
819 4532 1051 4590 privatum
1080 4529 1150 4574 vel
1168 4527 1400 4587 publicum
1431 4540 1546 4584 opus

1620 4371 1845 4416 pecuniae
1880 4356 2043 4400 dentur
2079 4356 2175 4398 sine
2213 4365 2346 4395 sacra
2382 4352 2551 4407 forma.
2618 4350 2697 4412 qui
2733 4347 2782 4391 id
2815 4347 2960 4404 περίσ-

1629 4420 1729 4471 yet,
1767 4418 1822 4456 ae
1858 4425 1942 4455 suo
1974 4410 2162 4469 publico
2201 4407 2425 4469 restituet,
2461 4412 2507 4448 et
2541 4417 2758 4447 scrinium
2787 4417 2953 4460 compe-

1633 4477 1728 4512 tens
1756 4466 2032 4524 oravissimis
2058 4464 2218 4523 poenis
2244 4461 2497 4506 subicietur.

2574 4589 2624 4628 ⁶1
