3094 4732
114 197 162 247 X
200 193 395 244 50-—53

167 339 195 387 3
226 337 348 382 Idem
362 335 451 379 AA.
468 330 681 376 Pr0telao
698 331 722 372 ¹.
771 327 993 372 Manifesti
1016 324 1121 368 iuris
1147 325 1214 366 est
1237 318 1424 363 maiores

112 391 420 452 quinquaginta
448 385 664 443 quinque²
692 383 819 427 annis
849 383 1006 426 invitos
1035 380 1091 423 ad
1121 387 1301 420 munera
1325 385 1425 430 per-

115 459 129 493 1
191 447 358 491 sonalia
385 442 531 486 vocari
559 453 647 483 non
675 450 819 494 posse.
879 438 987 482 Cum
1015 436 1161 498 itaque
1199 434 1425 496 septuage-

110 504 231 549 nario
267 500 478 546 maiorem
523 500 567 538 te
610 505 705 538 esse
748 491 1018 548 profitearis,
1057 502 1099 553 ⁸¹.
1129 490 1425 553 nommatione

108 560 226 603 facta
264 551 571 612 appellationis
610 547 819 592 auxilium
860 547 1182 600 interposu1st1,
1226 546 1341 584 tueri
1384 544 1428 583 te

107 613 281 658 notione
309 606 520 668 praesidis
549 603 797 662 provinciae
824 606 951 657 potes
979 601 1074 643 iure
1103 609 1327 643 concesso.

668 773 735 822 LI
771 772 865 834 (L).

605 855 703 902 QUI
730 853 932 895 MORBO.

165 942 188 989 1
226 941 337 999 Imp.
379 938 633 984 Gordianus
667 937 720 981 A.
760 935 983 981 Cassiano.
1043 933 1089 977 Si
1127 944 1178 975 ea
1218 930 1430 974 caecitate

108 1001 234 1055 pater
271 1001 373 1040 tuus
411 1006 647 1051 oppressus
687 994 773 1044 est,
813 995 863 1034 ut
890 990 1118 1045 utriusque
1148 987 1262 1031 oculi
1290 985 1430 1029 aciem
1473 989 1474 1030 J

107 1066 286 1109 prorsus
315 1051 527 1101 amiserit,
563 1049 850 1092 levamentum
878 1045 1172 1102 personalium
1202 1052 1430 1085 munerum
1473 1056 1475 1088 ς

107 1111 365 1219 Βωᾶᾐῗῆψρ.
393 1158 701 1203 Diocletianus
727 1161 772 1200 et
791 1155 1097 1199 Maximianus
1117 1153 1208 1197 AA.
1233 1149 1428 1194 Iuliano.

109 1221 214 1263 Cum
232 1213 459 1261 articulari
482 1213 634 1257 morbo
659 1211 932 1255 debilitatum
954 1215 998 1254 te
1022 1221 1119 1253 esse
1145 1208 1278 1260 dicas,
1305 1205 1431 1248 iuxta

107 1274 211 1317 iuris
236 1270 402 1337 publici
431 1268 737 1312 auctoritatem
767 1279 794 1310 a
831 1265 1136 1322 personalibus
1175 1261 1430 1306 muneribus

105 1331 375 1372 vacatlonem
403 1323 600 1368 habebis.

160 1381 188 1429 3
222 1382 343 1425 Idem
393 1380 484 1423 AA.
537 1383 582 1423 et
635 1376 712 1423 CC.
767 1374 916 1421 Celeri.
982 1375 1211 1428 Podagrae
1255 1372 1430 1429 quidem

103 1437 293 1482 valitudo
322 1448 405 1480 nec
432 1433 727 1490 personalium
757 1444 983 1475 munerum
1012 1431 1195 1486 prodest
1213 1429 1271 1472 ad
1297 1441 1429 1473 excu-

105 1494 336 1538 sationem:
378 1502 528 1535 verum
568 1502 666 1532 cum
704 1489 766 1530 ita
794 1491 838 1530 te
875 1486 1114 1530 valitudine
1152 1485 1314 1541 pedum
1351 1484 1429 1528 ad-

104 1550 267 1593 flictum
297 1547 432 1600 dicas,
462 1548 512 1589 ut
539 1545 669 1588 rebus
699 1542 889 1598 propriis
918 1543 1208 1586 intercessum
1238 1553 1429 1585 commo·

105 1606 206 1648 dare
248 1616 335 1647 non
377 1601 539 1658 possis,
582 1599 655 1642 adi
705 1604 917 1642 rectorem
955 1597 1230 1654 provinciae,
1303 1597 1351 1640 ui
1393 1595 1431 1640 si

103 1658 447 1714 adlegationibus
475 1656 563 1699 tuis
591 1654 718 1698 fidem
747 1653 902 1698 adesse
930 1654 1217 1710 perspexerit,
1249 1665 1275 1696 a
1331 1665 1428 1697 cor-

102 1714 270 1772 poralia
295 1724 478 1757 munera
505 1711 653 1756 vocari
681 1714 726 1753 te
754 1723 843 1754 non
871 1710 1079 1766 patietur.

158 1770 189 1817 4
220 1769 363 1814 ³Idem
397 1768 488 1812 AA.
526 1773 570 1811 et
609 1765 685 1811 CC.
723 1764 911 1821 Reqino.
971 1765 1112 1810 Casus
1150 1765 1289 1821 patris
1331 1778 1430 1808 cor-

102 1827 220 1884 poris
248 1837 476 1869 munerum
505 1821 803 1879 personalium
841 1821 931 1865 filio
969 1822 1064 1865 iure
1102 1834 1190 1865 non
1230 1823 1432 1877 praestat

103 1881 443 1926 excusationem.

640 2049 730 2096 Lu
767 2047 887 2108 (LI).

105 2135 180 2174 DE
222 2132 318 2173 HIS
358 2131 456 2177 QUI
498 2130 733 2170 NUMERO
776 2128 1106 2170 LIBERORUM
1144 2127 1258 2169 VEL
1302 2128 1432 2168 PAU·-

207 2187 462 2228 PERTATE
491 2185 846 2226 EXGUSATION
850 2185 933 2224 EM
962 2183 1321 2225 MERUERUNT.

161 2267 181 2314 1
220 2266 332 2324 Imp.
362 2265 623 2310 Alexander
649 2266 699 2308 A.
743 2263 1013 2309 Verecunda.
1072 2263 1292 2309 Numerus
1322 2265 1430 2309 libe-

102 2335 249 2368 rorum
277 2322 333 2365 ab
363 2321 605 2365 honoribus
634 2333 723 2364 non
754 2323 951 2363 excusat.

157 2377 187 2424 2
218 2377 330 2434 Imp.
368 2375 491 2420 Phili
520 2389 609 2433 pus
647 2378 698 2419 A.
743 2381 788 2420 et
828 2373 981 2432 Philip
1005 2385 1070 2419 >us
1116 2374 1158 2419 C.
1202 2373 1429 2420 Severino.

101 2434 261 2478 Filium
290 2434 345 2476 ab
375 2432 494 2476 hosti
527 2443 578 2475 us
609 2433 788 2487 captum
817 2443 870 2474 ac
898 2442 979 2474 nec
1012 2443 1083 2474 um
1122 2442 1344 2475 reversum
1374 2431 1432 2475 ad

103 2489 423 2534 excusationem
459 2500 688 2531 munerum
725 2486 1024 2543 personalium
1061 2485 1179 2543 patri
1215 2486 1432 2544 proficere

103 2559 185 2590 non
215 2556 346 2601 posse
373 2543 510 2600 magis
541 2543 722 2600 placuit.

155 2600 184 2647 3
216 2600 340 2645 Idem
361 2601 413 2644 A.
437 2605 480 2644 et
506 2597 547 2643 C.
575 2599 751 2643 Nonn0.
810 2598 1005 2655 Nepotes
1029 2598 1075 2642 in
1098 2599 1246 2643 locum
1270 2612 1430 2655 paren-

99 2660 193 2700 tum
222 2655 508 2700 succedentes
538 2655 631 2698 vice
661 2667 809 2698 eorum
845 2654 1057 2710 prodesse
1094 2658 1430 2700 consueverunt.

104 2717 121 2755 1
180 2712 241 2755 Et
267 2711 364 2755 ideo
395 2711 434 2754 si
462 2711 651 2766 quinque
675 2723 882 2754 numerus
906 2710 1143 2754 liberorum
1169 2724 1222 2755 ex
1245 2711 1429 2755 amisso-

101 2781 197 2811 rum
224 2767 412 2810 filiorum
441 2766 673 2821 nepotibus
706 2766 950 2822 suppletur,
989 2779 1016 2810 a
1044 2768 1299 2811 muneribus
1329 2780 1429 2822 per-

101 2823 325 2867 sonalibus
361 2821 422 2877 is,
460 2834 586 2877 quem
624 2824 797 2877 patrem
832 2824 957 2865 tuum
996 2834 1093 2866 esse
1132 2822 1267 2875 dicis,
1306 2823 1431 2866 iuxta

103 2878 340 2923 constituta
368 2882 616 2921 excusatur.

155 2934 187 2980 4
218 2934 361 2992 Impp.
387 2933 693 2977 Diocletianus
717 2938 760 2977 et
786 2931 1097 2978 Maximianus
1121 2934 1214 2977 AA.
1238 2933 1427 2977 Domno.

102 2990 209 3034 Cum
236 2989 470 3033 facultates
499 2992 599 3033 tuas
627 2988 674 3032 in
703 2988 840 3032 filium
865 2994 990 3032 tuum
1015 2989 1255 3033 contulisse
1279 2994 1324 3033 te
1347 3002 1430 3034 nec

100 3047 331 3102 quicquam
359 3045 522 3088 habere
550 3057 787 3100 proponas,
821 3048 1025 3101 respectu
1054 3044 1147 3088 eius
1178 3045 1431 3101 patrImonii

100 3102 216 3157 quod
245 3104 369 3145 tuum
400 3113 494 3145 esse
523 3100 652 3144 desiit
690 3100 945 3144 muneribus
984 3100 1182 3144 civilibus
1221 3114 1310 3145 non
1349 3102 1428 3144 ad-

100 3157 337 3213 stringeris.

154 3212 183 3258 5
217 3212 339 3256 Idem
382 3212 472 3255 AA.
517 3216 562 3256 et
606 3210 683 3255 CC.
728 3211 941 3256 Marciae.
1001 3212 1068 3256 De
1153 3213 1430 3257 ersonalibus

100 3268 372 3321 muneribus,
412 3279 524 3322 quae
559 3267 730 3311 feminis
760 3281 839 3323 pro
871 3280 1001 3312 sexus
1033 3281 1117 3313 con
1151 3267 1323 3312 ‘cione⁴
1361 3269 1429 3312 in·

102 3324 326 3371 dicuntur,
395 3324 590 3378 exemplo
646 3324 831 3367 marium
896 3324 1088 3380 quinque
1142 3324 1431 3381 superstitum

102 3391 280 3422 numero
309 3378 545 3421 liberorum
575 3390 648 3423 eas
678 3381 879 3423 excusari
918 3380 1004 3424 divi
1042 3385 1248 3436 parentes
1288 3380 1431 3424 nostri

103 3433 435 3478 constituerunt.

158 3487 189 3535 6
220 3487 350 3546 ⁵Imp.
383 3487 697 3532 Constantinus
711 3490 760 3532 A.
780 3488 1020 3534 Dalmatio.
1065 3492 1157 3536 Eos
1189 3491 1428 3558 quicuius-

102 3557 285 3600 cumque
328 3556 458 3587 sexus
501 3544 662 3587 liberos
705 3545 894 3600 quinque
936 3546 1151 3600 habeant,
1194 3552 1431 3603 impetrata

102 3601 235 3644 semel
269 3599 498 3643 vacatione
536 3599 668 3664 potiri
709 3601 931 3655 convenit,
974 3602 1036 3645 ita
1071 3606 1142 3656 ut,
1182 3603 1220 3646 si
1257 3604 1304 3646 in
1343 3604 1430 3648 hoc

101 3668 281 3700 numero
319 3654 435 3698 filius
474 3654 689 3710 legitimae
727 3656 884 3699 aetatis
914 3658 1181 3714 inveniatur,
1213 3658 1430 3703 obeundis

102 3711 246 3755 statim
277 3723 358 3767 pro
391 3723 470 3753 suo
495 3714 622 3765 patre
646 3711 896 3756 muneribus
920 3713 1180 3769 applicetur,
1209 3715 1427 3780 patribus,

102 3767 175 3822 qui
202 3766 314 3810 filios
344 3766 410 3808 vel
439 3765 552 3808 filias
583 3764 774 3821 quinque
802 3767 1049 3824 habuerint,
1076 3782 1298 3835 promissa
1322 3770 1428 3826 legi-

107 3827 119 3863 1
182 3823 265 3867 bus
301 3821 573 3864 immunitate
611 3822 837 3866 servanda.
896 3823 1021 3878 Quod
1051 3837 1089 3868 s1
1119 3825 1217 3880 quis
1247 3831 1429 3882 propter

104 3889 280 3920 censum
318 3877 590 3920 tenuiorem⁰
629 3877 899 3921 vacationem
935 3881 1145 3925 meruerit
1173 3885 1305 3937 atque
1342 3883 1427 3926 hoc

102 3933 373 3987 probaverit,
427 3931 642 3975 beneficio
691 3932 907 3987 potiatur,
960 3936 998 3979 si
1046 3941 1229 3993 propter
1281 3950 1426 3980 rerum

102 3988 326 4043 angustias
355 3986 411 4030 ad
439 3987 689 4042 personalia
716 3994 904 4033 vocatur
934 3991 1157 4047 obsequia.
1217 3992 1271 4036 D.
1305 4004 1429 4036 Χ1111

104 4041 143 4085 lc.
188 4042 314 4087 Febr.
370 4041 533 4086 Sirmio
591 4043 747 4100 Crispo
803 4055 872 4088 111
920 4052 963 4089 et
1009 4046 1300 4092 Constantino
1356 4049 1428 4092 11⁷

103 4110 243 4141 conss.

103 4239 152 4301 (ι)
182 4237 404 4300 Protesilao
428 4254 505 4279 scr.
579 4240 631 4290 (2)
657 4239 958 4291 quinquaginta
982 4241 1163 4293 quinque
1190 4245 1429 4295 confirmant

111 4293 216 4334 Ροπ.
241 4294 284 4342 (ν
324 4293 566 4342 Zachariae,
596 4292 654 4335 ve'
690 4296 808 4346 Cat),
838 4296 991 4347 requiri
1011 4305 1138 4338 tamen
1166 4299 1429 4351 septuaginta

103 4356 263 4400 propter
292 4349 465 4401 Diyesta
494 4351 545 4399 (e.
569 4365 608 4403 9.
638 4353 704 4402 50,
730 4359 764 4402 2,
792 4359 825 4398 2,
852 4359 885 4391 8.
917 4353 985 4400 50,
1009 4360 1044 4402 6,
1069 4355 1106 4403 4)
1137 4363 1172 4393 et
1201 4355 1312 4407 infra
1340 4367 1428 4407 sep·

105 4403 343 4453 tuagenario
365 4405 555 4444 maiorem
578 4414 679 4446 recte
702 4407 848 4447 monuit
869 4406 1054 4447 Cuiacius
1113 4410 1167 4459 (3)
1184 4412 1235 4463 cs.
1256 4411 1318 4460 10,
1335 4418 1392 4462 43,
1409 4419 1428 4452 4

106 4456 230 4506 (4).ςί(3
257 4457 305 4507 O,
329 4469 401 4508 per
425 4471 541 4499 sexus
562 4460 839 4500 conditionem
864 4461 914 4502 K
984 4462 1038 4514 (5)
1062 4482 1116 4497 ε
1142 4463 1216 4504 le.
1246 4466 1307 4515 12,
1333 4474 1387 4515 17,
1412 4474 1428 4507 1

107 4512 159 4558 (6)
190 4513 350 4551 tenuem
392 4513 460 4553 ΤΙι.
566 4514 620 4565 (7)
662 4525 731 4556 aut
769 4515 912 4568 Crispo
944 4529 976 4556 11
1016 4518 1056 4556 et
1094 4516 1365 4560 Constantino
1396 4533 1429 4560 11

109 4564 177 4666 (ε
198 4580 234 4656 al.
253 4568 408 4669 3323fo
429 4569 500 4608 ΤΙι.
518 4571 556 4615 6,
574 4577 631 4620 22,
647 4571 679 4619 ι)
696 4580 764 4611 aut
781 4571 924 4623 Crispo
948 4583 1000 4611 111
1026 4573 1067 4611 et
1082 4571 1354 4615 Constantino
1376 4588 1429 4615 111

127 4636 179 4651 Ξ
234 4647 242 4656 .
378 4634 453 4659 Ωον.

1421 165 1524 223 422

547 4622 603 4673 (8)
633 4634 855 4677 corruptum
885 4626 1068 4679 sortasse
1107 4642 1154 4667 ex
1192 4625 1434 4681 Κηδιμόνι,

2517 175 2611 224 Qut
2644 173 2836 215 MORBO

2028 317 2144 366 L111
2182 314 2326 376 (Lu).

1714 397 1790 437 DE
1819 396 2262 440 PROFESSORIBUS
2291 396 2365 436 ET
2394 394 2640 436 MEDIOIS.

1570 478 1591 525 1
1631 476 1745 540 Imp.
1775 479 2029 524 Antoninus
2058 482 2109 524 A.
2141 477 2358 523 Numisio.
2419 476 2528 520 Cum
2557 479 2603 519 te
2629 475 2843 520 medicum

1510 533 1693 590 legionis
1719 534 1938 578 secundae
1962 535 2191 579 adiuti-icis
2217 545 2312 578 esse
2327 531 2464 585 dicas,
2488 543 2670 574 munera
2687 530 2844 583 civilia,

1514 589 1723 648 quamdiu
1758 589 1825 632 rei
1863 590 2068 645 publicae
2107 599 2241 635 causa
2279 588 2466 639 afueris,
2507 586 2731 641 suscipere
2758 599 2848 630 non

1513 645 1704 702 cogeris:
1746 657 1847 688 cum
1875 649 2022 689 autem
2054 647 2212 690 abesse
2241 644 2435 697 desieris,
2466 646 2569 698 post
2596 641 2766 685 finitam
2796 653 2846 684 eo

1512 704 1608 747 iure
1644 700 1943 755 vacationem,
1979 701 2018 745 si
2053 701 2099 745 in
2139 714 2290 746 eorum
2328 711 2509 743 numero
2541 698 2651 751 eris,
2687 697 2764 753 qui
2791 695 2850 740 ad

1514 757 1729 802 beneficia
1768 755 1946 799 medicis
1977 769 2192 802 concessa
2220 756 2463 813 pertinent,
2493 766 2547 798 ea
2574 751 2850 796 immunitate

1472 833 1475 879 3
1515 813 1666 858 uteris.

1573 867 1603 914 2
1636 867 1749 925 Imp.
1778 864 2036 910 Gordianus
2073 867 2124 912 A.
2163 866 2453 912 Heracliano.
2522 863 2849 908 Grammaticos

1473 910 1475 943 ἶ
1516 939 1596 969 seu
1611 928 1812 968 oratores
1833 921 2010 965 decreto
2033 922 2199 967 ordinis
2223 923 2450 979 probatos,
2477 921 2516 965 si
2538 933 2631 964 non
2653 932 2701 963 se
2715 918 2850 963 utiles

1517 979 1795 1025 studentibus
1817 978 2076 1033 praebeant,
2101 978 2244 1022 denuo
2267 979 2324 1023 ab
2350 977 2504 1022 eodem
2529 975 2681 1020 ordine
2695 987 2850 1031 repro-

1518 1036 1616 1081 bari
1645 1047 1776 1091 posse
1804 1034 2075 1088 incognitum
2104 1047 2193 1078 non
2223 1039 2302 1078 est.

1574 1090 1604 1138 3
1636 1091 1751 1148 Imp.
1790 1088 2032 1147 Philippus
2069 1089 2121 1133 A.
2172 1094 2216 1134 et
2261 1088 2503 1154 Philippus
2551 1086 2592 1132 C.
2645 1085 2851 1144 Ulpiano.

1516 1149 1682 1191 Poetae
1709 1145 1833 1190 nulla
1860 1144 2148 1189 immunitatis
2177 1150 2483 1201 praerogativa
2511 1143 2732 1188 iuvantur.

1574 1202 1603 1248 4
1636 1201 1781 1259 Impp.
1805 1200 2116 1245 Diocletianus
2139 1206 2184 1244 et
2205 1199 2518 1246 Maximianus
2540 1203 2632 1245 AA.
2655 1195 2852 1242 Malcho.
2906 1231 2924 1246 .

1518 1258 1728 1303 Oratione
1768 1256 1856 1300 divi
1893 1256 1963 1300 Pii
1999 1256 2244 1300 liberalium
2282 1256 2526 1316 studiorum
2564 1253 2852 1311 professores,

1516 1327 1608 1359 non
1636 1313 1769 1357 etiam
1798 1313 2092 1357 calculatores
2124 1312 2419 1356 continentur.

1573 1369 1602 1415 5
1636 1368 1761 1413 Idem
1801 1368 1894 1413 AA.
1940 1375 1985 1413 et
2028 1367 2106 1413 CC.
2157 1367 2478 1412 Concedemoni
2493 1370 2523 1410 ⁸.
2590 1365 2687 1410 Nec
2737 1363 2857 1408 intra

1517 1437 1746 1469 numerum
1775 1424 2089 1480 praestitutum
2128 1423 2280 1468 ordine
2310 1422 2445 1467 invito
2475 1422 2669 1466 medicos
2697 1419 2855 1464 immu-

1517 1481 1700 1525 nitatem
1737 1481 1902 1525 habere
1941 1493 2074 1537 saepe
2106 1479 2395 1524 constitutum
2424 1481 2511 1532 est,
2552 1490 2652 1522 cum
2681 1478 2858 1532 oportet

1518 1538 1581 1582 eis
1612 1537 1789 1581 decreto
1820 1536 2106 1581 decurionum
2134 1535 2453 1579 immunitatem
2480 1533 2631 1578 tribui.

1574 1591 1606 1640 6
1638 1593 1771 1651 ‘'Imp.
1815 1591 2136 1637 Constantinus
2173 1591 2225 1635 A.
2271 1591 2332 1635 ad
2359 1590 2597 1648 populum.
2657 1586 2857 1632 Medicos

1518 1652 1564 1694 et
1591 1649 1780 1693 maxime
1807 1648 2055 1693 archiatros
2085 1648 2154 1692 vel
2184 1660 2239 1690 ex
2267 1645 2517 1699 archiatris,
2546 1643 2858 1701 grammaticos

1518 1710 1563 1750 et
1631 1705 1876 1749 rofessores
1914 1705 2026 1749 alios
2062 1704 2310 1747 litterarum
2326 1703 2360 1729 ¹⁰
2395 1714 2486 1745 una
2515 1713 2615 1744 cum
2644 1699 2859 1744 uxoribus

1517 1765 1564 1806 et
1591 1720 1693 1806 dius
1723 1773 1806 1806 nec
1834 1774 1922 1804 non
1945 1761 2078 1804 etiam
2103 1760 2249 1811 rebus,
2282 1771 2392 1814 quas
2417 1758 2466 1801 in
2489 1756 2740 1801 civitatibus
2765 1754 2858 1820 suis

1517 1817 1761 1873 possident,
1791 1817 1847 1860 ab
1877 1816 1997 1861 omni
2023 1816 2252 1860 functione
2282 1820 2327 1858 et
2356 1816 2411 1858 ab
2438 1814 2644 1858 omnibus
2664 1823 2859 1856 muneri-

1517 1875 1602 1917 bus
1626 1873 1825 1917 civilibus
1847 1873 1916 1917 vel
1930 1874 1962 1899 ¹¹
1988 1871 2178 1928 publicis
2202 1871 2416 1915 immunes
2438 1882 2537 1914 esse
2560 1866 2857 1925 praecipimus

1518 1941 1661 1985 neque
1702 1928 1749 1972 in
1777 1927 2015 1985 provinciis
2043 1927 2243 1983 hospites
2272 1926 2468 1982 recipere
2497 1937 2582 1969 nec
2611 1923 2702 1968 ullo
2732 1921 2859 1976 fungi

1519 1997 1701 2028 munere
1736 1998 1818 2029 nec
1855 1984 1912 2028 ad
1941 1983 2153 2028 iudicium
2183 1982 2342 2027 deduci
2370 1982 2437 2025 vel
2467 1979 2666 2025 exhiberi
2693 1979 2764 2023 vel
2789 1978 2857 2021 in-

1518 2041 1675 2084 iuriam
1706 2042 1812 2096 pati,
1843 2041 1956 2095 ut12,
1987 2040 2027 2084 si
2054 2038 2153 2095 quis
2183 2052 2258 2083 eos
2291 2037 2526 2089 vexaverit,
2566 2047 2711 2092 poena
2738 2033 2858 2078 arbi·

1523 2101 1541 2140 1
1602 2096 1687 2141 trio
1712 2096 1870 2140 iudicis
1895 2096 2173 2152 plectetur¹³.
2220 2093 2450 2137 Mercedes
2479 2092 2614 2137 etiam
2638 2102 2791 2135 eorum
2808 2093 2861 2154 9¹²

1519 2152 1682 2196 salaria
1705 2152 1830 2196 reddi
1853 2152 2068 2206 iubemus,
2100 2164 2186 2207 quo
2216 2150 2393 2194 facilius
2416 2147 2675 2192 liberalibus
2700 2144 2859 2191 studus

1521 2213 1565 2251 et
1590 2208 1840 2252 memoratis
1865 2208 2035 2251 artibus
2058 2207 2221 2250 multos
2242 2204 2492 2249 instituant.
2525 2201 2618 2246 PP.
2645 2213 2675 2246 V
2692 2201 2735 2246 lc.
2765 2199 2858 2246 Oct.

1523 2263 1916 2322 Constantinopoli
1932 2262 2160 2307 Dalmatio
2187 2267 2231 2305 et
2248 2259 2496 2318 Zenopltilo
2522 2270 2666 2302 conss.
2699 2258 2859 2311 [a.333]

1578 2317 1606 2364 7
1645 2317 1795 2377 ¹⁴Imp.
1824 2318 2035 2363 Iulianus
2057 2318 2108 2361 A.
2157 2316 2399 2372 Magistros
2430 2314 2677 2359 studiorum
2706 2312 2858 2357 docto-

1520 2387 1678 2430 resque
1710 2374 1938 2434 „excellere
1984 2379 2163 2431 oportet
2203 2376 2402 2427 moribus
2436 2370 2648 2442 primum,
2702 2368 2860 2415 deinde

1528 2435 1542 2474 1
1605 2431 1829 2476 facundia.
1900 2433 1986 2476 Sed
2038 2433 2142 2489 quia
2177 2433 2363 2488 singulis
2408 2433 2661 2476 civitatibus
2705 2431 2861 2476 adesse
2902 2456 2906 2457 ν

1519 2488 1617 2544 ipse
1646 2502 1735 2533 non
1764 2502 1970 2545 possum,
2008 2488 2163 2540 iubeo,
2205 2488 2403 2544 quisquis
2435 2488 2595 2532 docere
2623 2487 2739 2540 vult,
2769 2500 2860 2531 non

1519 2547 1701 2600 repente
1729 2558 1810 2589 nec
1839 2547 2003 2589 temere
2031 2545 2233 2601 prosiliat
2262 2545 2319 2588 ad
2348 2545 2434 2589 hoc
2461 2557 2647 2597 munus,
2685 2543 2764 2588 sed
2790 2543 2860 2587 iu-

1521 2599 1634 2644 dicio
1667 2601 1833 2644 ordinis
1863 2601 2079 2658 probatus
2109 2601 2331 2645 decretum
2363 2600 2594 2644 curialium
2622 2602 2860 2654 mereatur,

1521 2656 1785 2711 optimorum
1837 2656 2122 2713 conspirante
2175 2669 2407 2701 consensu.
2480 2655 2536 2701 D.
2576 2667 2649 2700 xv
2685 2654 2728 2700 Ic.
2771 2653 2858 2699 Iul.

1520 2725 1614 2757 acc.
1656 2723 1747 2756 1111
1789 2712 1831 2756 lc.
1872 2713 1988 2770 Auq.
2031 2712 2235 2771 Spoletio
2280 2712 2553 2757 Mamertino
2598 2716 2643 2756 et
2679 2709 2860 2811 Νευδίΐτα

1520 2780 1665 2812 conss.
2689 2779 2729 2810 a.
2789 2769 2841 2810 62

1578 2820 1610 2871 8
1638 2822 1854 2881 ¹⁶Imppp.
1871 2823 2214 2868 Valentinianus
2233 2824 2397 2868 Valens
2411 2828 2455 2868 et
2467 2770 2715 2867 Gratiamis
2723 2769 2858 2866 AAAJ.

1519 2878 1582 2923 ad
1602 2875 1802 2923 Probum
1823 2894 1901 2937 pp.
1962 2879 2192 2924 Reddatur
2215 2879 2518 2936 unusquisque
2541 2877 2714 2934 patriae
2735 2889 2858 2930 suae,

1521 2934 1596 2990 qui
1618 2934 1820 2978 habitum
1842 2935 2149 2991 philosophiae
2174 2936 2370 2980 indebite
2395 2938 2439 2978 et
2462 2933 2703 2978 insolenter
2726 2945 2858 2976 usur-

1519 3002 1629 3045 pare
1668 2990 1968 3046 cognoscitur,
2009 2992 2206 3047 exceptis
2242 2991 2335 3045 his,
2375 2989 2451 3046 qui
2479 3001 2508 3033 a
2535 2987 2858 3045 probatissimis

1519 3045 1756 3101 approbati
1784 3046 1839 3089 ab
1872 3047 1958 3090 hac
1986 3046 2150 3091 debent
2173 3046 2418 3091 colluvione
2434 3046 2468 3072 ¹⁰
2497 3044 2681 3089 secerni.
2727 3047 2859 3100 turpe

1520 3101 1634 3144 enim
1664 3104 1744 3153 est,
1776 3106 1824 3144 ut
1853 3101 2025 3156 patriae
2053 3101 2306 3146 functiones
2335 3102 2454 3145 ferre
2482 3114 2572 3145 non
2598 3099 2754 3157 possit,
2783 3099 2860 3155 qui

1520 3156 1650 3200 etiam
1695 3156 1900 3200 fortunae
1944 3157 2030 3200 vim
2073 3170 2122 3202 se
2162 3157 2281 3202 ferre
2324 3156 2572 3214 profitetur.
2641 3154 2696 3200 D.
2734 3164 2861 3199 1111!

1518 3211 1561 3256 lc.
1617 3211 1744 3257 Febr.
1798 3211 1962 3257 Sirmio
1973 3214 2013 3254 .¹'¹
2073 3213 2389 3258 Valentiniano
2442 3227 2515 3271 np.
2569 3217 2616 3256 et
2679 3207 2860 3318 Vicgssgeli

1520 3281 1663 3312 conss.
2685 3279 2728 3310 a.

1575 3322 1606 3370 9
1643 3322 1805 3368 ¹¹³Idem
1841 3324 1973 3368 AAA.
2015 3323 2077 3367 ad
2110 3322 2454 3368 Praetextatum
2485 3336 2567 3381 pu.
2632 3271 2859 3366 Aichiatri

1520 3379 1706 3424 scientes
1736 3380 1982 3424 annonaria
2010 3378 2095 3423 sibi
2125 3379 2355 3423 commoda
2384 3391 2411 3421 a
2434 3377 2588 3434 populi
2619 3375 2858 3422 commodis

1518 3435 1759 3479 ministrari
1794 3436 1979 3480 honeste
2017 3434 2201 3490 obsequi
2231 3434 2508 3478 tenuioribus
2541 3433 2697 3476 malint
2725 3444 2858 3499 quam

1526 3495 1539 3533 1
1602 3491 1793 3548 turpiter
1821 3491 1987 3536 servire
2016 3490 2237 3535 divitibus.
2284 3490 2404 3545 Quos
2431 3490 2562 3533 etiam
2587 3501 2641 3532 ea
2666 3491 2859 3544 patimur

1519 3548 1745 3603 accipere,
1785 3560 1897 3603 quae
1936 3547 2032 3591 sani
2061 3546 2253 3590 offerunt
2280 3559 2360 3602 pro
2391 3544 2639 3601 obsequiis,
2669 3556 2762 3588 non
2790 3555 2857 3597 ea,

1518 3615 1632 3662 quae
1667 3602 1969 3660 periclitantes
2036 3615 2087 3646 ro
2118 3602 2263 3646 salute
2291 3601 2571 3659 promittunt.
2630 3598 2684 3644 D.
2716 3609 2785 3644 111
2811 3598 2855 3644 lc.

1519 3659 1646 3703 Febr.
1696 3658 1889 3704 Triveris
1931 3659 1995 3702 Va
2015 3658 2243 3703 entiniano
2288 3662 2332 3702 et
2382 3657 2565 3701 Valente
2605 3666 2674 3699 111
2685 3654 2722 3683 ⁸⁹
2761 3654 2855 3699 AA.

1518 3728 1658 3759 conss.
2668 3714 2726 3764 [a.
2757 3711 2856 3762 3⁶10]

1575 3769 1633 3816 10
1667 3768 1830 3814 ²⁰Idem
1872 3770 2006 3814 AAA.
2059 3768 2120 3813 ad
2166 3767 2395 3827 Olybrium
2429 3781 2511 3833 pu.
2580 3766 2628 3811 si
2671 3765 2768 3833 quis
2809 3763 2858 3809 in

1518 3825 1729 3870 archiatri
1767 3825 1962 3869 defuncti
1993 3827 2061 3869 est
2087 3825 2233 3868 locum
2263 3822 2554 3880 promotionis
2583 3821 2750 3866 meritis
2779 3819 2857 3865 ad-

1516 3881 1776 3937 gregandus,
1807 3894 1895 3924 non
1925 3886 2028 3925 ante
2058 3892 2209 3925 eorum
2238 3879 2461 3936 particeps
2486 3878 2578 3933 fiat,
2610 3889 2741 3934 quam
2796 3875 2857 3920 ri·

1517 3937 1597 3981 mis
1629 3937 1704 3993 qui
1732 3936 1779 3980 in
1808 3937 1961 3981 ordine
1988 3936 2264 3993 reperientur
2293 3939 2460 3991 septem
2488 3934 2556 3978 vel
2585 3946 2637 3978 eo
2669 3945 2769 3989 amp
2789 3931 2856 3976 'us

1518 3992 1818 4037 iudicantibus
1857 3993 2040 4036 idoneus
2071 3992 2365 4048 approbeturz
2395 3990 2460 4034 ita
2488 3995 2635 4033 tamen
2666 3992 2728 4042 ut,
2758 3986 2855 4044 qui-

1518 4047 1873 4148 ἓᾷῗῑέξίξὲῗέῗ
1910 4048 2148 4148 {iiiiii
2177 4046 2376 4147 ‹iffi-¹113
2400 4046 2855 4156 agitatrix}

1863 4136 1874 4156 9
2722 4131 2734 4153 2

1515 4247 1552 4286 si
1580 4245 1653 4284 hoc
1682 4259 1819 4284 nomen
1844 4245 2053 4298 proprium
2084 4252 2143 4285 est
2216 4244 2274 4295 (9)
2299 4257 2332 4284 c.
2355 4251 2375 4284 6
2402 4257 2449 4283 ex
2473 4241 2547 4283 Th.
2568 4241 2631 4292 13,
2659 4246 2694 4287 8,
2717 4246 2748 4279 1.
2776 4245 2809 4279 2.
2832 4245 2853 4279 8

1515 4299 1734 4352 composita
1764 4309 1821 4340 est
1892 4302 1964 4351 (10)
1995 4301 2036 4339 et
2060 4298 2245 4339 doctores
2268 4297 2406 4350 legum
2436 4299 2510 4339 im.
2528 4295 2624 4336 libri
2644 4301 2784 4335 contra
2810 4293 2854 4334 Β

1517 4364 1554 4396 et
1573 4355 1771 4405 Th.13‚³,
1787 4363 1849 4396 1.s
1906 4356 1975 4407 (ιι)
1991 4353 2187 4395 ciuilibus
2201 4353 2267 4395 vel
2288 4369 2365 4395 non
2388 4351 2569 4407 aqnoscit
2584 4349 2658 4391 Th.
2716 4350 2789 4402 (12)
2807 4350 2854 4389 ut

1517 4411 1610 4452 deu.
1633 4423 1719 4450 cum
1738 4409 1826 4460 Th„
1856 4413 1929 4450 aut
1955 4410 2004 4462 0,
2027 4426 2100 4452 om.
2117 4410 2164 4451 K
2233 4411 2305 4462 (13)
2327 4407 2531 4462 plectetur
2555 4420 2637 4447 cum
2660 4405 2851 4446 Iustinia—

1517 4479 1654 4507 norum
1681 4465 1756 4515 eit,
1796 4480 1873 4506 non
1903 4467 2059 4507 videtur
2088 4467 2317 4506 mutandum
2395 4463 2470 4515 (u)
2500 4480 2555 4525 ,ιε
2581 4460 2654 4501 Th.
2684 4461 2747 4511 13,
2774 4467 2809 4509 ³,
2831 4468 2852 4500 5

1517 4523 1593 4573 (15)
1622 4539 1680 4556 ⁸·-
1706 4520 1779 4561 Th.
1810 4523 1874 4572 13,
1899 4529 1934 4571 3,
1960 4530 1978 4562 ’1
2065 4522 2138 4573 (16)
2163 4522 2222 4562 sie
2248 4521 2337 4571 Ta,
2366 4516 2592 4559 collusione
2622 4515 2679 4568 K,
2709 4514 2851 4555 oonsu-

1516 4576 1630 4617 sione
1652 4574 1687 4616 Ο
1746 4576 1818 4626 (17)
1834 4575 1957 4616 Febr.
1973 4587 2056 4616 aco.
2160 4575 2286 4616 Sirmi
2299 4589 2377 4615 scr.
2433 4572 2509 4624 (18)
2529 4591 2584 4607 ι-
2602 4570 2677 4612 Th.
2697 4572 2761 4622 13,
2777 4577 2812 4622 8,
2829 4576 2850 4611 8

1517 4632 1594 4682 (19)
1624 4643 1659 4671 n
1687 4630 1759 4683 (ιε
1785 4633 1926 4682 a.3ss)
1962 4630 2235 4684 Gothosredue
2319 4629 2399 4682 (πο)
2429 4648 2482 4664 ==
2510 4627 2654 4677 Thus,
2674 4633 2709 4674 s,
2736 4633 2758 4667 ο
