3094 4732
204 161 304 213 XII
340 158 535 211 36-37

205 312 347 351 autem
390 300 600 348 castrensi
643 298 805 342 cedunt
841 308 910 341 res
943 296 1146 345 mobiles,
1187 301 1298 354 quae
1327 290 1447 349 eunu
1475 297 1521 327 m

204 361 399 405 militiam
429 370 455 401 a
495 360 619 412 patre
647 353 714 397 vel
755 365 782 396 a
811 357 951 396 matre
989 351 1139 415 aliis-ve
1167 354 1426 408 propinqum
1456 339 1522 382 vel

203 416 350 460 amicis
381 411 593 456 donatae¹
631 413 755 459 sunt,
796 408 901 450 item
939 418 1050 462 quae
1078 416 1123 446 m
1154 405 1308 462 castri-s
1338 408 1418 452 per
1447 406 1521 438 oc-

204 476 226 515 2
284 470 500 514 casionem
549 464 723 507 militiae
771 467 1054 517 quaeruntur.
1105 457 1176 521 ‚ln
1220 453 1375 518 quibus
1421 452 1524 494 sunt

203 528 330 570 etiam
360 522 619 567 hereditates
651 531 812 570 eorum,
844 517 920 572 qui
949 528 1036 559 non
1059 513 1166 556 abas
1190 515 1415 575 ‘nou-esse
1443 517 1523 570 po-

203 585 378 625 tuerunt
406 578 490 622 nisi
520 588 596 632 per
620 572 798 617 militiae
822 571 1111 633 occasionem,
1142 571 1315 608 et1ams1
1344 573 1524 626 res-im·

204 643 226 681 3
283 635 463 679 mobiles
502 635 547 675 in
585 631 652 673 his
693 632 831 671 erunt.
904 626 1061 668 Matr1s
1103 627 1250 665 autem
1288 617 1523 671 hereditas,

204 691 393 748 quamvis
422 690 468 732 in
497 686 650 730 militia
680 673 822 727 delata
852 682 930 732 sit,
962 679 1018 723 ad
1046 676 1267 740 peculium
1299 677 1524 738 castrense

204 755 226 790 4
284 759 371 790 non
399 744 602 800 pertinet.
647 741 696 783 In
727 737 939 783 castrensi
962 747 1063 779 vero
1094 732 1266 799 pecuho
1296 729 1526 786 praedium

203 804 408 846 donatum
447 812 535 843 non
572 809 666 841 esse
706 796 896 846 constat,
938 802 1133 848 quamws
1175 790 1329 852 empta·
1350 799 1403 850 ex
1428 796 1524 828 cas-

200 854 334 898 trensi
399 854 569 911 peculio
608 851 787 908 praedia
825 850 916 892 eius
957 846 1220 891 condicionis
1260 842 1524 886 efnc1antur.

208 912 293 956 ΡΡ.
325 912 383 955 id.
416 910 525 954 Nov.
558 907 759 952 Maximo
792 917 836 948 η
861 909 905 948 et
931 903 1119 947 Aeliano
1152 912 1292 944 conss.
1351 901 1407 962 [a.
1427 899 1523 948 223]

259 965 288 1012 2
330 965 450 1011 Idem
490 966 538 1009 A.
581 962 726 1006 Felici.
802 959 943 1003 Filius
983 957 1171 1002 familias
1217 955 1526 1017 alienationem

204 1023 363 1067 nullius
402 1021 467 1065 rei
505 1020 596 1063 sine
625 1018 847 1061 voluntate
883 1014 1022 1071 patris
1059 1013 1213 1063 habet,
1244 1018 1332 1048 mei
1364 1019 1401 1051 s1
1428 1019 1531 1073 ‘cas-

200 1077 333 1120 trensi
405 1075 621 1132 peculium
650 1073 822 1116 habeat.
883 1069 974 1114 PP.
1015 1081 1109 1112 Vll!
1134 1067 1175 1111 lc.
1218 1065 1303 1109 Iul.
1345 1063 1526 1108 Iuliano

205 1142 248 1178 et
278 1133 373 1178 Cris
405 1133 479 1175 ino
510 1142 649 1174 conss.
1276 1178 1284 1186 ι
1338 1124 1396 1186 [a.
1429 1123 1524 1172 224]

261 1187 289 1235 3
324 1187 352 1231 Ι
377 1201 442 1232 em
472 1187 521 1229 A.
554 1183 779 1228 Feliciano
818 1181 958 1225 militi.
1026 1180 1181 1230 Errat,
1214 1190 1288 1243 qul
1318 1177 1399 1220 tibi
1427 1188 1526 1232 per-

205 1243 363 1295 suasit,
403 1241 520 1297 quod
560 1252 675 1283 nexu
718 1242 929 1294 paternae
966 1234 1197 1291 potestatis
1241 1245 1336 1276 iure
1376 1245 1525 1297 sacra-

203 1299 334 1343 menti
363 1298 531 1341 solutus
561 1296 652 1338 es.²
692 1298 869 1337 manent
891 1292 1004 1335 enim
1029 1291 1163 1334 nihilo
1194 1289 1337 1332 minus
1366 1288 1526 1332 milltes

203 1357 246 1398 in
274 1355 491 1410 potestate
521 1350 781 1407 parentium,
813 1348 888 1392 sed
917 1347 1138 1403 peculium
1167 1351 1393 1389 castrense
1389 1358 1525 1444 βιο-

203 1409 341 1466 prium
370 1408 534 1451 habent
563 1419 644 1450 nec
672 1406 718 1449 in
747 1418 798 1449 eo
820 1404 889 1447 ius
913 1403 1050 1447 ullum
1074 1402 1213 1458 patris
1230 1406 1310 1446 est.
1349 1400 1393 1444 P
1434 1412 1530 1444 ,ΙΙΙ

201 1465 257 1509 id.
292 1465 382 1509 Oct.
415 1462 592 1507 Iuliano
623 1466 668 1506 et
698 1460 901 1518 Crispino
932 1472 1075 1504 conss.
1339 1461 1394 1510 [a.
1429 1460 1523 1508 224]

256 1519 287 1565 4
318 1518 429 1576 Imp.
464 1516 718 1562 Gordianus
745 1518 796 1559 A.
830 1513 961 1559 Gallo
991 1514 1131 1558 militi.
1203 1514 1309 1557 Cum
1349 1513 1527 1567 adlegas

203 1580 247 1620 te
272 1588 298 1618 a
321 1574 457 1618 fratre
482 1578 558 1616 tuo
576 1572 812 1627 eodemque
829 1571 1120 1615 commilitone
1136 1570 1180 1612 in
1205 1570 1343 1613 isdem
1370 1568 1527 1612 castris

126 1674 128 1676 ,
199 1631 446 1675 institutum
469 1628 685 1678 heredem,
715 1627 1038 1672 successionem
1053 1626 1145 1670 eius
1166 1625 1313 1681 potius
1331 1621 1407 1670 ex³
1430 1636 1529 1667 cas-

197 1688 333 1733 trensi
390 1685 560 1741 peculio
591 1687 666 1727 tuo
698 1695 829 1738 quam
858 1681 976 1738 patri
999 1682 1123 1725 cuius
1153 1682 1199 1724 in
1229 1687 1451 1736 potestate
1480 1694 1527 1724 es

207 1749 220 1786 l
282 1754 361 1798 per
390 1745 432 1785 te
452 1739 694 1796 quaesitam
714 1738 863 1792 videri*
880 1738 1063 1782 rationis
1083 1742 1163 1781 est.
1208 1737 1384 1780 Etenim
1401 1749 1526 1793 pere-

199 1797 483 1852 grinationis⁴
511 1795 638 1839 labor
667 1794 863 1839 sociatus
895 1794 1134 1838 commilitii
1163 1793 1257 1836 eius
1287 1798 1330 1837 et
1361 1793 1527 1838 obeun-

200 1854 352 1897 dorum
367 1864 594 1895 munerum
609 1850 882 1895 consortium
906 1849 1145 1893 adfectioni
1168 1848 1391 1892 fraternae
1415 1862 1526 1893 non·

200 1909 378 1952 nihilum
417 1906 659 1958 addidisse,
699 1907 804 1962 quin
842 1906 973 1950 immo
1012 1905 1107 1949 vice
1144 1910 1297 1949 mutua
1336 1905 1528 1949 cariores

198 1965 380 2008 invicem
409 1963 493 2007 sibi
522 1962 765 2007 reddidisse
794 1961 1060 2006 credendum
1090 1966 1170 2005 est.

254 2019 283 2065 5
316 2018 461 2077 Impp.
493 2017 803 2062 Diocletianus
841 2026 885 2061 et
914 2017 1224 2062 Maximianus
1252 2017 1344 2060 AA.
1374 2021 1419 2060 et
1449 2015 1526 2061 CC.

200 2074 489 2119 Philostrato.
557 2073 777 2128 Intellegis
816 2073 906 2116 filio
957 2073 1032 2128 qui
1069 2072 1272 2116 militavit
1320 2071 1528 2116 defuncto

198 2131 416 2186 peculium
445 2130 538 2174 eius
566 2142 701 2186 penes
731 2132 901 2185 patrem
929 2129 1207 2183 remansisse,
1236 2142 1326 2172 non
1353 2127 1528 2173 heredi-

198 2190 333 2230 tatem
362 2185 480 2242 patri
539 2186 764 2229 uaesitam.

255 2239 285 2288 6
317 2241 481 2299 ⁵Impp.
550 2240 790 2285 heodosius
819 2245 863 2284 et
902 2238 1244 2284 Valentinianus
1273 2241 1364 2283 AA.
1399 2239 1527 2283 Zoilo

194 2312 272 2356 pp.
329 2297 405 2340 Ius
436 2297 671 2340 castrensis
702 2296 860 2353 peculii
890 2299 979 2338 tam
1010 2295 1260 2340 scriniarios
1293 2307 1423 2350 quam
1452 2308 1528 2339 ex-

198 2357 398 2408 ceptores
430 2358 598 2396 ceteros
632 2365 706 2402 ue,
747 2353 821 2408 qui
849 2352 895 2395 in
925 2350 1071 2395 officio
1112 2352 1179 2395 tui
1209 2351 1409 2395 culminis
1438 2364 1527 2394 me-

199 2409 323 2452 rendi
361 2408 583 2452 licentiam
653 2409 783 2452 abere
819 2412 1078 2461 noscuntur,
1118 2421 1171 2451 ac
1210 2408 1245 2450 si
1275 2407 1322 2450 in
1360 2407 1529 2462 legione

198 2465 338 2519 prima
377 2463 594 2508 adiutrice
630 2470 783 2509 nostra
822 2464 1031 2514 militent,
1070 2463 1327 2508 inviolatum
1366 2463 1528 2507 habere

198 2520 537 2576 praecipimus.⁶
1311 2523 1365 2571 [a.
1398 2520 1528 2573 444?]

571 2718 800 2767 XXXVII
838 2719 1149 2781 (XXXVIII).

306 2814 383 2856 DE
412 2814 772 2856 EROGATIONE
802 2813 1094 2856 MILITARIS
1123 2815 1409 2857 ANNONAE.

255 2908 276 2955 1
317 2908 449 2968 ⁷Imp.
485 2909 769 2954 Constantius
784 2911 834 2954 A.
867 2916 910 2955 et
927 2909 1134 2954 Iulianus
1152 2909 1427 2969 C.Helpidio
1446 2926 1528 2970 pp.

198 2965 400 3021 Repetita
431 2966 703 3010 consuetudo
731 2966 991 3010 monstravit
1013 2966 1303 3022 expeditionis
1333 2971 1530 3023 tempore

196 3021 489 3065 buccellatum
519 3035 573 3066 ac
601 3035 771 3078 panem,
802 3023 949 3066 vinum
981 3035 1154 3078 quoque
1179 3030 1311 3080 atque
1341 3028 1528 3077 acetum,

196 3076 273 3120 sed
303 3081 346 3120 et
374 3078 559 3132 lardum,
591 3091 767 3122 carnem
795 3079 1067 3123 vervecinam
1098 3079 1230 3123 etiam
1260 3080 1419 3124 milites
1449 3093 1528 3123 no-

196 3138 309 3177 stros
340 3133 403 3176 ita
433 3133 575 3178 solere
603 3135 852 3190 percipere:
894 3135 1024 3178 biduo
1056 3136 1364 3181 buccellatum.
1396 3136 1528 3180 tertio

196 3188 266 3232 die
294 3202 473 3244 panem:
507 3203 593 3234 uno
620 3190 689 3234 die
714 3190 874 3243 vinum,
906 3191 991 3234 alio
1023 3191 1093 3235 die
1122 3195 1317 3236 acetum:
1349 3206 1438 3237 uno
1459 3193 1530 3236 die

195 3244 378 3299 lardum,
408 3244 540 3289 biduo
572 3259 747 3290 carnem
777 3248 1065 3291 vervecinam.
1134 3247 1189 3292 D.
1223 3260 1314 3292 XVI
1350 3248 1392 3292 lc.
1426 3247 1526 3293 Iun.

196 3300 338 3344 Hiera
374 3301 436 3344 oli
455 3301 713 3346 Constantio
731 3308 824 3347 xet
838 3301 1018 3347 Iuliano
1039 3302 1081 3347 0.
1100 3316 1169 3347 III
1180 3317 1322 3348 conss.
1356 3308 1412 3358 [a.
1431 3309 1527 3357 360]

251 3355 282 3401 2
315 3359 332 3384 ⁸
361 3370 479 3414 mpp.
521 3357 862 3402 Valentinianus
897 3364 940 3403 et
979 3358 1142 3403 Valens
1171 3361 1292 3404 AA.⁹
1322 3359 1528 3405 Secundo

191 3427 270 3478 pp.
329 3412 417 3455 Ε10
445 3412 664 3467 vicesimo,
701 3427 792 3457 non
832 3415 1039 3471 amplius,
1078 3416 1224 3471 lapide
1252 3416 1414 3460 milites
1444 3417 1530 3461 sibi

192 3469 392 3511 iubemus
428 3469 577 3524 paleas
617 3473 887 3514 convectare.
947 3470 1001 3515 D.
1043 3484 1068 3514 V
1103 3471 1145 3515 lc.
1181 3471 1274 3517 Oet.
1306 3472 1530 3517 Edessa¹¹

1229 3543 1270 3572 a.
1302 3532 1397 3573 363.
1430 3533 1510 3574 364

251 3577 280 3625 3
327 3579 488 3623 ¹2Idem
528 3582 618 3625 AA.
661 3581 722 3624 ad
759 3581 981 3626 Victorem
1017 3533 1282 3641 magistriam
1325 3533 1527 3630 milituml.

195 3634 502 3679 Cenaticorum
531 3637 707 3680 nomine
737 3637 895 3681 milites
919 3641 966 3682 et
995 3651 1146 3682 eorum
1175 3644 1478 3695 superstantes
1496 3642 1531 3669 ¹³

194 3690 301 3734 nihil
316 3691 491 3747 penitus
509 3705 535 3735 a
556 3692 902 3748 provincialibus
919 3694 1122 3750 accipere
1137 3696 1342 3739 audeant.
1385 3698 1531 3742 sciant

193 3747 305 3789 enim
334 3747 515 3799 milites,
556 3749 671 3804 quod
702 3753 877 3803 oportet
915 3763 990 3794 eos
1022 3753 1252 3796 commoda
1282 3765 1382 3805 sua,
1416 3767 1530 3809 quae

191 3802 237 3845 in
267 3815 542 3847 annonarum
580 3805 865 3861 perceptione
901 3806 1219 3863 adipiscuntur,
1261 3809 1529 3865 accipientes

196 3522 384 3568 Ioviano
415 3530 460 3568 et
498 3523 782 3569 Varroniano
815 3540 958 3570 conss.

193 3941 243 3991 (1)
273 3941 424 3981 donata
455 3942 549 3983 libri
632 3945 686 3994 (2)
716 3956 757 3983 es
788 3944 894 3996 dett,
925 3947 984 3984 est
1016 3945 1065 3995 V,
1096 3958 1198 3987 esses
1227 3947 1313 3989 ΚΟ
1399 3948 1452 4000 (3)
1483 3960 1532 3988 ex

202 3997 248 4046 V,
277 3997 322 4036 in
339 3997 424 4038 ΚΟ
482 3998 536 4049 (4)
566 4011 638 4050 per
666 4000 1020 4051 peregrinationes
1048 4002 1267 4043 Mommsen
1325 4005 1379 4053 (5)
1411 4006 1532 4059 iunqe

196 4053 260 4104 12,
291 4061 348 4101 52,
379 4061 399 4094 3
513 4055 569 4105 (6)
600 4056 842 4096 constitutio
882 4068 1028 4107 graeca
1068 4060 1124 4098 ad
1150 4061 1279 4109 finem
1320 4060 1427 4100 tituli
1456 4061 1530 4100 ad-

192 4109 353 4161 scripsit
369 4109 485 4159 Hal,
518 4119 692 4161 auctore,
723 4120 767 4152 ut
794 4120 899 4152 recte
929 4113 1118 4164 opinatur
1134 4114 1426 4163 Herrmannus,
1450 4116 1530 4156 Ac-

193 4165 344 4213 cursio,
382 4166 453 4217 qui
490 4180 574 4206 cum
614 4181 691 4206 non
731 4168 977 4222 intelleyeret
1014 4183 1044 4208 c.
1078 4177 1099 4209 6
1137 4171 1195 4210 ad
1227 4172 1531 4224 praefectianos

188 4220 402 4270 pertinere,
438 4219 598 4262 Graeca
629 4236 731 4274 quae
763 4224 811 4263 de
841 4224 903 4264 his
943 4233 1107 4276 aqerent
1144 4226 1372 4266 desiderari
1399 4228 1530 4280 suspi—

194 4282 304 4336 catu?
344 4283 402 4315 est
529 4280 580 4328 (7)
609 4296 666 4312 =
699 4278 769 4317 Th.
802 4280 840 4330 7,
870 4287 905 4330 4,
936 4286 957 4319 e
1094 4279 1150 4331 (8)
1178 4300 1234 4317 ετ
1268 4282 1339 4322 Th.
1372 4284 1411 4333 7,
1441 4291 1476 4334 4,
1507 4291 1528 4324 9

193 4330 247 4377 (9)
277 4341 376 4380 lmp.
408 4330 602 4371 Iovianus
632 4334 680 4371 A.
715 4333 786 4373 Th.
819 4343 936 4383 recte,
968 4336 1019 4388 cf.
1054 4344 1128 4375 not.
1160 4345 1193 4376 11
1281 4338 1355 4389 (10)
1387 4351 1408 4377 e
1440 4338 1527 4387 Th„

194 4386 233 4421 et
262 4384 298 4432 I,
329 4396 353 4423 a
387 4385 433 4434 O,
476 4400 549 4426 om.
582 4387 629 4427 K
766 4390 834 4439 (ιι)
866 4392 1056 4441 accepta.
1077 4392 1219 4442 ..z'ns.‚
1261 4403 1303 4433 ut
1342 4394 1441 4433 data
1478 4395 1532 4434 sit

196 4452 232 4477 a.
266 4441 343 4480 363
432 4443 503 4488 (12)
532 4463 586 4477 =
619 4443 692 4483 Th.
727 4446 763 4494 7,
782 4453 872 4495 4,12
959 4446 1032 4496 (13)
1063 4451 1336 4496 superstantes
1363 4449 1529 4489 Momm-

194 4507 274 4540 sen,
306 4506 425 4545 super
443 4497 506 4535 his
521 4501 672 4537 stantes
702 4499 798 4540 libri
853 4503 925 4551 (14)
955 4501 1050 4540 Iun.
1073 4500 1342 4552 Gothofredus
1401 4506 1474 4557 (15)
1491 4506 1532 4544 et

197 4546 310 4608 Grat.
342 4551 389 4587 A.
421 4552 584 4594 om.T!1.
673 4555 747 4605 (10)
777 4555 822 4593 in
852 4556 1055 4596 veteranis
1081 4556 1224 4609 15:01⁶,
1256 4559 1299 4598 in
1332 4560 1531 4601 veteranis

200 4600 255 4648 1⁰,
286 4606 416 4642 1nv1t0
443 4607 576 4646 onor-is
595 4607 683 4657 Th„
713 4611 1034 4667 βετωρινοῒςΒ
1065 4613 1178 4665 apud
1211 4614 1308 4667 Cui„
1340 4616 1411 4669 qui
1431 4631 1530 4669 pro-

1519 135 1623 193 472

2475 144 2551 182 DE
2585 144 2945 187 EROGATIONE

1607 281 1879 325 extrinsecus
1911 280 2181 325 detrimentis
2211 278 2504 344 provinciales
2526 292 2618 324 non
2638 280 2839 327 adficere.
2883 279 2940 326 D.

1616 348 1662 380 Vl
1687 335 1731 379 lc.
1765 333 1909 380 Ian.¹⁴
1938 334 2308 381 Bonamanszone
2337 334 2440 380 divo
2472 333 2664 380 Ioviano
2694 341 2738 381 et
2775 336 2942 382 Varro-

1604 392 1743 435 niano
1774 404 1917 435 conss.
2757 394 2813 444 [a.
2845 396 2941 445 364]

1663 445 1695 492 4
1725 444 1851 491 Idem
1879 447 1971 491 AA.
2003 453 2047 492 et
2077 446 2324 492 Gratianus
2353 447 2456 491 .1.¹⁶
2485 445 2546 490 ad
2573 446 2835 491 Autronium
2856 463 2940 506 pp.

1606 503 1731 546 Sicut
1774 501 1870 546 fieri
1905 515 1986 558 per
2025 517 2174 548 omnes
2214 502 2374 547 limites
2423 501 2593 547 salubri
2636 503 2944 557 prospectione

1606 558 1915 614 praecipimus,
1945 560 2115 614 species
2141 558 2410 604 annonarias
2426 557 2710 602 vicinioribus
2733 557 2945 603 limitibus

1608 627 1634 657 a
1662 614 2009 670 provincialibus
2049 615 2275 659 ordinabis
2315 614 2373 658 ad
2413 617 2562 658 castra
2604 612 2805 658 conferri.
2867 613 2965 657 sed

1606 672 1651 713 in
1683 671 1896 714 veteranis
1911 670 1946 697 ¹⁶
1986 671 2143 715 castris
2175 670 2405 716 constituti
2444 670 2603 714 milites
2644 670 2754 713 duas
2793 668 2946 713 alimo-

1608 726 1779 769 niarum
1809 728 1961 781 partes
1991 726 2202 771 ibidem³⁷
2234 727 2288 771 de
2318 726 2506 771 conditis
2537 728 2716 770 sumant
2742 735 2826 769 nec
2854 737 2946 768 am·
3025 730 3036 743 ·

1608 782 1722 838 plius
1756 795 1887 837 quam
1917 782 2092 826 tertiam
2121 786 2291 839 partem
2319 782 2407 838 ipsi
2431 782 2589 826 vehere
2618 783 2844 836 cogantur.
2889 777 2944 824 D.

1617 850 1645 880 V
1669 851 1770 882 non.
1802 836 1913 881 Mai.
1960 837 2297 897 Marcianopoli
2323 838 2640 883 Valentiniano
2671 851 2745 895 np.
2776 843 2822 881 et
2847 834 2950 880 Vic-

1610 900 1707 938 tore
1737 907 1880 937 oonss.
2759 896 2815 946 [a.
2848 893 2946 944 369]

1664 948 1693 995 5
1731 948 1893 993 “Idem
1922 950 2053 992 AAA.
2086 948 2147 992 ad
2175 948 2373 994 Probum
2393 963 2479 1007 pp.
2524 948 2728 993 Actuarii
2756 947 2844 992 nisi
2871 960 2947 992 ex·

1638 1006 1728 1049 leto
1759 1005 1940 1060 triginta
1969 1005 2137 1049 dierum
2168 1005 2312 1060 spatio
2342 1005 2526 1061 pittacia
2555 1004 2812 1048 authentica
2841 1016 2947 1048 con-

1607 1020 1754 1105 ?estim
1783 1060 2059 1114 tradiderint,
2090 1061 2272 1116 species,
2304 1075 2412 1117 quas
2438 1075 2491 1106 ex
2509 1061 2735 1105 fiscalibus
2761 1059 2949 1104 conditis

1610 1117 1979 1161 dissimulaverint
2008 1117 2243 1161 excludere
2269 1119 2336 1161 vel
2359 1131 2539 1162 numero
2560 1118 2685 1161 cuius
2715 1114 2950 1160 ratiocinia

1609 1176 1886 1229 pertractant
1914 1173 2242 1228 supersederint
2272 1186 2466 1228 erogare,
2498 1174 2553 1217 de
2582 1172 2775 1229 propriis
2805 1170 2947 1216 facul-

1610 1230 1774 1273 tatibus
1805 1230 1873 1273 vel
1909 1230 2120 1273 militibus
2150 1229 2258 1285 ipsis
2288 1230 2355 1273 vel
2393 1229 2619 1274 fiscalibus
2655 1226 2825 1274 horreis
2854 1226 2947 1272 adi-

1607 1292 1768 1341 gantur
1785 1286 1819 1312 ¹⁹
1847 1284 2025 1330 inferre.
2085 1285 2138 1329 D.
2180 1297 2229 1328 vt
2263 1285 2322 1330 id.
2353 1286 2542 1345 April.2⁰
2580 1285 2746 1329 Sirmio
2789 1283 2948 1328 Valen-

1612 1342 1782 1386 tiniano
1814 1347 1859 1386 et
1897 1341 2082 1386 Valente
2110 1341 2202 1386 AA.
2234 1355 2378 1386 conss.
2538 1346 2594 1395 [a.
2627 1345 2709 1384 370
2739 1345 2822 1385 aut
2850 1341 2948 1391 373]

1667 1396 1697 1444 6
1729 1396 1838 1441 ²¹Im
1939 1432 1947 1441 .
1991 1396 2155 1442 Valens
2193 1396 2439 1442 Gratianus
2477 1402 2522 1442 et
2560 1396 2602 1441 V
2599 1394 2951 1442 alentinianus²²

1609 1454 1740 1497 AAA.
1774 1468 1802 1497 a
1915 1452 2117 1497 odestum
2148 1467 2230 1512 pp.
2298 1453 2550 1498 Fortissimi
2586 1466 2641 1497 ac
2680 1449 2952 1496 devotissimi

1610 1510 1767 1554 milites
1780 1511 1820 1536 ²³
1859 1522 2058 1553 annonas
2103 1513 2148 1553 et
2192 1510 2342 1565 capita
2354 1511 2392 1536 2⁴
2437 1509 2618 1565 singulis
2673 1509 2828 1553 diebus
2871 1508 2952 1551 aut

1610 1572 1729 1609 certe
1769 1566 2033 1622 competenti
2063 1571 2281 1623 tempore,
2321 1565 2367 1609 id
2406 1569 2475 1610 est
2511 1566 2770 1622 priusquam
2807 1575 2950 1608 annus

1609 1623 1823 1675 elabatur,
1855 1624 1909 1666 de
1937 1623 2108 1666 horreis
2139 1627 2486 1678 consequantur:
2528 1628 2606 1665 aut
2635 1621 2674 1665 si
2701 1632 2833 1677 perce
2866 1619 2949 1664 tio·'

1609 1691 1708 1721 nem
1740 1691 1864 1722 suam
1893 1691 1947 1722 ac
1985 1678 2024 1722 si
2053 1678 2247 1722 debitam
2285 1678 2430 1722 studio
2461 1677 2680 1722 voluerint
2713 1679 2840 1733 prote
2859 1688 2950 1730 arc,

1609 1734 1675 1787 id,
1720 1734 1838 1790 quod
1882 1735 2146 1789 competenti
2195 1739 2394 1790 tempore
2433 1734 2608 1778 minime
2657 1731 2950 1790 perceperint,

1608 1790 1708 1833 fisci
1751 1790 1894 1835 nostri
1945 1791 2184 1835 commodis
2230 1790 2487 1835 vindicetur.
2571 1789 2627 1835 D.
2670 1788 2792 1848 prid.
2842 1801 2949 1832 non.

1610 1846 1754 1904 April.
1800 1846 2070 1890 Antiochiae
2111 1846 2331 1891 Gratiano
2370 1848 2420 1891 A.
2463 1858 2554 1891 1111
2597 1850 2642 1890 et
2675 1842 2952 1890 Merobaude

1610 1915 1672 1946 vo.
1705 1915 1848 1946 conss.
2761 1904 2818 1954 [a.
2850 1901 2948 1952 377]

1667 1955 1696 2004 7
1730 1957 1870 2015 ²⁵lmp
1898 1972 1949 2016 p.
1977 1958 2320 2002 Valentinianus
2351 1957 2626 2002 Theodosius
2654 1963 2700 2002 et
2727 1955 2950 2002 Arcadius

1611 2015 1742 2057 AAA.
1775 1972 1942 2070 Rusiiio
1965 2028 2047 2072 pp.
2107 2013 2230 2058 Nulli
2258 2013 2510 2057 militarium
2538 2027 2619 2069 pro
2642 2013 2712 2057 his
2743 2010 2946 2063 annonis,

1611 2082 1724 2126 quae
1753 2069 1798 2112 in
1836 2069 2077 2125 provinciis
2115 2069 2387 2125 delegantur,
2428 2069 2662 2125 repudiata
2689 2069 2748 2112 ad
2776 2074 2950 2132 tempus

1611 2125 1856 2181 specierum
1887 2126 2016 2182 copia
2045 2128 2090 2170 et
2115 2125 2292 2181 inopiae
2321 2126 2551 2170 occasione
2591 2130 2773 2180 captata.
2807 2129 2950 2180 pretia

1611 2181 1743 2225 liceat
1772 2182 2022 2237 postulare:
2063 2182 2126 2224 ita
2155 2185 2228 2234 ut,
2259 2181 2298 2225 si
2327 2181 2424 2236 quis
2463 2186 2646 2236 propter
2675 2179 2781 2223 anni
2809 2179 2950 2223 abun·

1612 2237 1807 2280 dantiam
1837 2238 2062 2293 suscipere
2091 2238 2243 2281 oblata
2272 2236 2513 2292 neglexerit
2541 2248 2593 2280 ac
2622 2239 2781 2292 postea
2807 2234 2951 2291 impo-

1611 2294 1706 2337 sitis
1736 2306 1817 2349 pro
1841 2295 2104 2337 necessitate
2120 2306 2266 2336 rerum
2290 2292 2442 2348 pretiis
2458 2292 2693 2348 repudiata
2721 2289 2951 2345 taxaverit,

1611 2362 1753 2404 neque
1792 2348 1836 2392 id
1874 2349 1991 2404 quod
2037 2354 2193 2393 contra
2232 2348 2349 2392 hanc
2391 2348 2528 2404 legem
2572 2348 2738 2404 expetit
2781 2348 2953 2393 sinatur

1613 2406 1805 2460 exigere,
1844 2418 1985 2460 neque
2014 2405 2060 2448 id
2098 2404 2216 2461 quod
2245 2405 2448 2461 accipere
2480 2404 2820 2449 dissimulaverit
2848 2416 2952 2448 con-

1614 2464 1838 2517 sequatur.
1898 2461 1951 2505 D.
1977 2473 2045 2505 111
2072 2460 2114 2504 lc.
2133 2463 2244 2518 Auq.
2281 2460 2671 2519 Constantinopoli
2702 2459 2951 2506 Theodosio

1613 2521 1664 2561 A.
1699 2529 1765 2560 111
1791 2523 1837 2562 et
1862 2517 2153 2561 Abundantio
2185 2531 2246 2562 vo.
2280 2531 2423 2561 conss.
2763 2520 2820 2570 [a.
2853 2518 2950 2568 393]

1671 2570 1701 2621 8
1733 2572 1919 2630 ²⁶Impp.
1951 2572 2175 2616 Arcadius
2203 2580 2249 2617 et
2272 2572 2509 2618 Honorius
2537 2574 2629 2618 AA.
2662 2572 2844 2618 Hilario
2865 2586 2950 2631 pp.

1614 2629 1954 2673 Provincialium
1985 2628 2224 2673 commodis
2253 2642 2333 2673 nos
2364 2629 2568 2674 convenit
2597 2629 2842 2675 subvenire.
2894 2627 2954 2676 ad

1615 2686 1807 2729 omnium
1837 2686 1986 2740 itaque
1998 2687 2033 2712 2⁷
2073 2698 2355 2729 numerorum
2394 2687 2484 2730 sive
2512 2686 2838 2730 vexillationum
2873 2687 2955 2732 aut

1616 2742 1747 2785 etiam
1777 2742 2030 2785 scholarum
2058 2742 2258 2786 tribunos
2289 2742 2357 2786 vel
2370 2743 2408 2770 2⁸
2436 2742 2552 2786 viros
2592 2743 2786 2787 illustres
2817 2741 2952 2786 comi·-

1614 2802 1682 2842 tes
1719 2798 1967 2842 sublimitas
2005 2802 2082 2841 tua
2123 2797 2260 2841 faciat
2297 2798 2547 2854 pervenire,
2589 2803 2640 2842 ut
2678 2797 2954 2844 meminerint

1614 2853 1764 2898 fenum
1794 2854 2004 2898 militibus
2034 2854 2159 2898 iustis
2174 2855 2211 2881 2⁹
2240 2853 2461 2910 capitibus
2480 2855 2797 2910 praestandum
2825 2853 2954 2900 iuxta

1614 2910 1752 2965 legem
1766 2911 1803 2937 ³⁰
1841 2910 1928 2954 divi
1957 2910 2297 2955 Valentiniani³¹
2337 2924 2422 2955 nec
2460 2914 2608 2955 tamen
2646 2909 2704 2956 ad
2741 2923 2798 2967 op
2831 2909 2952 2955 idum

1614 2966 1911 3010 deferendum.
1971 2966 2025 3010 D.
2057 2978 2151 3010 xvr
2175 2965 2217 3010 lc.
2251 2965 2336 3010 Iul.
2367 2967 2566 3011 Arcadio
2598 2977 2689 3011 ιιι]
2720 2972 2766 3011 et
2843 2978 2952 3011 ono·

1613 3023 1684 3066 rio
1716 3034 1785 3065 111
1811 3024 1902 3066 AA.
1934 3036 2077 3066 conss.
2764 3026 2821 3075 [a.
2853 3025 2950 3074 396]

1670 3076 1701 3125 9
1741 3077 1906 3122 ³2Iclem
1946 3079 2037 3124 AA.
2120 3078 2398 3123 Excellentia
2442 3083 2520 3122 tua
2563 3078 2832 3134 erogationis
2871 3089 2954 3134 per

1614 3139 1893 3191 susceptores
1931 3135 2078 3179 factae
2115 3134 2293 3179 modum
2329 3135 2576 3191 quantitate
2616 3135 2812 3179 brevium
2849 3146 2952 3181 con-

1612 3191 1719 3234 ferri
1749 3191 2072 3246 perficiat‚‚ita
2101 3194 2172 3245 ut,
2213 3205 2298 3247 quo
2312 3192 2351 3219 ³³
2380 3191 2450 3235 die
2479 3191 2671 3236 numeris
2701 3190 2851 3235 datum
2880 3189 2952 3243 sit,

1613 3247 1862 3302 diligentius
1893 3248 2148 3303 exploretur
2177 3260 2252 3300 ac,
2298 3247 2336 3291 si
2377 3247 2481 3303 quid
2510 3247 2700 3303 amplius
2729 3246 2953 3291 actuarios

1612 3304 1680 3347 vel
1711 3303 1911 3358 optiones
1942 3303 2167 3359 accepisse
2199 3303 2456 3359 constiterit,
2489 3317 2621 3359 quam
2650 3303 2846 3348 brevium
2875 3301 2954 3347 da·

1612 3365 1757 3403 torum
1789 3360 1960 3404 scriniis
1999 3359 2160 3404 nostris
2190 3361 2351 3404 veritas
2391 3362 2607 3412 continet,
2649 3359 2878 3404 memorati
2905 3359 2954 3403 in

1614 3415 1795 3471 duplum
1810 3415 1993 3460 reddere
2010 3416 2350 3471 compellantur:
2370 3416 2701 3471 susceptoribus
2718 3429 2772 3459 ea
2783 3427 2954 3459 summa

1611 3471 1884 3527 imputanda,
1918 3484 2048 3526 quam
2074 3473 2208 3516 semel
2231 3472 2533 3528 flagitantibus
2556 3471 2718 3515 eisdem
2746 3483 2954 3526 erogasse

1616 3533 1634 3572 1
1698 3529 2049 3572 monstraverint.
2093 3527 2209 3572 Nam
2235 3528 2292 3571 ad
2313 3529 2505 3572 illustres
2530 3540 2704 3584 quoque
2718 3527 2952 3584 magistros

1612 3584 1844 3639 utriusque
1886 3584 2067 3628 militiae
2103 3584 2221 3628 sacri
2261 3584 2411 3640 apices
2442 3586 2748 3635 cucurrerunt,
2791 3583 2952 3640 quibus

1612 3640 1798 3696 provida
1829 3641 2058 3684 sanctione
2088 3640 2380 3693 decrevimus,
2417 3644 2468 3683 ut
2496 3641 2651 3685 breves
2681 3642 2786 3684 ante
2813 3639 2953 3684 indic-

1612 3697 1746 3740 tionis
1775 3695 2040 3753 principium
2069 3710 2238 3740 summa
2266 3696 2351 3740 fide
2380 3709 2433 3739 ac
2463 3696 2646 3740 veritate
2676 3695 2866 3740 confecti
2894 3695 2953 3739 ad

1612 3758 1767 3797 nostra
1796 3752 1959 3796 scrinia
1987 3752 2246 3807 dirigantur,
2278 3751 2517 3796 secundum
2544 3765 2653 3808 quos
2676 3764 2705 3795 a
2723 3765 2850 3797 susce
2884 3756 2950 3797 to-

1613 3809 1736 3853 ribus
1780 3808 1976 3863 erogatio
2019 3809 2276 3853 celebretur.
2341 3807 2404 3852 D..
2437 3820 2532 3851 ΠΗ
2568 3807 2610 3852 lc.
2642 3808 2786 3867 April.
2866 3809 2952 3852 'on-

1610 3950 1728 4002 pom't
1756 3946 1802 3987 in
1831 3946 2043 3989 Vitoneris
2129 3949 2202 4001 (Π)
2231 3951 2291 3992 sic
2321 3950 2422 4001 edd„
2461 3949 2604 3991 itidem
2634 3949 2691 3999 K,
2721 3949 2757 3990 si
2785 3949 2952 4002 quidem

1621 4005 1669 4055 0,
1697 4003 1759 4044 ibi
1786 4003 1895 4044 idem
1928 4005 2002 4046 Th.
2100 4006 2174 4056 (ιε)
2205 4026 2260 4042 =
2292 4006 2366 4047 Th.
2398 4008 2435 4055 7,
2467 4014 2500 4057 4,
2531 4015 2572 4048 16
2671 4007 2746 4055 119)
2773 4007 2833 4047 sic
2862 4005 2952 4056 Th„

1614 4060 1859 4100 addicantur
1891 4060 1986 4102 libri
2065 4064 2142 4109 (20)
2177 4071 2246 4103 aut
2275 4061 2431 4102 directa
2459 4075 2508 4102 vr
2536 4061 2592 4103 id.
2626 4060 2755 4116 April.
2788 4067 2846 4108 (ut
2878 4060 2952 4102 Th.

1615 4117 1653 4166 8,
1686 4126 1720 4164 5,
1751 4124 1810 4164 28,
1843 4131 1869 4156 a
1900 4117 2033 4158 Probo
2063 4118 2215 4158 scilicet
2244 4119 2301 4158 ad
2331 4119 2635 4171 provinciarum
2665 4122 2851 4168 rectores)
2882 4125 2953 4158 aut

1614 4171 1652 4211 d.
1683 4184 1730 4212 VI
1757 4170 1814 4211 id.
1845 4171 1976 4224 April.
2009 4175 2190 4225 [accepta
2208 4204 2217 4213 .
2236 4203 2245 4213 .
2264 4175 2290 4224 .]
2322 4188 2399 4215 scr.
2485 4175 2557 4225 (21)
2587 4193 2644 4210 ---
2673 4173 2747 4215 Th.
2778 4174 2818 4223 7,
2847 4181 2881 4223 4,
2911 4181 2949 4214 17

1614 4229 1691 4278 (22)
1722 4226 1830 4267 idem
1864 4227 1937 4268 ΤΙι.
2012 4230 2090 4279 (23)
2120 4228 2301 4270 familiae
2329 4242 2506 4281 quoque,
2536 4229 2606 4270 sed
2636 4232 2675 4270 et
2704 4227 2830 4268 ceteri
2858 4228 2952 4280 qui-

1614 4283 1865 4333 buscumque
1894 4284 2073 4335 praediti
2103 4283 2375 4336 dignitatibus
2404 4288 2478 4326 ins.
2512 4286 2586 4327 Th.
2662 4286 2739 4337 (24)
2769 4284 2952 4336 capitum

1619 4340 1691 4379 Th.
1808 4341 1880 4389 (25)
1912 4360 1968 4376 =
2000 4340 2073 4381 Th.
2106 4343 2144 4391 7,
2175 4350 2210 4390 4,
2241 4350 2309 4383 20:
2339 4343 2524 4395 sortasse
2554 4342 2755 4394 {unqenda
2787 4349 2845 4382 est
2877 4340 2952 4382 Th.

1614 4398 1653 4444 5,
1685 4404 1737 4445 13,
1768 4403 1811 4436 33
1966 4399 2043 4446 (26)
2075 4418 2129 4432 =
2158 4397 2232 4438 Th.
2265 4399 2302 4444 7,
2334 4406 2368 4448 4,
2399 4406 2443 4440 23
2584 4398 2660 4448 (27)
2690 4396 2836 4448 utique
2875 4395 2951 4438 Th.

1615 4451 1695 4502 (28)
1725 4449 1804 4499 vel]
1835 4462 1908 4502 per
1929 4453 1999 4493 Th.
2059 4453 2139 4503 (29)
2159 4451 2287 4493 isdem
2305 4453 2380 4494 Th.
2439 4454 2516 4505 (30)
2545 4467 2624 4494 non
2646 4461 2753 4493 extat
2810 4454 2882 4504 (31)
2902 4450 2952 4492 de

1615 4506 1763 4557 quinta
1791 4505 1947 4547 decima
1976 4507 2204 4549 indictione
2235 4510 2309 4550 ins.
2345 4508 2415 4550 Th.
2503 4511 2580 4561 (82)
2697 4508 2771 4549 Th.
2803 4510 2842 4560 7,
2857 4515 2892 4560 4,
2908 4515 2953 4551 2⁴

1616 4564 1692 4615 (33)
1723 4573 1771 4603 ex
1801 4574 1882 4613 quo
1915 4563 1989 4605 ΤΙι.
