3152 4784
182 158 280 210 1111
318 152 517 203 52—55

177 301 330 359 potuit.
381 298 472 340 eius
501 298 648 337 autem
677 291 847 343 partem
876 290 1017 343 pretio
1046 288 1191 348 soluto
1221 282 1302 325 tibi
1330 280 1504 324 restitui

176 355 397 413 postulare
423 361 506 393 nec
536 344 711 388 militari
739 343 946 396 gravitati
974 340 1216 387 conven1t1.
1281 390 1291 401 .
1467 390 1479 400 .

229 409 258 454 5
300 406 423 450 Idem
459 401 551 446 AA.
592 404 637 442 et
675 395 753 440 CC.
788 395 1069 454 olympiam.
1129 394 1174 436 Si
1206 403 1346 434 maior
1375 401 1503 455 annis

175 462 323 518 viginti
365 458 555 514 quinque
596 452 714 495 velut
753 452 936 506 propria
977 449 1220 512 nesciens2·
1258 455 1505 489 communia

175 531 271 562 cum
311 513 517 558 fratribus
552 507 641 550 tuis
679 506 862 560 praedia
890 505 1151 555 distraxistl,
1190 502 1296 544 hcet
1335 499 1504 566 nullum

172 572 505 616 instrumentum
539 560 838 605 intercesserit
875 573 956 603 nec
987 560 1218 613 quicquam
1254 554 1506 620 speciahter

174 626 395 675 convenit,
437 620 604 663 alienae
642 614 856 670 portionis
894 614 1109 658 evictione
1152 615 1308 655 secuta
1350 615 1506 667 quanti

171 684 351 726 interest
380 671 612 731 emptoris³
642 670 797 714 solves.

754 838 906 888 LIII.⁴

167 929 286 971 REM
329 922 589 967 ALIENAM
633 919 991 962 GERENTIBUS
1045 918 1164 960 NON
1208 917 1505 959 INTERDIOI

395 977 591 1019 RERUM
621 975 848 1018 SUARUM
877 974 1282 1016 ALIENATIONE.

223 1063 247 1110 1
285 1062 427 1120 Impp.
462 1059 652 1104 Severus
679 1063 726 1103 et
751 1058 1009 1102 Antoninus
1037 1057 1130 1122 AA.
1163 1055 1395 1100 Publiciae
1424 1055 1506 1101 Ca-

165 1118 351 1184 psiolae.
407 1115 512 1159 Non
545 1119 619 1159 vest
655 1113 941 1213 interdicfflm
974 1114 1199 1213 §angoribus
1230 1112 1298 1156 vel
1327 1114 1505 1155 curato-

166 1177 319 1282 ζῖξῐῗιῗῖ,
350 1176 613 1271 θὲῗιιωθξιιῖο
640 1170 776 1269 ἑὲιιιιέἓ
803 1183 889 1269 ipos
899 1174 1038 1270 ⁰222„
1047 1171 1509 1279 effiffinsoesuntpgfflst

167 1299 267 1340 ergo
311 1288 490 1327 curator
529 1287 635 1325 *tuus
678 1279 866 1324 fundum
910 1294 1038 1324 suum
1081 1293 1187 1324 ¹cum
1239 1291 1322 1345 suo
1369 1290 1508 1323 onere

167 1341 358 1395 obligare
386 1338 494 1382 fisco
524 1342 701 1382 nostro:
739 1349 843 1380 nam
881 1340 925 1379 et
954 1336 1125 1393 privato
1155 1338 1390 1401 potu-isset.
1448 1332 1504 1378 D.

166 1410 266 1439 non.
299 1394 399 1439 Iun.
430 1393 660 1439 Antonino
691 1397 735 1437 et
764 1390 877 1437 Geta
906 1405 1050 1436 conss.
1319 1394 1376 1443 [a.
1409 1393 1505 1442 205]

745 1562 923 1612 L1111.⁶

164 1647 241 1688 DE
269 1644 465 1687 PACTIS
492 1644 1009 1742 INTERCgffiggfiEssAE
1031 1644 1106 1685 ET
1131 1643 1510 1685 VENDITOREM

224 1783 248 1830 1
285 1782 400 1841 Imp.
433 1782 690 1827 Antoninus
717 1783 770 1827 A.
819 1781 1032 1828 Claudiae
1061 1781 1297 1827 Diotimae.
1367 1781 1414 1825 Si
1452 1793 1510 1825 ea

165 1840 260 1894 lege
287 1838 516 1895 praedium
543 1837 799 1891 vendidisti,
829 1842 901 1891 ut,
939 1837 1027 1882 nisi
1054 1838 1173 1882 intra
1195 1842 1371 1882 certum
1397 1842 1510 1881 tem-

198 1909 249 1940 us
284 1895 477 1951 pretium
516 1894 675 1938 fuisset
708 1895 983 1947 exsolutum,
1017 1895 1212 1950 emptrix
1243 1907 1373 1937 'arras
1409 1906 1509 1950 per-

165 1910 289 1994 geret
317 1954 361 1995 et
389 1950 628 1995 dominium
656 1950 717 1994 ad
745 1953 791 1994 te
818 1950 1072 2007 pertineret,
1108 1950 1222 1995 fides
1253 1952 1510 1994 contractus

168 2006 382 2052 servanda
411 2011 492 2051 est.
550 2005 607 2051 D.
648 2018 677 2050 V
703 2006 761 2050 id.
794 2040 803 2050 .
836 2041 846 2050 .
879 2007 912 2050 ,θ
941 2004 1110 2050 Sabino
1142 2018 1188 2050 ιι
1224 2011 1268 2051 et
1294 2006 1510 2050 Anullino

167 2077 310 2107 conss.
1321 2065 1377 2114 [a.
1411 2065 1509 2114 21⁶6]

223 2117 253 2164 2
285 2117 398 2177 Imp.
430 2117 694 2163 Alexander
721 2118 773 2162 Α.
809 2116 1013 2162 ΟΙιανὲεἰο
1043 2117 1186 2162 militi.
1247 2117 1294 2161 Si
1318 2117 1511 2163 ‘fundum

197 2179 371 2218 arentes
410 2174 479 2218 tui
514 2186 572 2218 ‘ea
605 2175 700 2229 lege
735 2173 1042 2228 vendiderunt,
1083 2177 1147 2226 ut,
1188 2173 1279 2218 sive
1306 2173 1392 2229 ipsi
1416 2173 1511 2218 sive

166 2189 348 2274 Heredes
379 2243 531 2274 eorum
562 2229 748 2285 emptori
777 2230 967 2284 pretium
997 2229 1263 2286 quandoque
1290 2229 1359 2274 vel
1392 2229 1511 2272 intra

169 2292 288 2330 certa
308 2292 508 2342 tempora
534 2286 811 2337 obtulissent,
841 2286 1161 2340 restitueretur,
1191 2291 1325 2340 teque
1350 2289 1508 2340 parato

168 2342 423 2386 satisfacere
476 2341 722 2385 condicioni
777 2340 921 2385 dictae
975 2341 1105 2385 heres
1160 2340 1368 2397 emptoris
1420 2354 1510 2384 non

166 2401 294 2454 paret
306 2399 336 2451 ⁷,
359 2402 409 2441 ut
432 2401 688 2441 contractus
714 2396 823 2440 fides
853 2401 1062 2451 servetur,
1088 2397 1205 2441 actio
1222 2396 1510 2452 praescriptis

167 2453 312 2497 verbis
347 2454 415 2497 vel
461 2466 515 2497 ex
553 2453 726 2496 vendito
771 2452 854 2498 tibi
896 2452 1096 2506 dabitur,
1141 2453 1297 2496 habita
1338 2453 1511 2496 ratione

167 2522 338 2562 eorum,
379 2522 492 2565 quae
529 2513 632 2565 post
661 2509 854 2553 oblatam
884 2522 941 2553 ex
968 2513 1103 2564 pacto
1135 2509 1427 2564 quantitatem
1458 2521 1512 2552 ex

170 2578 220 2608 eo
259 2565 394 2608 fundo
432 2565 488 2608 ad
527 2565 827 2608 adversarium
859 2570 1164 2621 pervenerunt.
1225 2564 1279 2609 D.
1311 2564 1353 2608 lc.
1387 2563 1508 2623 Sept.

169 2621 432 2665 Alexandro
462 2622 514 2664 A.
548 2634 668 2664 cons.
1323 2625 1379 2673 [a.
1413 2623 1510 2672 222]

227 2674 256 2722 3
295 2675 419 2719 Idem
446 2677 498 2719 A.
530 2675 669 2719 Felici
706 2676 848 2719 militi.
922 2675 1006 2730 Qui
1052 2689 1103 2719 ea
1144 2677 1240 2730 lege
1283 2676 1512 2731 praedium

170 2731 377 2782 vendidit,
406 2736 470 2784 ut,
500 2731 585 2774 nisi
605 2731 821 2785 reliquum
847 2732 1038 2786 pretium
1062 2732 1180 2775 intra
1207 2737 1376 2775 certum
1397 2735 1511 2775 tem-

172 2800 256 2841 pus
283 2787 534 2829 restitutum
563 2789 693 2838 esset,
724 2786 782 2828 ad
811 2799 858 2829 se
886 2791 1194 2839 reverteretur,
1225 2787 1264 2830 si
1291 2800 1382 2831 non
1411 2800 1511 2842 pre-

175 2840 368 2884 cariam⁸
414 2841 738 2896 possessionem
795 2841 997 2894 tradidit,
1055 2843 1120 2885 rei
1173 2842 1512 2886 vindicationem

174 2909 263 2940 non
291 2895 441 2948 habet,
471 2896 548 2940 sed
577 2896 796 2939 actionem
825 2909 880 2939 ex
908 2897 1097 2940 vendito.
1158 2896 1213 2941 D.
1237 2909 1307 2941 ΙΙΙ
1326 2897 1386 2941 id.
1404 2896 1514 2941 Iul.⁹

230 2950 262 2996 4
291 2950 416 2995 Idem
446 2953 497 2995 A.
533 2949 719 2996 Claudio
751 2950 933 2996 Iuliano
964 2957 1007 2996 et
1035 2951 1329 2997 Proculiano.
1385 2953 1512 2997 Gom-

172 3007 398 3049 missoriae
426 3006 689 3051 venditionis
718 3008 857 3062 legem
887 3021 1091 3052 exercere
1121 3022 1210 3052 non
1238 3013 1399 3064 potest,
1470 3010 1513 3052 ui

173 3066 274 3118 post
316 3061 628 3117 praestitutum
671 3064 802 3118 pretii
847 3063 1042 3107 solvendi
1086 3063 1198 3107 diem
1240 3078 1332 3108 non
1373 3065 1446 3108 vin
1477 3065 1513 3108 i-

174 3117 484 3215 catiqnemlrei
512 3117 683 3173 eligere,
714 3118 793 3162 sed
819 3131 1059 3163 usurarum
1088 3121 1222 3175 pretii
1256 3120 1513 3176 petitionem

174 3186 220 3217 se
252 3187 298 3216 ιιι
324 3186 396 3216 ma
412 3178 490 3216 uit.

301 3227 413 3285 Imp.
455 3227 711 3273 Gordianus
749 3230 799 3273 A.
841 3229 1028 3275 Aurelio
1065 3230 1275 3289 Lonqino
1313 3236 1511 3276 evocato.

174 3284 303 3327 Initio
331 3284 591 3328 venditionis
622 3285 658 3327 si
696 3290 854 3340 pactus
893 3298 964 3340 es,
1004 3290 1053 3330 ut
1088 3287 1126 3330 is
1167 3288 1239 3331 cui
1280 3286 1515 3331 vendidisti

175 3339 496 3394 possessionem
523 3340 654 3394 pretii
682 3341 853 3385 tardius
882 3342 1071 3386 exsoluti
1102 3343 1186 3388 tibi
1215 3355 1375 3387 usuras
1396 3356 1512 3399 'pen-

178 3395 351 3446 sitaret,
388 3408 476 3438 non
512 3395 726 3440 immerito
762 3397 985 3441 existimas
1015 3399 1145 3441 etiam
1176 3411 1251 3443 eas
1282 3398 1365 3442 tibi
1392 3399 1513 3444 adito

177 3449 379 3505 praeside
407 3451 464 3493 ab
493 3456 689 3506 emptore
719 3454 936 3505 praestari
965 3454 1136 3498 debere.
1189 3467 1288 3498 nam
1319 3455 1358 3499 si
1387 3455 1511 3499 initio

180 3510 431 3548 contractus
470 3519 557 3548 non
595 3519 639 3549 es
680 3512 860 3562 pactus,
901 3509 940 3552 si
980 3511 1177 3565 coeperis
1216 3511 1428 3566 experiri,
1450 3523 1513 3555 ex

177 3574 301 3604 mora
339 3561 566 3624 dumtaxat
604 3575 760 3606 usuras
800 3568 890 3606 tam
930 3565 984 3608 ab
1023 3566 1120 3621 ipso
1155 3566 1352 3610 debitore
1382 3579 1512 3622 quam

179 3617 234 3659 ab
265 3629 330 3669 eo,
370 3630 444 3671 qui
472 3617 519 3659 in
548 3630 719 3661 omnem
749 3631 927 3662 causam
956 3623 1089 3676 empti
1119 3635 1243 3665 suam
1273 3622 1405 3666 fidem
1435 3622 1512 3667 ad-

178 3671 366 3727 strinxit,
398 3671 452 3715 de
480 3673 575 3716 iure
602 3674 862 3728 postulabis.

227 3726 265 3785 ,6
310 3726 488 3808 ,ζφηρόρμ
538 3727 678 3772 Carus
723 3725 913 3774 Carinus
957 3739 998 3774 et
1037 3731 1339 3777 Numerianus
1377 3735 1510 3778 AAA.

183 3782 393 3847 Θίμὶινιο1
457 3782 662 3827 Romulo.
736 3785 843 3828 Cum
886 3790 931 3829 te
967 3786 1151 3831 fundum
1191 3794 1319 3833 tuum
1365 3793 1513 3834 certae

178 3851 241 3880 rei
272 3839 638 3893 contemplatione
665 3839 780 3884 inter
808 3854 886 3885 vos
915 3842 1067 3886 habita
1104 3845 1257 3899 exiguo
1294 3846 1436 3901 pretio
1465 3846 1511 3889 in

179 3894 311 3936 alium
349 3895 628 3938 transtulisse
667 3909 1002 3951 commemoras,
1040 3901 1204 3953 poterit
1243 3914 1295 3944 ea
1326 3914 1403 3945 res
1433 3902 1513 3945 tibi

178 3962 291 4013 non·
309 3962 403 4014 esse
441 3950 609 4013 t'raudi,
647 3952 819 4007 quando
858 3965 949 3997 non
983 3953 1163 4009 impleta
1194 3957 1397 4011 promissi
1426 3957 1513 4000 fide

180 4004 358 4047 dominu
394 4009 458 4048 tui
495 4006 564 4048 ius
603 4007 649 4050 in
688 4020 813 4051 suam
850 4020 1028 4052 causam
1066 4013 1220 4054 reverti
1266 4013 1510 4056 conveniat.

180 4065 223 4124 et
257 4060 353 4104 ideo
392 4061 536 4104 aditus
579 4067 829 4118 competens
859 4063 993 4107 iudex
1020 4063 1203 4109 fundum
1234 4069 1359 4112 cuius
1388 4082 1511 4113 men-

179 4122 341 4159 tionem
383 4116 493 4160 facis
537 4118 709 4161 restitui
754 4118 833 4162 tibi
880 4132 978 4162 cum
1022 4120 1237 4167 fructibus
1283 4125 1374 4168 suis
1417 4125 1511 4169 sine

179 4258 229 4308 (1)
258 4259 338 4297 PP.
368 4257 424 4299 id.
450 4259 570 4299 Febr.
603 4260 682 4300 CO.
721 4273 848 4300 conss.
880 4262 951 4311 (=
974 4277 1012 4302 a.
1039 4265 1124 4314 294)
1154 4267 1337 4317 fortasse
1365 4268 1512 4319 suppl,

182 4314 232 4364 cs.
254 4328 295 4365 p.
313 4322 375 4354 183
404 4323 482 4354 not.
508 4323 546 4355 21
660 4316 716 4367 (2)
744 4317 803 4356 sic
831 4317 904 4368 Pa,
941 4317 1142 4358 nescienti
1171 4318 1283 4371 P⁶R‚
1314 4322 1515 4362 nescienti

181 4366 299 4406 alteri
332 4367 365 4407 C
446 4369 500 4419 (3)
524 4371 583 4411 sic
607 4370 654 4420 P,
687 4371 859 4422 emptori
888 4371 961 4413 CR
1047 4374 1102 4424 (4)
1130 4374 1174 4414 Β
1192 4377 1311 4427 19,16
1398 4378 1453 4429 (5)
1472 4378 1514 4417 Β

186 4422 248 4484 19,
281 4430 311 4473 1,
341 4433 385 4464 88
416 4440 523 4477 seqq.
661 4427 714 4476 (6)
744 4426 798 4467 id.
830 4439 887 4467 cc.
920 4428 978 4467 P:
1007 4439 1063 4467 cc.
1098 4438 1167 4469 aut
1195 4446 1242 4471 ex
1270 4432 1513 4486 Lanyobar-

186 4476 277 4515 dica
315 4478 467 4519 litterae
505 4492 529 4519 a
553 4483 694 4532 forma
730 4491 956 4535 corruptum
986 4492 1061 4533 est,
1102 4493 1144 4524 ut
1171 4488 1432 4539 supplendum
1462 4489 1516 4528 sit

185 4531 310 4594 Aug,
337 4543 405 4573 aut
435 4550 480 4574 ex
509 4548 566 4574 oc.
599 4556 652 4570 ==
683 4536 769 4576 Oct.
902 4537 957 4588 (7)
987 4539 1045 4578 sic
1075 4539 1183 4590 dett„
1210 4543 1372 4592 pareret
1400 4540 1514 4585 PCR

185 4584 241 4633 (Β)
272 4599 329 4626 stc
359 4588 502 4640 l'¹’CR‚
531 4591 789 4642 praecipuam
822 4593 871 4633 ΡΙ
987 4593 1044 4646 (9)
1074 4597 1310 4649 subscriptio
1339 4599 1513 4649 fortasse

1510 125 1607 185 184
2143 142 2259 182 REM
2292 138 2543 181 mimum
2581 138 2926 180 <summos

1586 278 1679 321 ulla
1713 273 2013 323 ludificatione
2043 292 2134 324 sua
2177 276 2443 333 auctoritate
2489 276 2754 332 perficietss,
2797 290 2928 334 pine-

1588 333 1715 387 cipue
1743 344 1845 396 cum
1866 330 2044 397 diversa
2068 346 2177 400 pars
2205 331 2396 388 receptis
2425 331 2613 376 nunnus
2635 333 2734 382 suis
2761 333 2928 378 nullam

1587 399 1722 443 passa
1748 386 1886 431 viden
2021 389 2055 433 ‘t
2081 390 2300 435 mim-iam.

1644 440 1672 487 7
1707 441 1855 501 Impp.
1937 443 1946 452 '
2070 446 2079 455 ”
2109 459 2194 490 nus
2231 450 2277 489 et
2303 441 2618 487 Maximianus
2644 443 2739 488 AA.
2773 448 2821 488 ot
2849 442 2928 489 00.

1590 497 1792 541 Fabiano
1830 496 2002 547 Museo.
2070 501 2119 546 Si
2154 513 2186 544 a
2223 505 2267 544 te
2307 496 2580 553 comparavit
2612 497 2655 541 is
2686 499 2812 543 cuius
2835 512 2930 545 me·

1589 553 1756 597 ministi
1796 557 1844 596 et
1883 555 2103 609 convenit,
2145 561 2198 600 ut
2212 557 2259 609 ¹²,
2303 555 2342 599 si
2383 553 2503 597 intra
2547 557 2718 597 centum
2758 558 2932 612 tempus

1590 610 1736 654 soluta
1763 607 1899 652 fuerit
1924 609 2032 654 data
2060 611 2298 668 quantitas,
2336 610 2393 654 sit
2420 621 2492 652 res
2521 607 2729 664 inempta,
2769 610 2934 655 remitti

1589 666 1706 708 hanc
1743 664 2076 710 conventionem
2111 667 2326 722 rescripto
2363 669 2518 708 nostro
2557 676 2650 707 non
2679 664 2775 708 iure
2797 665 2932 721 petis.

1589 720 1667 765 sed
1711 719 1750 764 si
1786 732 1839 764 se
1875 720 2135 775 subtrahat,
2179 727 2230 767 ut
2265 722 2363 766 iure
2401 718 2580 763 dominii
2617 719 2803 764 eandem
2838 730 2936 766 rem

1589 776 1791 830 retineat,
1824 775 2171 822 denuntiationis
2199 782 2246 821 et
2275 774 2594 832 obsignationis
2624 774 2934 831 depositionis-

1590 844 1675 931 pue
1695 830 1905 914 ¹remedio
1945 837 2099 877 contra
2135 832 2339 878 fraudem
2374 836 2502 888 potes
2539 829 2626 874 iuri
2660 835 2741 875 tuo
2772 843 2935 881 com-

1608 900 1680 932 ere
1734 919 1747 931 .

1647 941 1678 991 8
1719 941 1845 986 Idem
1884 942 1976 986 AA.
2025 948 2074 987 et
2111 942 2190 988 CC.
2229 942 2492 988 Auxanoni.
2566 942 2787 998 Tempore
2829 954 2936 988 oon-

1590 1002 1762 1043 tractus
1797 998 1916 1042 inter
1952 1003 2192 1055 emptorem
2223 1004 2275 1043 et
2302 999 2574 1043 venditorem
2602 997 2800 1042 habitam
2823 1010 2936 1044 oon-

1590 1054 1838 1099 ventionem
1867 1054 2083 1110 integram
2111 1055 2300 1107 servari,
2336 1055 2375 1098 si
2403 1056 2461 1100 ab
2490 1067 2544 1098 ea
2571 1053 2820 1109 posteriore
2846 1066 2937 1101 non

1590 1109 1823 1155 recedatur
1850 1114 1998 1166 pacto,
2022 1113 2196 1154 certum
2225 1116 2308 1155 est.

1647 1165 1677 1214 9
1714 1165 1863 1224 ¹⁴Imp.
1897 1164 2181 1210 Iustinianus
2208 1168 2259 1210 A.
2292 1165 2492 1211 Iohanni
2512 1181 2596 1232 pp.
2660 1165 2711 1210 Si
2748 1164 2847 1221 quis
2871 1165 2940 1210 its

1590 1222 1846 1279 paciscatur
1881 1221 1930 1264 in
1968 1220 2231 1266 venditionis
2269 1222 2337 1266 vel
2376 1221 2653 1266 alienationis
2689 1226 2939 1273 contractu,

1593 1284 1641 1322 ut
1679 1291 1792 1323 novo
1830 1277 2008 1321 domino
2048 1277 2170 1321 nullo
2210 1277 2341 1321 modo
2381 1277 2515 1321 liceat
2548 1278 2596 1321 in
2626 1278 2734 1322 ‘loeo
2761 1276 2939 1322 vendito

1591 1335 1660 1378 vel
1698 1334 1786 1378 alio
1825 1333 1956 1377 modo
1989 1331 2081 1377 sibi
2123 1345 2335 1377 concesso
2373 1337 2704 1378 monumentum
2734 1337 2941 1378 estruem

1590 1391 1659 1435 vel
1688 1391 1775 1434 alio
1812 1389 1943 1433 modo
1972 1387 2156 1432 humani
2183 1388 2294 1432 iuris
2321 1401 2424 1432 eum
2452 1388 2664 1443 eximere,
2701 1388 2943 1447 sancitum,

1591 1447 1696 1491 licet
1732 1446 1819 1491 hoc
1854 1445 1974 1501 apud
2010 1450 2180 1489 veteres
2209 1444 2518 1497 dubitabatur,
2556 1445 2647 1488 tale
2672 1446 2858 1500 paetum
2877 1455 2942 1489 τοι

1592 1507 1747 1547 nostra
1783 1502 1879 1557 lege
1917 1513 2014 1545 esse
2056 1500 2294 1545 fovendum
2327 1504 2375 1543 et
2407 1500 2722 1544 inmutiiatum

1596 1563 1614 1602 1
1675 1571 1795 1602 nere.
1863 1557 2073 1602 Forsitan
2110 1556 2231 1601 *enim
2269 1557 2455 1601 multum
2493 1557 2587 1601 eius
2614 1556 2848 1610 intererat,
2879 1567 2942 1601 -ne

1594 1615 1634 1659 ei
1661 1614 1835 1659 vicinus
1865 1627 1955 1658 non
1983 1614 2126 1658 solum
2157 1625 2286 1668 quem
2315 1612 2454 1657 nollet
2481 1612 2758 1669 adgregetur,
2788 1611 2870 1658 ssd
2892 1615 2943 1670 et

1594 1684 1677 1727 pro
1722 1684 1809 1727 quo
1849 1683 1876 1714 ⁴s
1937 1669 2108 1713 cialiter
2148 1668 2432 1712 interdictum
2475 1670 2554 1713 est.
2629 1681 2738 1713 cum
2773 1691 2778 1697 ·
2884 1667 2897 1679 ⁶

1593 1726 1793 1771 venditor
1836 1739 1889 1770 ve
1946 1725 2076 1769 aliter
2091 1726 2126 1753 ²⁶
2163 1725 2382 1769 alienator
2420 1738 2510 1769 non
2549 1724 2637 1768 alia
2673 1723 2770 1780 lege
2807 1736 2944 1769 suum

1593 1783 1662 1827 ius
1690 1781 1932 1826 transferre
1962 1794 2122 1837 passus
2152 1786 2221 1825 est
2248 1781 2335 1826 nisi
2363 1781 2442 1824 tali
2466 1781 2607 1825 fretus
2636 1779 2942 1835 conventione,

1595 1838 1812 1894 quomodo
1850 1837 2082 1882 ferendum
2121 1839 2190 1881 est
2221 1837 2421 1893 *aliquam
2451 1836 2708 1893 captionem
2731 1848 2792 1881 ex
2817 1835 2944 1881 varia

1594 1895 1688 1951 pati
1737 1907 1844 1939 eum
1895 1893 2288 1950 interpretatione?
2366 1892 2422 1937 D.
2469 1904 2541 1937 XV
2580 1891 2624 1937 lc.
2668 1891 2781 1938 Nov.
2828 1891 2943 1937 Gon-

1593 1950 1894 2010 scantinopoli
1926 1955 2043 2009 post
2085 1949 2366 1994 consulatum
2406 1947 2648 2008 Lampadii
2689 1953 2736 1993 et
2751 1945 2944 2059 [(31ξέ1ξῖ

1594 2021 1659 2052 vv.
1691 2020 1752 2051 oo.
2745 2018 2812 2050 a.

2200 2175 2342 2224 LV.¹⁶

1763 2258 1815 2299 SI
1844 2256 2057 2298 SERVUS
2085 2255 2500 2299 EXPORTANDUS
2530 2255 2776 2302 VENEAT.

1654 2338 1677 2385 1
1715 2338 1863 2438 Implp.
1891 2338 2082 2384 Severus
2110 2343 2155 2382 et
2178 2338 2434 2382 Antoninus
2457 2338 2549 2382 AA.
2575 2336 2944 2383 Pewoniaessa-

1597 2395 1740 2440 villae.
1841 2407 1920 2451 ege
1947 2394 2212 2439 venditionis
2243 2398 2476 2450 exportata
2503 2394 2727 2450 mancipia
2753 2394 2840 2439 sub
2864 2393 2942 2438 de-

1595 2451 1873 2495 nuntiatione
1901 2463 2059 2494 manus
2085 2450 2335 2494 iniciendae
2363 2450 2611 2494 libertatem
2638 2450 2702 2494 ‘ab
2726 2453 2943 2506 emptore,

1595 2507 1662 2551 vel
1692 2507 1765 2563 qui
1797 2507 2014 2552 successit
2042 2507 2088 2550 in
2117 2506 2264 2551 locum
2293 2507 2401 2560 eius,
2433 2509 2670 2563 antequam
2694 2505 2803 2551 fides
2817 2518 2944 2551 num-

1601 2568 1615 2606 1
1678 2568 1835 2619 patur,
1877 2563 2081 2619 accipere
2097 2567 2310 2662 (possunt.
2366 2562 2494 2618 Quae
2522 2565 2672 2607 tamen
2701 2561 2812 2607 fisco
2835 2565 2946 2627 *pest

1596 2620 1984 2663 manumissionem
2022 2619 2094 2662 vin
2128 2618 2300 2662 'cantur
2337 2622 2382 2662 et
2418 2619 2464 2662 in
2506 2631 2563 2674 pe
2620 2623 2764 2662 etnam
2798 2630 2944 2663 ‘serm-

1596 2680 1736 2718 tutem
1780 2675 1933 2719 eadem
1972 2676 2068 2729 lege
2105 2679 2317 2728 veneunt,
2364 2687 2465 2719 cum
2499 2675 2546 2718 in
2614 2673 2653 2718 is
2693 2673 2944 2718 civitatibus

1598 2734 1620 2773 2
1668 2733 2001 2788 conversantur,
2034 2743 2144 2785 quas
2168 2730 2483 2774 contrahentes
2509 2734 2787 2786 exceperant.
2826 2731 2946 2774 Ante

1595 2786 1984 2830 manumissionem
2012 2785 2259 2828 iniciendae
2289 2799 2446 2828 manus
2477 2785 2671 2830 facultas
2700 2799 2790 2830 non
2811 2785 2940 2830 dene-

1625 2846 1725 2884 atur
1755 2846 1888 2912 atque
1915 2841 2013 2884 ideo
2044 2854 2133 2884 non
2156 2846 2368 2896 petuntur
2397 2841 2443 2884 in
2467 2841 2707 2896 publicum.
2759 2839 2854 2885 PP.
2877 2853 2947 2885 xv

1596 2855 1638 2940 Ξ.
1674 2896 1767 2941 Oct.
1801 2898 1965 2942 severo
1996 2898 2047 2940 A.
2080 2907 2126 2942 Η
2154 2901 2199 2940 et
2237 2895 2470 2940 Victorino
2501 2909 2646 2941 conss.
2755 2900 2813 2949 [a.
2843 2898 2942 2949 200]

1655 2950 1686 2998 2
1717 2951 1844 2996 Jdem
1866 2952 1958 2996 AA.
1987 2951 2103 2996 Sezo
2129 2951 2347 3016 Nedymo.
2401 2951 2459 3002 Si,
2489 2955 2540 2996 ut
2561 2965 2718 2996 manus
2740 2949 2944 2999 iniectio-

1598 3021 1697 3052 nem
1726 3008 1936 3060 haberes,
1977 3007 2130 3052 cavisti
2159 3007 2261 3059 tibi,
2297 3007 2392 3051 iure
2420 3010 2499 3052 tuo
2528 3007 2596 3051 uti
2623 3011 2765 3064 potes.
2826 3007 2945 3063 quod

1599 3065 1636 3107 si
1665 3064 1750 3108 hoc
1781 3063 1964 3108 omisisti
1994 3068 2038 3107 et
2067 3076 2256 3119 poenam
2284 3063 2520 3118 stipulatus
2565 3075 2634 3116 es,
2674 3063 2805 3107 homo
2846 3062 2944 3119 qui-

1599 3119 1697 3163 dem
1735 3119 1842 3164 fisco
1887 3119 2145 3163 commissus
2182 3123 2272 3172 est,
2309 3122 2361 3162 tu
2391 3131 2493 3163 vero
2526 3123 2689 3163 nactus
2720 3131 2776 3163 ex
2802 3118 2862 3163 sti
2891 3131 2944 3163 u-

1598 3177 1693 3219 latu
1725 3176 1957 3219 actionem.
2016 3175 2063 3218 in
2092 3174 2295 3220 omnibus
2318 3179 2474 3218 ¹‘tamen
2498 3174 2743 3230 quaeritur,
2775 3186 2860 3218 aur
2924 3198 2944 3209 -
2996 3183 3001 3187 ’

1598 3231 1705 3275 mini
1749 3231 1976 3275 voluntate
2018 3231 2066 3274 in
2107 3231 2254 3274 locum
2292 3230 2562 3287 prohibitum
2599 3230 2780 3274 venerit.
2845 3229 2942 3274 FP.

1608 3289 1714 3331 VJJ¹⁷
1745 3286 1788 3332 lc.
1806 3287 1921 3332 Nov.
1949 3285 2114 3331 Severo
2131 3288 2182 3330 A.
2202 3298 2249 3330 II
2259 3292 2305 3331 et
2324 3285 2562 3331 Victorino
2578 3299 2721 3330 consa
2769 3289 2826 3339 [a.
2844 3289 2943 3340 200]

1656 3340 1684 3389 3
1717 3341 1831 3401 Imp.
1862 3341 2126 3387 Alexander
2154 3342 2206 3386 A.
2225 3341 2372 3386 Novio
2395 3341 2567 3387 liberto.
2610 3341 2800 3396 Ancilla,
2831 3353 2946 3397 miae

1600 3398 1874 3455 exportanda
1898 3397 2018 3442 venit
2041 3410 2124 3442 nec
2145 3402 2381 3453 exportata
2407 3403 2486 3452 est,
2513 3396 2591 3442 sed
2603 3400 2640 3426 ¹⁸
2664 3397 2946 3454 abssemptore

1597 3456 1644 3499 in
1683 3455 1835 3499 eadem
1876 3455 2054 3499 civitate
2097 3458 2297 3498 morante
2346 3458 2492 3518 empta
2539 3459 2584 3497 et
2599 3453 2634 3480 ²⁹
2674 3452 2945 3500 manumissa

1598 3516 1678 3566 est,
1711 3510 1921 3554 adversus
1943 3510 2083 3566 legem
2106 3509 2368 3553 venditionis
2394 3509 2534 3552 libera
2555 3508 2654 3552 fieri
2669 3522 2758 3552 non
2771 3508 2941 3565 potuit:

1599 3572 1644 3611 et
1680 3567 1780 3611 ideo
1819 3567 1966 3610 aditus
2005 3578 2033 3609 a
2067 3568 2114 3609 te
2147 3567 2412 3620 procurator
2450 3577 2573 3608 meus
2612 3564 2816 3621 partibus
2839 3563 2941 3610 suis

1598 3623 1815 3679 fimgetur.
1874 3620 1968 3665 PP.
2000 3632 2093 3664 ΠΗ
2116 3620 2177 3664 id.
2207 3618 2346 3664 Mart.
2372 3619 2581 3665 Maximo
2611 3631 2659 3664 11
2684 3624 2729 3665 et
2748 3618 2941 3719 Aeligno

1599 3692 1744 3723 conss.
2753 3679 2811 3728 [a.
2871 3679 2926 3719 23

1655 3733 1687 3780 4
1719 3733 1844 3779 idom
1873 3732 1925 3777 A.
1956 3731 2141 3776 Aurelio
2180 3730 2368 3790 Papiae.
2434 3731 2638 3784 Moveor,
2675 3730 2796 3786 quod
2826 3733 2877 3776 ‘te
2913 3679 2944 3775 ἒ,

1598 3790 1736 3835 servis
1764 3789 1864 3833 tuis
1897 3787 2128 3832 ‘dominum
2158 3799 2310 3831 eorum
2338 3788 2509 3832 venisse
2539 3786 2746 3831 adfirmas
2775 3787 2860 3831 sub
2879 3798 2943 3831 aea

1597 3846 1714 3901 lege,
1759 3857 1815 3888 ne
1857 3845 1905 3888 in
1947 3844 2093 3942 patria
2121 3843 2327 3897 moreris,
2355 3847 2414 3887 ⁴et
2438 3843 2498 3887 ab
2524 3855 2606 3895 eo,
2637 3842 2720 3887 ‹cui
2738 3847 2793 3887 te
2810 3841 2943 3898 -prior

1606 3907 1619 3944 l
1669 3905 1840 3957 emptor
1862 3912 1946 3943 ven
1981 3899 2132 3953 'der-at,
2163 3899 2476 3944 manumissum
2502 3911 2602 3943 esse
2619 3898 2750 3943 dicis.
2783 3897 2942 3953 *Quare

1600 3962 1853 4013 competens
1896 3955 2028 3999 iudex
2072 3955 2282 3999 adversus
2330 3967 2452 4009 eum,
2497 3967 2627 4011 quem
2660 3956 2941 4010 praesentem

1598 4025 1696 4057 esse
1725 4011 1849 4064 dicis,
1881 4024 1932 4054 co
1962 4010 2171 4054 nitionem
2203 4023 2327 4055 suam
2357 4010 2588 4066 praebebit
2616 4014 2673 4062 et,
2712 4009 2751 4054 si
2778 4007 2940 4053 veritas

1598 4067 1873 4112 accusationi
1900 4079 1928 4110 a
1961 4067 2055 4121 erit,
2088 4066 2358 4111 exsecrabile
2388 4066 2595 4110 delictum
2619 4065 2666 4108 in
2692 4064 2941 4120 exemplum

1599 4128 1623 4168 2
1683 4122 1860 4179 capitali
1890 4135 2034 4178 poena
2063 4122 2319 4167 vindicabit.
2379 4121 2467 4166 Sed
2495 4120 2643 4176 quoad
2672 4131 2812 4176 usque
2829 4132 2940 4179 ‚pto-

1598 4267 1656 4307 ad
1678 4281 1712 4308 c.
1730 4274 1747 4305 7
1773 4266 1948 4318 pertinet
2033 4265 2108 4315 (10)
2134 4263 2317 4304 solubrio
2334 4263 2386 4314 S,
2410 4278 2490 4304 om.
2515 4262 2611 4303 libri
2691 4261 2761 4314 (11)
2788 4261 2850 4302 sic
2874 4259 2938 4310 M,

1597 4323 1640 4362 et
1659 4322 1742 4362 ins.
1767 4318 1848 4360 GR
1958 4322 2033 4371 (12)
2063 4323 2111 4360 ut
2139 4318 2213 4371 R⁶,
2244 4334 2317 4361 om.
2338 4317 2447 4360 ’GR‘
2553 4316 2628 4369 (13)
2659 4317 2708 4357 de
2735 4317 2939 4370 subscrip-

1597 4378 1702 4418 tione
1717 4391 1754 4416 v.
1771 4383 1850 4416 not.
1868 4384 1890 4417 9
1966 4377 2040 4427 (14)
2071 4376 2276 4430 iunyenda
2291 4375 2444 4416 videtur
2458 4374 2498 4424 4,
2515 4381 2568 4421 51,
2584 4381 2606 4414 ’1
2679 4371 2755 4422 (15)
2770 4372 2830 4413 eie
2844 4372 2936 4413 deu.

1598 4447 1682 4472 cum
1705 4432 1792 4472 ΒΣ
1811 4432 1950 4482 (nan),
1975 4430 2081 4471 alter
2109 4430 2182 4472 GR
2266 4431 2342 4483 (10)
2365 4429 2409 4470 Β
2429 4429 2493 4479 19,
2511 4436 2544 4470 ’1.
2562 4450 2616 4457 -
2634 4426 2698 4477 ΟΥ.
2713 4426 2814 4480 Diy.
2835 4428 2900 4479 18,
2917 4435 2936 4468 7

1597 4487 1671 4538 (17)
1703 4499 1767 4527 vn
1790 4486 1839 4538 V,
1867 4498 1950 4526 vm
1975 4488 2014 4526 P
2092 4487 2168 4539 (18)
2185 4489 2245 4527 est
2259 4482 2433 4533 aemon,
2465 4485 2566 4525 esset
2590 4483 2631 4523 V
2707 4482 2785 4534 (10)
2800 4485 2938 4536 empta

1598 4544 1638 4581 et
1677 4542 1722 4593 V,
1754 4542 1798 4582 in
1829 4553 1910 4593 qua
1941 4544 2076 4594 empta
2105 4544 2147 4582 et
2178 4540 2273 4585 CR.-
2302 4540 2436 4593 empta
2466 4541 2506 4580 et
2536 4538 2612 4580 del.
2643 4538 2861 4580 Mommsen
2929 4582 2938 4592 .

3117 3342 3124 3352 .

3134 3691 3142 3699 .

3128 3790 3145 3801 ,ἰ

3137 4057 3152 4128 ἐξ

3136 4321 3152 4382 1.=...
3143 4271 3152 4311 na.
3148 4248 3152 4261 ..
3136 4145 3152 4234 μὲι-ζ.
