3138 4776
145 171 218 209 nn
252 166 754 208 TRANsAc'rmmssth
1477 145 1542 206 95

146 304 374 360 tellegitur.
436 318 490 348 ex
521 318 606 359 qua
636 316 770 347 causa
799 300 838 346 si
863 299 1001 344 fisco¹
1034 302 1246 356 solvisses,
1279 308 1477 360 repetere

144 375 232 406 non
246 373 424 416 posses:
453 362 521 404 si²
546 374 633 404 non
660 359 860 404 solvisses
871 358 901 410 ³,
928 358 1022 401 iure
1039 359 1340 403 convenireris.
1381 358 1476 403 ΡΡ.

145 428 214 460 111
224 416 283 460 id.
300 417 414 474 Auq.
432 417 659 461 Antonino
675 415 727 458 A.
745 425 837 457 HJJ
847 417 892 456 et
906 411 1102 457 Balbino
1120 429 1261 459 conss.
1304 421 1359 468 [a.
1379 417 1476 465 213]

200 468 230 518 3
271 470 384 530 Imp.
425 471 689 516 Alexander
723 469 776 513 A.
819 467 999 512 Tulliae.
1069 471 1162 524 Age
1202 485 1300 515 cum
1332 469 1477 514 Gemi-

143 527 296 582 niano,
339 528 456 582 quod
492 532 622 583 pater
659 526 750 569 eius
796 528 973 568 curator
1011 526 1091 568 tibi
1133 527 1263 570 datus
1303 526 1478 580 negotia

144 589 220 627 tua
258 585 462 638 gesserit,
502 589 546 627 et
581 583 618 625 si
657 580 775 636 apud
803 580 993 623 iudicem
1022 583 1199 636 negabit
1227 596 1274 626 se
1302 581 1478 625 actione

143 641 296 692 teneri,
316 639 521 695 quoniam
534 637 771 681 transactio
793 636 1080 691 etAquiliana
1101 638 1326 693 stipulatio
1342 636 1475 680 inter-

144 695 288 752 posita
305 700 383 748 est,
409 695 540 738 iudex
555 692 921 747 contemplatione
946 693 1096 736 iudicii
1113 695 1230 749 quod
1251 696 1318 737 est
1335 694 1477 736 bonae

144 751 247 795 fidei
285 755 479 807 quaeret,
513 749 566 793 de
605 754 769 804 quanta
806 748 995 804 pecunia
1034 750 1290 793 nominatim
1332 751 1477 791 trans—

145 810 294 851 actum
337 807 412 851 sit:
458 810 500 849 et
542 805 580 848 si
613 805 869 859 apparuerit
907 804 961 847 de
995 805 1162 849 minore
1190 807 1476 853 transactum,

174 867 352 906 uantam
377 860 607 917 pecuniam
633 860 844 915 reliquam
861 873 916 903 ex,
946 861 1323 905 administratione
1349 870 1479 903 curae

145 877 294 963 deberi
317 918 549 974 probatum
563 916 709 967 fuerit,
742 917 909 959 solvere
927 929 1025 959 eum
1050 918 1231 970 iubebit,
1257 914 1375 972 quod
1390 926 1478 957 non

143 974 191 1018 in
251 973 578 1030 stipulationem
630 971 910 1027 Aquilianam
975 973 1251 1028 obligationis
1316 969 1478 1015 curae⁴

143 1034 314 1073 tantum
354 1028 587 1072 deductum
618 1033 703 1080 est,
744 1029 923 1083 quanti5
968 1033 1065 1072 erat
1093 1029 1314 1085 quantitas
1343 1038 1478 1082 pecu-

142 1085 242 1129 niae
269 1097 382 1140 quae
411 1083 665 1128 debebatur.
724 1083 779 1127 D.
804 1083 928 1142 prid.
963 1085 1024 1128 id.
1056 1086 1170 1142 Any.
1200 1083 1406 1128 Maximo
1437 1091 1483 1123 II

142 1146 188 1185 et
212 1140 400 1184 Aeliano
433 1153 575 1183 conss.
1291 1143 1347 1192 [a.
1378 1138 1476 1188 223]

198 1193 231 1242 4
270 1195 395 1240 Idem
431 1196 484 1239 A.
515 1195 740 1240 Numidio.
809 1195 999 1240 Actione
1038 1196 1366 1239 administratae
1402 1205 1478 1236 cu-

141 1264 217 1295 rae
246 1252 303 1295 ab
332 1264 406 1303 eo,
445 1251 520 1307 qui
549 1251 768 1306 legitimae
798 1253 958 1296 aetatis
988 1265 1128 1296 annos
1160 1250 1403 1306 complevit,
1433 1248 1479 1290 in

139 1307 418 1363 Aquilianam
459 1307 787 1363 stipulationem
827 1308 1019 1352 deducta
1059 1311 1103 1351 et
1134 1320 1214 1363 per
1243 1304 1478 1362 acceptila-

140 1364 303 1408 tionem
338 1364 534 1407 extincta
562 1364 728 1407 nullam
758 1365 890 1408 aliam
921 1377 1151 1419 superesse
1180 1363 1266 1406 nisi
1294 1362 1348 1406 de
1377 1360 1476 1424 dolo

139 1420 257 1463 intra
294 1433 506 1463 concessa
544 1424 744 1475 tempora
784 1433 872 1464 11011
902 1420 1156 1474 ambigitur,
1196 1418 1279 1462 nisi
1310 1429 1478 1473 specia-

140 1475 240 1520 liter
282 1476 414 1519 etiam
453 1476 506 1519 de
550 1475 650 1520 dolo
695 1479 971 1520 transactum
1015 1480 1094 1519 est.
1167 1473 1260 1518 PP.
1293 1485 1340 1517 II
1373 1485 1478 1516 non.

139 1530 277 1576 Mart.
307 1530 573 1577 Alexandro
603 1532 655 1575 A.
687 1544 735 1575 Π
758 1537 804 1576 et
829 1531 1050 1576 Marcello
1081 1543 1223 1574 conss.
1293 1534 1349 1582 [a.
1382 1530 1478 1579 226]

199 1586 228 1633 5
267 1586 392 1632 Idem
429 1588 470 1632 A
473 1622 650 1631 .....
688 1592 886 1632 evocato.
966 1586 1076 1630 Cum
1122 1590 1167 1629 te
1211 1585 1479 1640 transegisse

142 1657 241 1688 cum
279 1643 440 1687 herede
478 1643 697 1699 quondam
736 1643 894 1687 tutoris
943 1642 1009 1685 tui
1052 1641 1321 1697 profitearis,
1359 1641 1396 1684 si
1434 1639 1480 1682 id

138 1703 241 1755 post
269 1699 504 1754 legitimam
534 1701 722 1742 aetatem
751 1698 908 1751 fecisti,
953 1698 1122 1741 frustra
1151 1697 1388 1750 desideras,
1430 1698 1481 1738 ut

138 1767 167 1798 a
203 1755 380 1810 placitis
416 1753 663 1798 recedatur.
730 1754 836 1798 licet
866 1754 1002 1806 enim,
1036 1758 1086 1795 ut
1114 1753 1340 1808 proponis,
1379 1751 1478 1794 nul-

137 1811 226 1853 lum
269 1810 607 1852 instrumentum
650 1809 973 1862 intercesserit,
1017 1814 1165 1852 tamen
1203 1809 1239 1851 si
1281 1808 1334 1852 de
1362 1807 1477 1851 fide⁶

138 1869 393 1909 contractus
432 1865 707 1909 confessione
746 1869 825 1908 tua
865 1869 1059 1918 constet,
1100 1864 1333 1920 scriptura,
1365 1876 1478 1919 quae

135 1921 440 1978 probationem
468 1921 534 1964 rei
548 1925 700 1977 gestae
721 1921 832 1965 solet
851 1921 1090 1973 continere,
1121 1920 1374 1964 necessaria
1391 1933 1480 1964 non

135 1981 216 2022 est.
273 1975 366 2020 ΡΡ.
384 1976 427 2021 lc.
444 1975 582 2021 Mart.
598 1977 762 2021 Albino
788 1977 1096 2022 etAemiliano
1113 1991 1255 2021 conss.
1305 1981 1361 2029 [a.
1381 1976 1478 2032 227]

192 2030 223 2079 6
254 2031 379 2076 Idem
400 2033 452 2076 A.
477 2031 755 2091 Pomponiis.
815 2033 927 2077 Cum
956 2037 1077 2077 mota
1104 2032 1344 2078 inofficiosi
1374 2046 1479 2088 que-

135 2089 244 2133 :ella
281 2093 466 2132 matrem
495 2094 687 2133 vestram
717 2103 818 2134 cum
847 2089 1023 2133 diversa
1054 2094 1183 2146 parte
1211 2090 1481 2144 transegisse

134 2147 211 2198 ita,
239 2149 291 2189 ut
318 2149 488 2200 partem
517 2145 734 2190 bonorum
764 2145 1022 2202 susciperet
1046 2150 1091 2189 et
1120 2159 1147 2188 a
1175 2146 1253 2190 lite
1283 2145 1479 2189 discede-

134 2206 216 2254 ret,
259 2201 542 2257 proponatis,
596 2202 835 2246 instaurari
879 2202 1052 2258 quidem
1095 2203 1230 2246 semel
1274 2202 1481 2245 omissam

137 2258 373 2314 querellam
401 2271 480 2313 per
507 2271 585 2302 vos
598 2291 609 2310 ,
641 2259 715 2313 qui
741 2259 873 2302 matri
902 2258 1085 2302 heredes
1115 2258 1344 2310 extitistis,
1373 2258 1481 2302 iuris

141 2318 162 2356 1
222 2313 336 2357 ratio
366 2327 456 2356 non
487 2314 602 2357 sinit.
662 2315 827 2358 Verum
858 2315 894 2357 si
922 2315 1032 2358 fides
1063 2314 1237 2369 placitis
1267 2315 1482 2371 praestita

137 2382 227 2414 non
257 2372 345 2419 est,
384 2369 431 2412 in
466 2369 512 2413 id
541 2370 659 2425 quod
686 2370 872 2414 interest
912 2370 1128 2414 diversam
1156 2374 1329 2426 partem
1359 2375 1482 2414 recte

139 2425 426 2470 convenietis:
465 2430 543 2468 aut
573 2426 700 2478 enim,
740 2426 778 2470 si
808 2427 1035 2482 stipulatio
1067 2426 1346 2470 conventioni
1375 2426 1480 2469 sub-

139 2481 231 2525 dita
261 2486 350 2534 est,
390 2494 445 2525 ex
474 2482 688 2538 stipulatu
719 2482 834 2525 actio
867 2482 1091 2538 competit,
1132 2486 1224 2535 aut,
1254 2482 1292 2525 si
1321 2482 1483 2525 omissa

138 2539 368 2582 verborum
400 2538 609 2593 obligatio
642 2542 721 2590 est,
752 2538 871 2581 utilis
895 2539 1026 2591 actio,
1058 2551 1170 2594 quae
1194 2538 1481 2594 praescriptis

138 2595 282 2638 verbis
311 2607 403 2637 rem
432 2600 600 2648 gestam
631 2594 916 2647 demonstrat,
949 2595 1095 2638 danda
1124 2599 1204 2638 est.
1263 2593 1358 2637 PP.
1390 2605 1486 2636 VJJJ

137 2649 196 2694 id.
228 2649 327 2694 Ian.
358 2650 575 2708 Aqrioola
604 2655 649 2694 et
679 2649 896 2694 Clemente
925 2664 1068 2695 conss.
1294 2654 1349 2703 [a.
1383 2653 1480 2702 230]

197 2702 224 2750 7
259 2704 391 2763 ⁷Imp.
426 2704 684 2749 Gordianus
703 2706 756 2749 A.
787 2706 963 2750 Licinio
992 2706 1221 2751 Timotheo
1253 2711 1438 2750 evocato
1452 2706 1479 2748 ⁸.

140 2761 470 2806 Transactionis
499 2761 712 2817 placitum
748 2762 804 2805 ab
837 2775 887 2806 eo
917 2762 1242 2818 interpositum,
1274 2762 1346 2806 cui
1377 2775 1479 2806 cau-

137 2830 212 2862 sae
256 2817 488 2872 actionem,
531 2831 621 2862 non
666 2817 930 2867 decisionem
966 2819 1057 2863 litis
1097 2819 1333 2872 mandasti,
1374 2819 1483 2861 nihil

135 2873 337 2931 petitioni
365 2878 468 2917 tuae
497 2873 734 2929 derogavit.
792 2873 887 2918 ΡΡ.
906 2887 944 2918 Χ
968 2873 1011 2918 lc.
1044 2873 1143 2918 Ian.
1176 2873 1262 2919 Plo
1292 2879 1339 2918 et
1359 2873 1481 2918 Pon-

138 2930 262 2974 tiano
293 2942 435 2974 conss.
1293 2934 1349 2983 [a.
1381 2933 1479 2982 238]

193 2982 224 3033 8
255 2985 381 3030 Idem
408 2986 460 3030 A.
493 2984 628 3030 Iunio
658 2986 802 3031 militi.
872 2986 940 3030 De
979 2986 1199 3031 alimentis
1229 2986 1481 3043 praeteritis

137 3042 176 3086 si
205 3043 405 3098 quaestio
445 3042 663 3097 defertur,
705 3043 889 3099 transigi
917 3047 1079 3099 potest,
1122 3043 1176 3087 de
1204 3043 1371 3087 futuris
1400 3056 1479 3087 au-

136 3104 226 3142 tem
255 3099 347 3142 sine
377 3103 581 3154 praetore
611 3112 689 3143 seu
717 3099 920 3155 praeside
948 3100 1211 3154 interposita
1234 3099 1481 3144 transactio

138 3155 260 3198 nulla
289 3154 555 3198 auctoritate
583 3155 693 3198 iuris
725 3159 940 3199 censetur.
1010 3155 1105 3199 ΡΡ.
1139 3167 1268 3199 XIIII
1303 3155 1345 3199 lc.
1379 3154 1479 3199 Ian.

141 3209 373 3254 Gordiano
402 3210 454 3254 A.
490 3215 536 3254 et
561 3210 724 3255 Aviola
753 3224 897 3255 conss.
1293 3215 1349 3263 [a.
1383 3214 1480 3263 239]

196 3263 226 3311 9
273 3265 398 3310 Idem
449 3266 501 3308 A.
553 3266 822 3324 Aqrippino.
903 3266 950 3310 Si
1003 3280 1135 3323 super
1186 3267 1480 3320 possessione,

136 3332 248 3374 quae
289 3320 372 3363 tibi
403 3324 604 3376 quaesita
633 3330 702 3367 est
714 3327 756 3378 θ’,
799 3337 900 3367 011111
930 3323 1233 3377 quaestionem
1270 3323 1486 3375 patereris

140 3388 167 3418 a
196 3376 332 3418 fratre
362 3376 512 3419 uxoris
541 3380 661 3427 tuae,
692 3380 870 3431 pactum
902 3385 1162 3419 conventum
1188 3382 1232 3420 et
1256 3377 1480 3431 stipulatio

139 3432 256 3474 inter
297 3444 389 3484 vos,
432 3436 483 3474 ut
525 3431 717 3486 adlegas,
761 3431 1024 3486 interposita
1053 3436 1144 3484 est,
1189 3436 1259 3484 ut,
1299 3433 1338 3476 si
1365 3433 1482 3476 intra

139 3487 253 3531 diem
293 3493 461 3531 certum
498 3487 614 3531 idem
643 3487 919 3531 adversarius
958 3489 1093 3532 tuus⁹
1132 3488 1284 3531 decem
1323 3501 1480 3533 aureos

138 3543 219 3587 tibi
263 3548 559 3596 numerasset,
603 3543 885 3599 possessione
906 3545 938 3569 ¹⁰
980 3544 1022 3587 ei
1065 3544 1267 3596 cederes,
1311 3545 1400 3596 vel,
1445 3545 1482 3588 si

140 3612 236 3643 eam
262 3600 426 3643 inferre
456 3600 745 3654 quantitatem
773 3613 862 3644 non
893 3604 1104 3652 curasset,
1134 3601 1322 3644 ulterius
1347 3612 1480 3655 quae-

140 3656 326 3699 stionem
354 3669 444 3699 non
471 3656 712 3711 patereris,
752 3661 797 3700 et
833 3655 870 3699 is
914 3657 988 3711 qui
1017 3657 1080 3700 ita
1109 3656 1348 3712 spopondit
1377 3669 1481 3711 pro-

139 3711 272 3755 misso
314 3712 421 3755 satis
458 3725 548 3755 non
588 3712 716 3767 fecit,
756 3725 1030 3768 consequens
1071 3718 1138 3756 est
1175 3718 1220 3755 te
1259 3712 1316 3755 ad
1353 3725 1480 3767 quem

138 3779 210 3810 res
247 3768 440 3822 pertinet
476 3768 563 3811 vim
600 3769 655 3811 ab
697 3780 749 3812 eo
786 3769 883 3823 pati
921 3781 1010 3811 non
1040 3768 1220 3812 debere:
1260 3768 1386 3811 cuius
1417 3768 1480 3812 rei

137 3824 280 3878 gratia
318 3822 385 3867 vir
424 3823 690 3868 clarissimus
727 3837 906 3879 praeses
946 3824 1199 3879 provinciae
1227 3824 1479 3879 interpella-

137 3883 214 3926 tus
243 3879 329 3925 vim
357 3881 631 3937 prohibebit,
670 3881 910 3935 praecipue
941 3893 1062 3934 cum,
1103 3881 1275 3924 etiamsi
1312 3881 1358 3923 in
1387 3892 1480 3923 rem

140 3938 336 3982 diversae
371 3935 491 3991 parti
519 3936 636 3980 actio
668 3940 956 3992 competeret,
997 3937 1246 3980 huiusmodi
1274 3936 1478 3992 pactione

140 4000 320 4050 propter
336 3993 488 4035 utilem
505 3991 804 4047 exceptionem
859 3996 978 4035 osset
998 3993 1256 4036 submoveri.
1302 3991 1395 4035 ΡΡ.
1434 4004 1483 4034 VJ

139 4050 199 4094 id.
215 4050 361 4108 April.
382 4047 614 4092 Gordiano
630 4047 682 4091 A.
700 4059 747 4090 ΙΙ
765 4052 810 4091 et
865 4048 1100 4106 ompeiano
1128 4061 1271 4092 conss.
1305 4052 1361 4101 [a.
1381 4051 1477 4099 241]

142 4194 192 4244 (1)
222 4193 279 4233 ad
307 4193 412 4232 hanc
440 4205 569 4232 vocem
604 4189 846 4230 Thalelaeus
875 4190 996 4242 (ΒΣ)
1035 4192 1203 4232 adnotat
1233 4193 1478 4232 constitutio-

142 4251 205 4290 nis
234 4263 367 4290 casum
399 4262 426 4287 a
455 4247 776 4300 compilatoribus
804 4247 964 4287 mutatis
999 4247 1235 4299 quibusdam
1263 4248 1479 4300 simplicio·

142 4320 222 4346 rem
251 4305 448 4345 redditum
478 4318 561 4344 esse
732 4303 784 4350 (2)
815 4300 851 4340 si
880 4301 930 4351 P,
959 4301 995 4341 si
1022 4313 1118 4342 vero
1153 4302 1196 4354 Ο,
1226 4304 1267 4342 et
1294 4302 1330 4342 si
1359 4303 1411 4351 R,
1443 4300 1482 4342 εἰ

144 4355 196 4401 δέ
221 4360 266 4401 Β
295 4361 348 4411 (κ.
380 4359 445 4410 π.)
627 4356 682 4411 (3)
711 4369 795 4396 11011
825 4355 1008 4397 solvisses
1036 4358 1095 4398 P¹¹
1125 4372 1209 4399 cum
1239 4359 1284 4398 B
1316 4360 1370 4410 (κ.
1402 4362 1480 4408 π.),

142 4414 336 4456 voluisset
350 4415 410 4463 121,
439 4427 524 4454 non
553 4413 737 4454 solvisses
765 4415 900 4452 tamen
922 4413 994 4453 CR
1089 4413 1144 4466 (4)
1175 4415 1233 4455 sic
1247 4414 1312 4455 Ra
1338 4429 1420 4455 cum
1437 4414 1481 4454 B

144 4474 200 4520 (κ.
229 4474 306 4521 π.),
335 4483 463 4523 purae
498 4467 590 4511 GRb
752 4469 806 4518 (5)
838 4470 992 4519 quanta
1021 4469 1110 4509 edd.
1142 4485 1227 4511 cum
1258 4471 1301 4510 B
1331 4471 1385 4520 (κ.
1416 4470 1482 4520 π.)

145 4528 199 4579 (6)
229 4529 288 4568 sic
305 4526 338 4567 C
352 4540 437 4567 cum
454 4527 498 4568 B
514 4527 569 4579 (κ.
585 4525 666 4578 π.),
692 4525 726 4565 si
743 4524 820 4565 fide
835 4539 883 4578 p,
907 4524 943 4564 si
956 4523 1056 4565 fides
1070 4525 1112 4565 R
1199 4526 1253 4577 (Ἰ)
1281 4545 1333 4562 ==
1359 4525 1480 4579 Greq.

150 4589 230 4632 l,2,
249 4592 268 4623 2
357 4594 411 4633 (8)
442 4587 642 4624 timotheo
673 4589 842 4624 evocato
871 4585 993 4637 Grey.
1021 4600 1093 4625 om.
1113 4585 1209 4626 libri

143 4641 264 4687 fuerit
294 4640 370 4681 tibi
401 4653 474 4694 per
500 4640 629 4680 filium
659 4644 778 4681 tuum
805 4653 852 4682 ex
879 4640 1020 4681 matris
1045 4640 1131 4681 eius
1161 4586 1489 4696 heredffaiergss
1559 4645 1621 4677 tra
1655 4635 1696 4676 Β
1727 4636 1779 4687 (κ.
1810 4636 1876 4687 π.)

2776 151 2898 206 ΙΙ4

1622 301 1682 349 10
1728 300 1796 345 Im
1833 335 1842 344 .
1886 298 2127 358 Philippus
2170 302 2220 345 A.
2255 299 2631 360 Apolloplcaniae.
2728 302 2898 348 Fratris

1561 359 1627 401 tui
1656 359 1756 402 filiis
1815 370 1840 401 e
1868 359 2053 412 paterna
2084 358 2363 402 successione
2392 370 2446 401 ac
2471 361 2589 400 statu
2619 359 2749 401 etiam
2778 374 2896 404 1111110

1562 419 1716 457 contra
1744 413 1874 457 fidem
1904 412 2126 467 sanguinis
2154 414 2345 469 itemque
2382 413 2645 470 placitorum
2675 416 2894 468 quaestio-

1559 481 1659 512 nem
1698 470 1860 513 inferre
1898 479 2054 523 parum
2094 470 2230 523 probe
2270 471 2484 525 postulas.
2552 469 2699 512 nullus
2741 472 2899 514 etenim
2965 483 2969 488 ·

1560 525 1644 567 erit
1673 525 1815 568 litium
1843 524 1959 575 finis,
1991 524 2028 566 si
2058 537 2084 566 a
2114 525 2486 569 transactionibus
2511 525 2630 569 bona
2652 523 2739 568 fide
2762 525 2899 569 inter-

1559 580 1716 634 positis
1757 581 1951 636 coeperit
1989 579 2118 623 facile
2158 581 2334 625 discedi.
2405 580 2498 624 PP.
2522 580 2647 639 prid.
2678 579 2722 623 lc.
2753 580 2898 638 April.

1560 634 1811 693 Pereqrino
1842 641 1887 680 et
1912 636 2162 680 Aemiliano
2194 650 2336 680 conss.
2710 639 2766 688 [a.
2800 638 2898 687 244]

1621 688 1678 735 11
1714 690 1814 749 Imp
1853 726 1861 735 .
1905 690 2173 736 Valerianus
2208 697 2253 736 et
2292 691 2523 735 Gallienus
2559 691 2652 734 AA.
2694 695 2738 734 et
2776 689 2904 734 Vale-

1560 744 1718 788 rianus
1746 760 1804 790 no
1836 747 2046 791 ilissimus
2079 747 2244 791 Caesar
2275 746 2450 791 Gaiano
2481 745 2622 789 militi.
2683 745 2751 788 De
2779 745 2903 789 fidei-

1563 801 1793 844 commisso
1834 815 1860 845 a
1898 807 2025 857 patre
2053 803 2169 846 inter
2197 807 2240 845 te
2276 806 2320 845 et
2348 802 2531 845 fratrem
2560 800 2754 844 vicissim
2785 801 2903 854 dato,

1561 855 1598 898 si
1639 856 1751 898 alter
1790 860 1982 900 vestrum
2022 858 2116 901 sine
2151 858 2300 900 liberis
2341 856 2582 900 excesserit
2619 856 2728 908 vita,
2770 857 2905 900 inter-

1561 910 1706 966 posita
1744 913 1985 955 transactio
2023 917 2124 955 rata
2162 917 2252 965 est,
2290 925 2390 954 cum
2434 911 2624 954 fratrum
2670 912 2907 955 concordia

1561 970 1730 1010 remoto
1771 967 2018 1022 captandae
2056 969 2209 1010 mortis
2255 967 2434 1010 alterius
2478 971 2579 1010 voto
2622 968 2907 1022 improbabili

1560 1022 1788 1066 retinetur.
1848 1027 1894 1065 et
1922 1035 2011 1065 non
2039 1027 2189 1078 potest
2219 1035 2269 1066 eo
2302 1035 2409 1065 casu
2438 1022 2643 1074 rescindi,
2683 1028 2907 1079 tamquam

1562 1079 1886 1121 circumventus
1927 1078 2011 1130 sis,
2053 1091 2154 1121 cum
2192 1080 2324 1134 pacto
2363 1079 2444 1122 tali
2476 1079 2766 1131 consenseris,
2807 1093 2908 1123 cum

1560 1146 1703 1190 neque
1734 1146 1830 1178 eam
1861 1134 1931 1178 cui
1960 1134 2183 1178 subveniri
2213 1135 2325 1178 solet
2354 1137 2545 1178 aetatem
2575 1148 2706 1190 agere
2734 1140 2778 1179 te
2805 1149 2908 1191 pro-

1562 1203 1703 1246 ponas
1733 1203 1831 1242 1100,
1873 1190 1912 1234 si
1941 1203 2106 1245 ageres,
2145 1190 2283 1235 isdem
2321 1191 2408 1234 illis
2449 1190 2503 1234 de
2542 1191 2688 1235 causis
2718 1191 2766 1235 in
2793 1191 2908 1235 inte-

1560 1260 1687 1302 grum
1715 1246 2009 1291 restitutionis
2041 1246 2252 1291 auxilium
2280 1247 2338 1290 im
2374 1251 2517 1291 etrare
2554 1247 2752 1291 deberes.
2812 1246 2908 1292 ΡΡ.

1561 1314 1636 1346 XV
1667 1301 1710 1346 lc.
1751 1301 1859 1347 Dec.
1902 1302 2146 1347 Valeriano
2184 1309 2229 1348 et
2259 1301 2464 1348 Ga'lieno
2502 1303 2594 1347 AA.
2633 1304 2837 1361 utrisque
2866 1315 2913 1347 ΙΙ

1562 1372 1708 1403 conss.
2736 1374 2776 1404 a.
2809 1363 2908 1412 255]

1624 1412 1687 1460 12
1724 1413 1886 1459 ¹¹Idem
1915 1415 2008 1458 AA.
2040 1414 2210 1459 Primo.
2277 1416 2463 1460 Praeses
2493 1364 2748 1472 provincia&
2777 1416 2910 1460 aesti-

1560 1471 1721 1524 mabit,
1765 1476 1911 1515 utrum
1957 1471 2011 1514 de
2050 1471 2186 1515 dubia
2229 1472 2306 1516 lite
2345 1473 2590 1517 transactio
2630 1473 2745 1516 inter
2783 1477 2828 1516 te
2866 1475 2912 1517 et

1564 1527 1752 1571 civitatis
1783 1534 1888 1571 tuae
1918 1527 2296 1572 administratores
2326 1528 2448 1573 facta
2476 1529 2547 1581 sit,
2588 1542 2646 1572 an
2676 1529 2910 1573 ambitiose

1562 1582 1620 1635 id,
1654 1583 1771 1638 quod
1800 1583 2046 1627 indubitate
2077 1584 2227 1629 deberi
2240 1590 2405 1639 posset,
2436 1585 2668 1629 remissum
2691 1585 2760 1629 sit.
2806 1599 2910 1628 nam

1562 1639 1706 1694 priore
1762 1653 1870 1683 casu
1922 1645 2064 1684 ratam
2116 1653 2293 1684 manere
2337 1642 2683 1685 transactionem
2727 1641 2910 1693 iubebit,

1562 1696 1807 1794 posteriore
1823 1709 1984 1740 nocere
2000 1695 2166 1740 civitati
2232 1696 2366 1740 atiam
2380 1699 2415 1723 ¹2
2439 1711 2530 1741 non
2551 1698 2677 1742 sinet.
2708 1696 2802 1742 ΡΡ.
2821 1710 2912 1741 XVI

1596 1786 1606 1795 .
1636 1749 1774 1795 Mart.
1805 1752 2056 1796 Aemiliano
2087 1757 2133 1797 et
2206 1766 2310 1797 asso
2341 1767 2486 1797 conss.
2724 1758 2779 1806 [a.
2813 1757 2910 1806 259]

1626 1803 1688 1854 13
1728 1806 1877 1866 Impp.
1908 1807 2221 1852 Diocletianus
2255 1814 2300 1853 et
2326 1807 2644 1854 Maximianus
2671 1810 2763 1853 AA.
2796 1808 2912 1854 Pro-

1565 1863 1673 1908 olae.
1741 1863 2034 1920 Interpositas
2077 1869 2222 1909 metus
2263 1878 2399 1910 causa
2435 1866 2762 1910 transactiones
2791 1869 2910 1910 ratas

1564 1933 1654 1963 non
1689 1920 1845 1964 haberi
1885 1920 2027 1964 edicto
2068 1926 2283 1977 perpetuo
2325 1922 2588 1966 continetur.
2654 1935 2736 1966 nec
2766 1926 2910 1967 tamen

1564 1976 1750 2032 quilibet
1791 1980 1935 2021 metus
1978 1977 2036 2020 ad
2079 1977 2371 2022 rescindenda
2412 1991 2486 2031 ea,
2534 1991 2648 2034 quae
2694 1991 2910 2025 consensu

1562 2033 1800 2077 terminata
1844 2038 1970 2086 sunt,
2015 2033 2202 2088 sufficit,
2249 2034 2327 2078 sed
2368 2035 2503 2079 talem
2537 2039 2703 2079 metum
2730 2035 2913 2090 probari

1566 2093 1755 2145 oportet,
1788 2090 1860 2145 qui
1891 2090 2049 2134 salutis
2079 2090 2325 2156 periculum
2343 2092 2411 2135 vel
2441 2092 2642 2147 corporis
2666 2091 2913 2135 cruciatum

1566 2150 1585 2188 1
1650 2146 1887 2189 contineat.
1957 2146 2029 2189 Ad
2064 2159 2150 2190 Vim
2185 2151 2333 2191 tamen
2362 2147 2432 2191 vel
2461 2147 2611 2191 dolum
2640 2148 2914 2203 arguendum

1565 2203 1756 2257 qualitas
1799 2215 1960 2246 causae
1998 2202 2256 2259 principalis
2286 2217 2375 2248 non
2406 2203 2594 2248 sufficit:
2634 2204 2751 2248 unde
2781 2205 2819 2248 si
2846 2205 2913 2247 ni-

1563 2258 1628 2301 hil
1667 2259 1757 2302 tale
1795 2259 1978 2315 probari
2006 2263 2168 2315 potest,
2207 2273 2426 2304 consensu
2457 2260 2736 2315 quaestiones
2764 2261 2914 2304 termi-

1565 2317 1590 2357 2
1659 2320 1790 2358 natas
1827 2314 2004 2359 minime
2039 2315 2280 2360 instaurari
2321 2319 2508 2373 oportet.
2584 2316 2671 2360 Sed
2709 2317 2910 2372 quoniam

1563 2382 1684 2423 eum,
1725 2384 1826 2414 cum
1863 2383 1950 2423 quo
1992 2376 2037 2415 te
2075 2372 2342 2427 transegisse
2373 2386 2708 2425 commemoras,
2750 2386 2804 2416 ex
2833 2386 2913 2416 an-

1557 2425 1660 2469 cilla
1686 2427 1766 2468 tua
1790 2430 1944 2468 natum
1968 2438 2143 2469 servum
2157 2428 2192 2453 ¹³
2216 2440 2315 2470 esse
2337 2427 2588 2480 adseveraS,
2612 2429 2652 2473 si
2666 2441 2770 2471 vera
2791 2434 2908 2475 sunt,

1565 2493 1678 2536 quae
1707 2482 1914 2538 precibus
1946 2484 2175 2542 complexa
2205 2495 2264 2535 es,
2304 2483 2392 2525 aha
2420 2483 2534 2526 ratio
2564 2486 2744 2538 pactum
2772 2483 2910 2525 refor-

1564 2541 1679 2581 mat:
1719 2550 1801 2581 nec
1841 2537 1956 2581 enim
1995 2537 2118 2580 dub1i
2156 2538 2266 2581 iuris
2306 2543 2374 2581 est
2415 2538 2615 2582 dominos
2646 2551 2745 2582 cum
2775 2539 2910 2582 servis

1565 2594 1655 2636 suis
1699 2595 1976 2649 paciscentes
2021 2606 2074 2637 ex
2116 2593 2293 2649 placitis
2345 2594 2488 2638 teneri
2538 2597 2672 2650 atque
2725 2594 2912 2649 obligari

1563 2663 1652 2692 non
1691 2663 1836 2705 posse.
1904 2648 1951 2693 S.
1984 2661 2077 2693 [ΠΙ
2112 2663 2216 2693 non.
2247 2650 2394 2708 April.
2435 2649 2659 2709 Byzantii
2692 2649 2806 2709 ipsis
2821 2662 2914 2694 ΙΙΙ]

1563 2709 1608 2749 et
1637 2716 1706 2747 ΙΙΙ
1733 2706 1825 2749 AA.
1858 2719 2000 2749 conss.
2724 2711 2780 2759 [a.
2813 2709 2911 2757 290]

1627 2759 1690 2806 14
1729 2760 1855 2805 Idem
1883 2761 1976 2805 AA.
2010 2760 2249 2820 Sopatrae.
2320 2762 2367 2805 Si
2404 2762 2575 2806 diversa
2614 2775 2719 2818 pars
2760 2767 2914 2806 contra

1563 2817 1777 2873 placitum
1806 2829 1936 2872 agere
1963 2818 2132 2870 nititur,
2165 2817 2400 2873 aequitatis
2431 2818 2546 2862 ratio
2578 2819 2734 2862 suadet
2762 2818 2914 2861 refusa

1563 2873 1766 2929 pecunia,
1813 2887 1913 2917 cum
1950 2880 1994 2918 et
2032 2878 2081 2917 111
2110 2874 2196 2918 1100
2226 2874 2465 2927 desideras,
2506 2887 2687 2918 causam
2717 2887 2774 2918 ex
2802 2875 2913 2917 inte-

1562 2942 1642 2985 gro
1682 2930 1766 2985 agi.
1834 2928 1929 2974 PP.
1961 2942 2054 2974 1111
2089 2943 2193 2974 non.
2226 2929 2314 2974 Iul.
2355 2931 2469 2989 ljos-is
2505 2942 2598 2974 ΠΗ
2634 2935 2679 2974 et
2714 2942 2784 3041 1[JJ
2819 2930 2912 2973 AA.

1565 2998 1710 3030 conss.
2742 3000 2782 3029 a.
2816 2990 2912 3038 290]

1626 3040 1685 3087 15
1728 3040 1854 3086 Idem
1889 3042 1983 3086 AA.
2023 3041 2205 3087 Pontio.
2272 3042 2333 3087 Ut
2370 3055 2633 3098 responsum
2671 3056 2912 3096 congruum

1564 3098 1768 3153 accipere
1796 3099 1955 3154 possis,
1984 3098 2133 3143 insere
2194 3099 2283 3142 acti
2308 3099 2577 3152 exemplum:
2609 3099 2671 3141 ita
2701 3099 2817 3141 enim
2846 3099 2911 3140 in-

1564 3155 1884 3208 tellegemus¹⁴,
1928 3157 2076 3198 utrum
2116 3167 2165 3198 so
2185 3167 2213 3197 a
2256 3154 2485 3198 conventio
2531 3153 2634 3206 fuit,
2679 3166 2737 3196 an
2781 3154 2912 3196 etiam

1564 3209 1803 3264 Aquiliana
1842 3210 2072 3266 stipulatio
2112 3222 2194 3253 1100
2232 3222 2322 3253 11011
2359 3215 2404 3253 01
2445 3209 2724 3265 acceptilatio
2759 3215 2912 3253 secuta

1563 3265 1723 3309 fuerit:
1766 3278 1879 3321 quae
1918 3265 1956 3309 si
1986 3265 2163 3309 subdita
2197 3278 2294 3309 esse
2322 3266 2529 3319 illuxerit,
2561 3266 2727 3308 nullam
2757 3266 2911 3309 adver-

1565 3321 1710 3365 sariae
1738 3323 1843 3365 tuae
1871 3321 2129 3376 petitionem
2157 3321 2415 3366 hereditatis
2444 3321 2514 3366 vel
2542 3322 2588 3364 in
2617 3335 2710 3365 rem
2739 3323 2910 3377 specia-

1563 3378 1649 3420 lem
1679 3383 1929 3432 competere
1956 3377 2105 3432 palam
2133 3377 2221 3421 fiet.
2278 3371 2372 3422 PP.
2391 3390 2463 3421 XV
2485 3376 2529 3422 lc.
2546 3378 2663 3436 Auq.
2693 3378 2808 3436 ipsis
2822 3389 2916 3422 1111

1564 3437 1610 3476 et
1637 3443 1707 3475 m
1731 3433 1824 3476 AA.
1857 3446 2001 3476 conss.
2724 3438 2781 3487 [a.
2812 3438 2910 3486 290]

1626 3485 1687 3533 16
1717 3486 1840 3531 Idem
1861 3488 1952 3531 AA.
1971 3494 2015 3532 et
2031 3487 2108 3533 CC.
2124 3487 2329 3533 Caecilio.
2370 3490 2540 3534 Causas
2556 3490 2625 3533 vel
2640 3490 2739 3535 lites
2765 3495 2910 3534 trans-

1564 3543 1814 3587 actionibus
1841 3544 2046 3599 legitimis
2072 3545 2220 3589 finitas
2242 3546 2301 3588 im
2333 3547 2460 3590 eriali
2481 3547 2697 3603 rescripto
2722 3547 2911 3591 resusci-

1563 3600 1649 3643 tari
1678 3613 1767 3643 non
1798 3605 1989 3656 oportet.
2048 3600 2094 3645 S.
2120 3613 2151 3644 V
2171 3601 2230 3645 id.
2315 3611 2401 3646 art.
2431 3602 2524 3646 AA.
2544 3615 2689 3647 conss.
2737 3607 2793 3655 [a.
2812 3607 2909 3655 293]

1625 3652 1687 3701 17
1733 3654 1858 3700 Idem
1902 3656 1994 3700 AA.
2039 3663 2086 3701 et
2124 3655 2203 3701 CC.
2233 3656 2466 3702 Marcello.
2541 3658 2653 3701 Cum
2687 3671 2910 3714 proponas

1564 3712 1620 3755 ab
1667 3724 1742 3765 ea,
1786 3715 1941 3756 contra
1985 3726 2115 3769 quam
2156 3714 2405 3770 supplicas,
2446 3714 2565 3758 litem
2603 3727 2735 3769 quam
2763 3720 2910 3758 tecum

1563 3769 1722 3812 habuit
1759 3769 2061 3813 transactione
2102 3769 2296 3813 decisam
2337 3783 2519 3825 eamque
2558 3770 2756 3825 acceptis
2797 3783 2909 3825 quae

1564 3823 1730 3878 negotii
1758 3823 1986 3868 dirimendi
2016 3838 2153 3869 causa
2181 3826 2413 3880 placuerat
2446 3826 2541 3868 dari
2570 3840 2688 3868 nunc
2719 3826 2772 3868 de
2804 3838 2907 3868 con-

1564 3880 1768 3923 ventione
1797 3880 2034 3935 resiluisse,
2065 3895 2117 3925 ac
2147 3887 2273 3937 petas
2300 3882 2368 3925 vel
2393 3886 2526 3937 pacto
2553 3882 2663 3924 stari
2690 3882 2756 3924 vel
2780 3881 2907 3924 resti-

1566 3936 1631 3979 tui
1660 3935 1786 3987 data,
1826 3937 2055 3992 perspicis,
2096 3938 2132 3981 si
2165 3937 2339 3992 quidem
2368 3937 2422 3980 de
2451 3937 2520 3980 his
2551 3936 2785 3980 reddendis
2814 3950 2906 3979 ma-

1563 3996 1696 4035 nente
1739 3993 2051 4037 transactionis
2095 3993 2260 4048 placito
2310 3993 2460 4037 statim
2512 3993 2818 4047 stipulatione,
2871 3993 2907 4035 si

1566 4052 1723 4092 contra
1751 4047 1919 4102 fecerit,
1950 4048 2216 4105 prospexisti
2246 4053 2291 4091 et
2321 4048 2511 4104 quinque
2541 4054 2585 4091 et
2599 4048 2749 4103 viginti
2779 4049 2906 4091 annis

1551 4201 1597 4240 p.
1630 4195 1662 4226 V
1741 4185 1798 4238 (9)
1827 4186 1925 4225 tuus
1955 4186 2046 4225 dete.
2077 4199 2162 4225 cum
2193 4183 2238 4224 B
2269 4185 2324 4234 (κ.
2343 4184 2422 4234 π.),
2454 4198 2526 4225 om.
2550 4181 2623 4224 CR
2709 4181 2783 4232 (10)
2814 4192 2907 4231 pos-

1556 4241 1775 4283 sessionem
1805 4241 1904 4283 libri
2042 4242 2110 4293 (11)
2150 4241 2188 4280 k.
2220 4254 2253 4280 c.
2284 4241 2500 4293 composita
2539 4239 2697 4279 videtur
2729 4251 2778 4276 ez·
2808 4237 2909 4276 dua-

1559 4300 1630 4339 bus
1674 4298 2040 4349 constitutionibus,
2091 4311 2259 4350 quarum
2307 4293 2438 4337 altera
2482 4303 2592 4336 extat
2635 4295 2676 4334 in
2728 4292 2905 4354 Consztlt.

1557 4356 1597 4406 9,
1632 4363 1691 4396 14:
1750 4354 1882 4407 Impp.
1922 4352 2016 4395 val.
2059 4355 2100 4392 et
2140 4350 2248 4393 Gall.
2287 4353 2374 4392 AA.
2417 4353 2458 4391 et
2497 4349 2589 4391 val.
2632 4349 2678 4389 C.
2718 4346 2904 4389 Aurelro.

1555 4412 1724 4452 Praeses
1761 4409 1999 4462 provinciae
2032 4439 2041 4449 .
2070 4439 2079 4449 .
2106 4440 2116 4449 .
2148 4411 2188 4449 et
2226 4407 2407 4447 civitatis
2445 4411 2541 4447 tuae
2581 4404 2767 4445 ordinem
2796 4404 2906 4443 facta

1556 4467 1623 4519 sit,
1653 4479 1707 4506 an
1737 4466 1786 4506 de
1815 4479 1859 4507 re
1883 4465 2080 4516 iudicata,
2111 4464 2210 4517 quia
2240 4464 2289 4505 de
2318 4477 2363 4504 re
2391 4464 2574 4508 iudicata
2602 4460 2756 4513 pacisci
2785 4473 2905 4500 nemo

1555 4526 1702 4576 potest.
1728 4523 1810 4562 ΡΡ.
1826 4535 1880 4562 111
1903 4523 1944 4563 k.
1967 4522 2062 4561 Iun.
2079 4519 2314 4562 Aemiliano
2334 4523 2376 4560 01
2390 4522 2515 4560 Basso
2539 4530 2668 4558 conss.
2741 4520 2813 4568 (12)
2845 4519 2905 4559 sic

1563 4578 1666 4621 obR
1689 4594 1774 4620 cum
1794 4579 1850 4630 B,
1878 4578 2020 4620 noceri
2037 4577 2114 4619 civ.
2137 4576 2274 4630 gratia
2296 4577 2358 4618 0⁰
2416 4578 2491 4627 (13)
2522 4577 2641 4614 tuum
2661 4574 2739 4615 ins.
2762 4574 2799 4615 0
2810 4589 2903 4615 con-

1973 4635 2044 4687 (14)
2073 4632 2355 4684 intellegimus
2387 4633 2482 4674 libri
2512 4639 2652 4671 contra
2678 4630 2722 4672 B
2751 4631 2806 4683 (κ.
2836 4631 2902 4681 π.)
