3152 4784
231 211 233 214 ·
270 199 344 239 DE
379 197 642 238 CONDICT.
682 197 755 237 OB
792 194 1011 236 TURPEM
1050 195 1266 236 CAUSAM

250 336 501 395 ‘quominus
531 339 783 393 susceptam
809 333 939 380 fidem
966 331 1178 390 impleant
1238 335 1412 380 stetisse
1472 335 1602 380 robe-

252 395 359 447 101,
398 392 715 437 restituendam
753 401 849 436 esse
886 389 1102 435 convenit.
1173 368 1219 434 S.
1250 395 1386 435 XVJI¹
1459 426 1468 435 .
1500 390 1600 435 Ian.

269 445 348 493 CC.
379 461 523 494 conss.
1414 452 1470 501 [a.
1504 450 1601 500 294]

862 617 993 667 VII?

379 702 456 743 DE
486 700 867 744 CONDIGTION'E
897 700 967 742 OB
997 698 1228 740 TURPEM
1259 698 1493 741 CAUSAM.

326 782 350 829 1
396 782 510 844 Imp.
549 783 806 828 Antoninus
840 781 892 825 A.
934 779 1153 838 Inqenuo.
1224 782 1270 826 Si
1310 795 1364 826 ex
1402 778 1603 824 cautio-ne

269 844 347 884 tua
370 839 591 884 conveniri
616 838 826 894 coeperis,
855 837 1023 882 nullam
1046 841 1090 881 te
1112 839 1343 892 pecuniam
1365 834 1602 892 accepisse,

269 895 347 940 sed
373 896 431 940 ob
459 898 631 951 turpem
660 906 840 938 causam
875 898 920 937 et
956 906 1087 949 quam
1115 893 1211 936 fieri
1239 893 1508 949 prohibitum
1537 893 1605 933 est

267 951 567 1007 interpositam
596 951 649 1004 ei,
679 951 756 1005 qui
785 962 917 1005 super
945 962 998 993 ea
1026 962 1075 992 re
1106 950 1361 1005 cogniturus
1390 952 1470 1002 est,
1531 957 1602 989 ro-

268 1005 458 1051 bandum
486 1010 554 1051 est
582 1006 655 1049 et³
684 1018 736 1050 eo
765 1005 946 1062 impleto
977 1005 1197 1049 absolutio
1227 1008 1447 1061 sequetur.
1532 1001 1604 1044 ine

267 1062 339 1107 die
365 1067 412 1108 et
437 1061 628 1106 consule.

322 1115 355 1163 2
382 1115 508 1162 Idem
527 1118 578 1161 Α.
596 1115 818 1175 Lonqino.
880 1117 988 1160 Cum
1015 1122 1060 1160 te
1088 1120 1273 1172 propter
1300 1121 1474 1172 turpem
1498 1125 1601 1156 cau·

265 1185 360 1218 sam
395 1178 551 1217 contra
587 1172 860 1228 disciplinam
899 1179 1146 1229 temporum
1190 1185 1387 1216 meorum
1430 1169 1603 1232 domum

265 1228 540 1275 adversariae
569 1228 742 1274 dedisse
778 1229 1050 1286 profitearis,
1091 1228 1258 1272 frustra
1297 1241 1393 1271 eam
1431 1224 1603 1290 restitui

263 1283 344 1328 tibi
372 1284 619 1338 desideras,
661 1298 760 1329 cum
788 1286 835 1329 in
897 1286 961 1329 ari
991 1297 1127 1329 causa
1154 1282 1422 1340 possessoris
1451 1280 1604 1324 mehor

265 1340 462 1385 condicio
500 1341 736 1386 habeatur.
810 1341 855 1385 P
896 1377 904 1385 .
948 1354 1020 1385 XV
1064 1340 1106 1384 lc.
1147 1339 1251 1384 Dec.
1292 1338 1434 1382 Laeto
1474 1348 1522 1380 11
1561 1338 1607 1379 et

267 1394 446 1441 Cereale
474 1410 618 1441 conss.
1416 1397 1472 1446 [a.
1506 1394 1605 1454 215]

314 1447 481 1552 33⁸&ng
519 1487 528 1496 .
557 1452 867 1498 Diocletianus
902 1457 948 1496 et
973 1451 1286 1496 Maximianus
1313 1450 1405 1493 ΛΑ.
1436 1447 1602 1492 Dizoni

265 1520 321 1551 mi
339 1521 355 1551 i
395 1542 404 1551 .

264 1565 581 1621 competentem
632 1564 819 1608 iudicem
869 1563 909 1606 ei
952 1562 1006 1606 de
1050 1575 1136 1616 quo
1180 1561 1378 1616 quereris
1421 1558 1605 1603 indubia

262 1619 535 1675 probationis
574 1620 673 1663 luce
711 1618 979 1672 constiterit,
1019 1617 1232 1660 instantia
1267 1617 1361 1660 eius
1391 1616 1602 1670 recipies:

262 1675 336 1730 qui
361 1687 528 1718 memor
557 1687 772 1718 censurae
798 1674 1007 1729 publicae
1043 1676 1147 1727 post
1175 1671 1497 1715 restitutionem
1525 1683 1602 1726 pe-

260 1730 416 1774 cuniae
451 1729 583 1774 etiam
625 1729 927 1773 concussionis
968 1727 1134 1771 crimen
1167 1728 1357 1770 inultum
1387 1739 1484 1771 esse
1513 1739 1603 1770 non

256 1784 463 1840 patietur.
535 1784 629 1828 ΡΡ.
668 1796 739 1828 111
776 1783 819 1827 lc.
860 1786 975 1841 Auq.
1019 1784 1134 1842 ipsis
1178 1794 1272 1826 IIII
1312 1788 1359 1827 et
1400 1794 1468 1891 1[JJ
1503 1782 1600 1890 {1923}

258 1852 400 1884 conss.
1429 1851 1469 1881 a.

311 1894 345 1941 4
374 1894 499 1940 Idem
526 1895 620 1939 ΛΑ.
652 1900 698 1940 et
728 1894 804 1941 00.
836 1894 1016 1951 Rufino.
1078 1893 1293 1949 Quotiens
1327 1893 1601 1950 accipientis,

257 1964 346 1996 non
375 1951 508 1995 etiam
537 1951 684 1995 dantis
714 1951 857 2007 turpis
892 1950 1112 1994 invenitur
1151 1963 1310 2002 causa,
1349 1950 1456 1994 licet
1490 1949 1602 1994 haec

257 2010 411 2052 secuta
463 2007 618 2062 fuerit,
672 2007 823 2051 datum
868 2006 1041 2051 condici
1083 2009 1282 2059 tantum,
1336 2020 1427 2050 non
1469 2006 1602 2051 etiam

257 2076 419 2108 usurae
460 2063 554 2120 peti
595 2067 797 2120 possunt.
872 2062 917 2107 S.
966 2075 1039 2106 VJJ
1079 2062 1140 2107 id.
1180 2061 1281 2107 Ian.
1328 2061 1468 2107 Sirmi
1506 2063 1598 2106 ΑΑ.

257 2133 399 2171 conss.
1410 2122 1467 2172 [a.
1499 2122 1597 2170 293]

311 2174 342 2222 5
375 2174 501 2220 Idem
528 2176 620 2219 ΛΑ.
660 2181 705 2220 et
736 2174 812 2220 CC.
854 2175 1007 2220 Bitho.
1074 2174 1399 2218 Promercalem
1435 2181 1481 2218 te
1520 2175 1602 2218 ha-

257 2231 407 2276 buisse
434 2243 618 2275 uxorem
646 2232 880 2288 proponis:
910 2231 1027 2275 unde
1047 2230 1264 2285 intellegis
1286 2235 1332 2274 et
1357 2230 1601 2275 confessio-

257 2300 357 2332 nem
393 2287 602 2331 lenocinii
631 2301 785 2343 preces
814 2293 915 2332 tuas
946 2287 1169 2331 continere
1200 2291 1244 2329 et
1273 2291 1431 2330 cautae
1461 2300 1600 2342 quan-

256 2343 398 2387 titatis
436 2343 492 2388 ob
531 2348 704 2399 turpem
734 2356 914 2387 causam
943 2342 1163 2386 exactioni
1191 2342 1339 2386 locum
1367 2355 1460 2386 non
1487 2355 1599 2387 esse.

258 2399 452 2455 quamvis
483 2400 598 2443 enim
626 2400 858 2453 utriusque
886 2398 1125 2455 turpitudo
1141 2402 1343 2441 versatur
1372 2411 1427 2441 ac
1456 2399 1604 2443 soluta

258 2455 503 2511 quantitate
535 2459 679 2499 cessat
706 2455 933 2511 repetitio,
971 2460 1122 2498 tamen
1160 2467 1214 2496 ex
1242 2454 1495 2498 huiusmodi
1524 2454 1601 2497 sti-

257 2511 483 2568 pulatione
515 2516 671 2555 contra
700 2511 843 2555 bonos
867 2524 1011 2555 mores
1034 2509 1298 2566 interposita
1323 2509 1603 2565 denegandas

258 2579 355 2611 esse
391 2567 589 2612 actiones
627 2567 735 2611 iuris
770 2566 1038 2611 auctoritate
1067 2566 1408 2610 demonstratur.
1470 2564 1516 2610 S.
1555 2578 1606 2609 VJ

258 2623 318 2667 id.
347 2621 457 2668 Mai.
493 2622 594 2668 00⁴
622 2636 764 2667 conss.
1412 2626 1468 2674 [a.
1503 2626 1600 2674 294]

315 2676 346 2726 6
377 2678 503 2723 Idem
540 2679 632 2722 ΑΛ.
679 2684 724 2723 et
764 2677 840 2723 CC.
880 2677 1143 2736 Eutychiae.
1219 2677 1286 2722 Ob
1326 2678 1602 2723 restituenda

257 2747 371 2791 quae
409 2735 698 2782 subtraxerat,
731 2734 1019 2790 accipientem
1055 2734 1308 2789 pecuniam,
1362 2747 1463 2778 cum
1506 2735 1601 2778 eius

254 2796 428 2835 tantum
454 2791 718 2835 interveniat
745 2790 988 2847 turpitudo,
1031 2789 1308 2834 condictione
1337 2795 1601 2834 conventum

253 2847 369 2891 hanc
397 2847 630 2891 restituere
658 2846 820 2891 debere
850 2847 1066 2890 convenit.
1125 2845 1180 2889 D.
1213 2858 1286 2889 XV
1308 2845 1351 2890 lc.
1383 2845 1485 2891 Iun.
1520 2845 1598 2891 CC.

255 2917 398 2948 conss.
1428 2917 1468 2946 a.
1503 2906 1579 2946 294

311 2957 341 3005 7
374 2957 500 3004 Idem
519 2959 611 3002 ΛΑ.
643 2963 688 3002 et
714 2956 791 3003 CC.
812 2958 1078 3003 Zenonidae.
1119 2957 1249 3012 Eum,
1282 2958 1358 3014 qui
1388 2907 1446 3003 o[b
1471 2907 1600 3003 resti}

252 3015 420 3059 tuenda
449 3026 563 3073 quae
591 3015 800 3069 abegerat
828 3027 992 3070 pecora
1020 3015 1254 3070 pecuniam
1284 3015 1478 3070 accepit,
1508 3018 1600 3059 tam

254 3071 372 3116 hanc
399 3084 542 3126 quam
580 3083 693 3125 quae
728 3083 808 3125 per
843 3071 930 3114 hoc
970 3071 1249 3114 commissum
1289 3071 1434 3114 tenuit
1470 3071 1600 3115 resti-

255 3131 382 3171 tuere
411 3127 570 3170 debere
599 3126 824 3179 convenit,
861 3126 966 3169 licet
995 3130 1171 3170 mortua
1199 3127 1267 3170 vel
1296 3126 1382 3171 alio
1412 3126 1599 3171 fortuito

257 3194 366 3225 casu
392 3182 562 3237 perisse
591 3180 808 3233 dicantur,
841 3194 940 3224 cum
966 3181 1014 3224 in
1037 3182 1124 3225 hoc
1150 3192 1258 3225 casu
1282 3181 1330 3225 in
1353 3194 1448 3226 rem
1476 3196 1601 3227 mora

257 3237 347 3281 fiat.
405 3236 460 3281 D.
499 3249 530 3280 V
551 3235 594 3280 lc.
625 3235 731 3280 Dec.
762 3235 1052 3280 Nicomediae
1084 3235 1160 3281 CC.
1193 3250 1335 3281 conss.
1411 3242 1468 3290 [a.
1500 3241 1598 3290 294]

504 1508 592 1553 uod
621 1508 813 1552 evitandi
841 1507 1034 1552 tirocinii
1066 1518 1204 1550 causa
1225 1505 1397 1548 dedisse
1416 1509 1462 1547 te
1485 1501 1604 1558 apud

846 3404 1004 3454 VIII.⁵

534 3488 612 3530 DE
642 3487 1028 3530 CONDIGTIONE
1056 3487 1317 3529 FURTIVA.

316 3570 340 3617 1
377 3568 523 3630 Impp.
553 3569 865 3615 Diocletianus
899 3575 946 3614 et
970 3568 1286 3615 Maoeimianus
1313 3570 1406 3615 AA.
1445 3575 1490 3614 et
1520 3569 1597 3615 CC.

260 3626 544 3684 Hermogeni.
597 3626 785 3671 Praeses
814 3625 1079 3683 provinciae,
1115 3626 1260 3671 sciens
1289 3626 1398 3671 furti
1427 3626 1600 3682 quidem

258 3683 432 3726 actione
459 3682 654 3738 singulos
684 3695 882 3739 quosque
909 3683 956 3726 in
989 3682 1176 3727 solidum
1213 3683 1375 3737 teneri,
1420 3682 1598 3727 condic-

259 3738 390 3782 tionis
419 3750 522 3782 vero
560 3752 837 3782 nummorum
875 3738 1029 3782 furtim
1058 3739 1389 3782 subtractorum
1418 3739 1598 3782 electio-

259 3807 358 3838 nem
381 3806 478 3838 esse
502 3806 555 3838 ac
578 3799 673 3838 tum
695 3794 883 3848 demum,
908 3794 948 3838 si
970 3795 1028 3839 ab
1046 3807 1134 3838 uno
1158 3795 1435 3838 satisfactum
1449 3794 1597 3848 fuerit,

259 3855 427 3894 ceteros
471 3848 671 3904 liberari,
715 3850 813 3893 iure
855 3850 1054 3907 proferre
1103 3849 1364 3894 sententiam
1408 3850 1596 3894 curabit.

260 3906 305 3951 S.
344 3918 394 3949 VJ
419 3905 462 3950 lc.
493 3904 623 3949 Mai!
656 3903 734 3950 CC.
765 3919 909 3950 conss.
1411 3911 1467 3959 [a.
1501 3909 1596 3958 294]

315 3958 347 4008 2
378 3961 503 4006 Idem
526 3962 618 4005 AA.
650 3966 696 4005 et
721 3960 799 4006 CC.
825 3961 1124 4007 Aristaeneto.
1183 3963 1302 4007 Ante
1330 3962 1598 4007 oblationem

258 4019 546 4073 interemptae
574 4017 639 4061 rei
666 4017 855 4061 furtivae
884 4017 1091 4061 damnum
1121 4018 1179 4062 ad
1206 4018 1350 4062 furem
1377 4018 1598 4074 pertinere

260 4074 549 4119 certissimum
577 4078 659 4118 est.
718 4072 775 4117 D.
806 4072 849 4117 lc.
879 4072 988 4117 Mai.
1024 4072 1102 4118 CC.
1134 4087 1277 4119 conss.
1408 4077 1465 4128 [a.
1498 4078 1595 4127 294]

260 4274 311 4324 (1)
338 4285 454 4312 xv111
485 4274 523 4324 2,
539 4281 596 4323 40,
613 4281 644 4312 4.
676 4275 716 4324 5,
734 4279 790 4323 42,
808 4280 828 4314 3
916 4271 971 4322 (2)
1002 4271 1046 4312 Β
1068 4272 1136 4323 24,
1161 4280 1194 4313 2.
1210 4294 1265 4303 -
1283 4271 1345 4325 Cf.
1363 4273 1463 4326 Diy.
1494 4273 1559 4323 12,
1576 4282 1596 4314 5
1636 4276 1639 4310 3

258 4329 313 4378 (3)
343 4331 384 4368 ot
417 4328 489 4371 CR
520 4344 603 4369 cum
633 4329 676 4368 B
707 4330 762 4381 (κ.
792 4329 871 4379 π.),
902 4343 973 4367 om.
1007 4328 1047 4366 P
1152 4329 1206 4380 (4)
1235 4340 1294 4368 00.
1324 4327 1440 4381 Ηαί.,
1470 4340 1530 4368 aa.
1563 4329 1605 4368 P
1635 4325 1638 4396 j

260 4384 315 4434 (5)
346 4383 390 4425 Β
420 4386 486 4435 60,
512 4394 568 4435 10,
595 4393 647 4426 21.
675 4393 732 4425 22.
762 4407 817 4414 -
850 4383 909 4434 Cfi
927 4383 1026 4436 Diy.
1052 4384 1149 4434 13,1
1262 4385 1319 4437 (6)
1346 4386 1406 4426 sic
1434 4385 1481 4433 Ρ,
1513 4383 1594 4424 dat.

260 4438 300 4477 k.
330 4439 449 4480 maiis
477 4441 577 4480 Hal.
666 4441 721 4494 (7)
751 4442 792 4480 et
822 4452 878 4480 ce.
911 4441 1020 4489 dett„
1050 4454 1123 4479 om.
1154 4437 1268 4479 SCR
1363 4440 1419 4491 (s)
1447 4452 1480 4481 s.
1510 4452 1597 4480 xm

260 4493 301 4532 k.
317 4493 438 4534 Mart.
455 4495 580 4536 Sirmi
595 4498 683 4537 AA.
708 4508 837 4536 conss.
854 4495 926 4547 (=
939 4507 975 4534 a.
993 4495 1078 4546 293)
1102 4494 1322 4535 Mommsen
1393 4497 1451 4547 (9)
1466 4507 1527 4535 aa.
1546 4495 1596 4547 P,

261 4560 319 4589 00.
343 4549 444 4590 Hal.
529 4551 605 4603 (10)
634 4564 665 4593 s.
691 4564 741 4591 Π
764 4553 812 4603 Ρ,
842 4551 924 4591 dat.
946 4551 1047 4591 Hal.
1133 4550 1203 4600 (11)
1226 4552 1268 4590 et
1284 4551 1360 4592 del.
1375 4551 1595 4592 Mommsen

262 4605 336 4657 (12)
369 4605 410 4645 Β
432 4606 498 4655 24,
523 4615 558 4647 3.
586 4629 639 4636 -
666 4605 729 4656 Gt:
746 4607 846 4661 Diq.
870 4608 937 4657 44,
955 4614 974 4647 τ
1004 4606 1103 4647 Inst.
1126 4606 1165 4655 3,
1182 4613 1234 4647 13.
1266 4608 1306 4658 4,
1323 4615 1343 4647 c
1401 4607 1595 4657 (13)x1111

262 4660 376 4705 Hal„
398 4672 497 4701 xvn
522 4662 568 4713 P,
590 4674 671 4702 Ἧι
695 4663 755 4705 Μ
817 4664 891 4717 (14)
916 4663 957 4702 01
979 4662 1022 4702 Β
1090 4662 1165 4713 (15)
1189 4663 1248 4702 sic
1271 4662 1322 4714 L,
1340 4662 1422 4701 ian.
1445 4662 1541 4702 Hal.
1561 4663 1601 4701 P

391 4734 433 4771 ll.

1599 178 1696 239 153

2715 180 2818 231 1111
2855 180 3025 231 6-10

2273 336 2426 384 VIIII.

1685 420 1763 461 DE
1808 407 2191 469 conmc'eroNE
2235 417 2318 457 Ex
2358 419 2512 459 LEGE
2556 419 2630 460 ET
2674 417 2807 459 SINE
2852 416 3029 457 CAUSA

2059 471 2176 513 VEL
2205 472 2436 514 INIUSTA
2467 474 2656 515 CAUSA.

1743 554 1768 603 1
1805 554 1952 654 Impe.
1983 553 2294 599 Diocletianus
2322 560 2367 600 et
2392 555 2705 601 Maximianus
2733 553 2825 597 AA.
2856 556 2901 595 et
2931 550 3031 595 CC!

1692 610 1836 669 Ulpio.
1935 611 2023 654 icet
2050 612 2154 653 ante
2182 614 2357 667 tempus
2387 612 2535 656 debita
2564 610 2687 665 exigi'
2711 621 2802 652 non
2830 611 3031 671 possunt,

1686 671 1833 709 tamen
1862 667 1900 709 si
1927 671 1973 709 te
2001 679 2056 710 ex
2083 666 2304 721 primipilo
2335 667 2578 712 debitorem
2606 665 2704 708 fisci
2744 664 3034 727 constitutum

1686 733 1739 763 ac
1768 722 2080 775 patrimonium
2118 727 2242 765 tuum
2278 723 2542 766 exhaustum
2571 732 2753 777 praeses
2784 729 3034 774 provinciae

1687 777 1974 830 compererit,
2014 780 2066 819 ut
2101 778 2159 820 ad
2198 778 2432 821 solutionis
2473 777 2756 820 securitatem
2794 773 2937 816 solum
2969 772 3034 815 fe-

1685 831 1834 874 nebris
1865 832 2081 885 pecuniae
2111 832 2356 875 subsidium
2397 843 2632 887 superesse
2660 829 2875 881 videatur,
2917 840 3035 870 com-

1669 885 1882 930 monebit
1924 885 2168 928 debitorem
2210 890 2359 938 tuum,
2404 887 2443 929 si
2487 887 2643 929 saltem
2686 885 2783 939 ipse
2827 883 3035 927 solvendo

1686 939 1757 995 sit,
1787 943 1840 984 ut
1862 944 1967 984 ante
1992 939 2219 983 definitum
2240 945 2415 995 tempus
2445 941 2595 984 debita
2614 940 2698 983 tibi
2722 943 3037 994 repraesentet,

1686 1002 1736 1041 ut
1763 996 1898 1049 fisco,
1939 995 2065 1039 cuius
2105 995 2162 1038 ob
2194 996 2484 1039 necessitates
2515 996 2720 1051 publicas
2752 1007 2929 1038 causam
2957 1007 3037 1049 po-

1687 1054 1843 1098 tiorem
1856 1065 1953 1097 esse
1971 1054 2157 1107 oportet,
2187 1050 2338 1094 debita
2353 1052 2543 1108 pecunia
2561 1052 2828 1096 exsolvatur.
2873 1049 2919 1094 S.
2937 1061 3039 1093 ΧΠ]

1686 1109 1729 1154 lc.
1760 1112 1876 1168 Auq.
1908 1107 2048 1152 Sirmi
2079 1105 2158 1151 00.
2191 1108 2359 1151 conss.⁸
2849 1111 2905 1159 [a.
2938 1109 3037 1156 294]

1744 1163 1776 1212 2
1807 1164 1933 1209 Idem
1963 1163 2055 1208 AA.
2096 1167 2141 1207 et
2170 1162 2248 1208 CC.
2281 1161 2507 1222 Scylacio.
2577 1164 2833 1208 Dissolutae
2863 1162 3038 1226 quanti-

1687 1222 1792 1266 tatis
1828 1223 2049 1265 retentum
2086 1219 2430 1264 instrumentum
2464 1220 2676 1265 inefficax
2722 1232 2859 1276 penes
2901 1217 3040 1262 credi-

1686 1283 1828 1322 torem
1856 1289 2083 1322 remanere
2113 1280 2158 1320 et
2180 1276 2284 1320 ideo
2307 1289 2390 1332 per
2415 1277 2739 1322 condictionem
2762 1275 2889 1320 reddi
2909 1287 3039 1331 opor-

1687 1338 1781 1378 tere
1808 1347 1901 1378 non
1932 1338 1998 1378 est
2024 1332 2136 1376 iuris
2168 1332 2373 1388 ambigui.
2435 1332 2481 1378 S.
2515 1346 2584 1377 III
2609 1347 2715 1377 non.
2747 1332 2894 1441 Aprffi‘l.
2925 1331 3041 1437 {9433

1688 1404 1832 1434 conss.
2865 1402 2906 1432 a.
3001 1417 3008 1428 .

1745 1443 1775 1492 3
1816 1445 1942 1490 Idem
1981 1445 2073 1489 AA.
2115 1448 2159 1488 et
2199 1443 2277 1489 CC.
2321 1443 2542 1490 Galatiae.
2611 1445 2736 1490 Mala
2774 1445 2862 1489 fide
2898 1443 3041 1500 possi-

1690 1502 1797 1546 dens
1827 1502 1882 1546 de
1911 1501 2186 1558 proprietate
2215 1501 2359 1546 victus
2399 1502 2656 1546 extantibus
2693 1501 2916 1546 fructibus
2945 1499 3039 1543 vin-

1689 1558 1932 1612 dicatione,
1991 1557 2264 1612 consumptis
2307 1570 2410 1602 vero
2467 1559 2747 1603 condictione
2798 1559 3040 1614 conventus

1686 1615 1846 1658 horum
1886 1613 2158 1657 restitutioni
2195 1626 2356 1669 parere
2398 1615 2690 1671 compellitur.
2771 1614 2815 1658 S.
2857 1614 2953 1656 VJ¹⁰
2981 1613 3040 1655 id.

1689 1670 1816 1714 Febr.
1852 1669 1930 1714 CC.
1953 1683 2114 1714 conss.
2852 1674 2908 1722 [a.
2941 1672 3040 1720 294]

1744 1724 1776 1771 4
1815 1724 1944 1770 Idem
1981 1726 2075 1769 ΛΑ.
2113 1729 2160 1769 et
2200 1724 2276 1770 CC.
2309 1726 2592 1772 Alea-andro.
2661 1726 2708 1770 Si
2741 1739 2832 1770 non
2865 1728 2932 1769 est
2959 1738 3042 1768 nu-

1686 1786 1925 1836 meratum,
1966 1781 2083 1837 quod
2119 1781 2242 1826 velut
2275 1788 2510 1838 acceptum
2541 1786 2586 1826 te
2616 1783 2859 1839 sumpsisse
2888 1784 3041 1825 mutuo

1686 1837 3045 1940 &triti§dritta&atatieuarestus&

1687 1950 1810 1994 reddi
1847 1950 2098 1995 cautionem
2168 1951 2377 1995 raesidali
2413 1952 2595 1997 notione
2631 1952 2859 2007 postulare
2899 1953 3042 2007 potes.

1688 2006 1740 2050 D.
1774 2019 1890 2050 XVII
1915 2006 1958 2050 lc.
1992 2006 2092 2050 Ian.
2163 2006 2205 2052 C.
2237 2021 2382 2052 conss,
2855 2012 2912 2060 [a.
2946 2009 3043 2058 294]

2313 2124 2415 2172 X.¹²

1826 2205 1903 2245 DE
1934 2205 2414 2247 OBLIGATIONIBUS
2444 2206 2518 2247 ΕΤ
2548 2205 2904 2247 ACTIONIBUS.

1745 2285 1769 2331 1
1807 2285 1921 2344 Imp.
1957 2285 2218 2331 Gordianus
2246 2288 2297 2331 A.
2341 2287 2561 2332 Valeriae.
2628 2288 2749 2332 Data
2769 2289 2934 2331 ¹certae
2963 2299 3041 2342 pe-

1688 2342 1844 2385 cuniae
1875 2343 2124 2398 quantitate
2158 2343 2199 2386 ei
2230 2344 2355 2387 cuius
2385 2344 2622 2387 meministi
2658 2345 2706 2386 in
2734 2344 2875 2388 vicem
2906 2343 3043 2386 debiti

1687 2398 1885 2441 actiones
1928 2399 2011 2441 tibi
2046 2399 2258 2444 adversus
2297 2400 2564 2452 debitorem,
2606 2413 2689 2455 pro
2730 2413 2817 2455 quo
2858 2399 3039 2451 solvisti,

1688 2454 1797 2497 dicis
1838 2466 1936 2498 esse
1973 2455 2206 2499 mandatas
2247 2460 2316 2509 et,
2357 2460 2595 2511 antequam
2630 2469 2681 2499 eo
2712 2455 2890 2499 nomine
2918 2455 3041 2498 litem

1690 2510 2015 2565 contestareris,
2047 2511 2143 2555 sine
2167 2511 2330 2556 herede
2363 2511 2630 2556 creditorem
2656 2512 2739 2555 fati
2767 2524 2928 2555 munus
2958 2511 3040 2554 im-

1686 2567 1832 2621 plesse
1870 2567 2098 2621 proponis.
2169 2580 2283 2623 quae
2320 2567 2359 2612 si
2387 2567 2452 2611 ita
2482 2570 2606 2622 sunt,
2648 2568 2770 2612 utilis
2811 2568 2928 2612 actio
2958 2567 3042 2611 tibi

1688 2623 1910 2678 competit.
1983 2621 2079 2666 ΡΡ.
2129 2636 2158 2666 V
2197 2623 2240 2667 lc.
2284 2623 2393 2667 Mai.
2439 2624 2590 2668 Attico
2643 2629 2690 2668 et
2734 2623 3039 2668 Praetextato

1686 2692 1830 2722 conss.
2849 2684 2906 2732 [a.
2940 2683 3038 2732 242]

1743 2733 1774 2779 2
1806 2733 1953 2800 Impp.
1998 2734 2268 2779 Valerianus
2297 2742 2342 2779 et
2373 2734 2605 2780 Gallienus
2626 2737 2718 2780 AA.
2754 2735 2892 2780 Celso.
2945 2735 3038 2779 No-

1688 2791 1877 2833 minibus
1907 2804 1955 2834 m
1986 2791 2135 2835 dotem
2164 2791 2292 2844 datis,
2323 2793 2522 2848 quamvis
2552 2805 2635 2836 nec
2666 2792 2883 2847 delegatio
2909 2805 3039 2848 prae-

1688 2847 1870 2890 cesserit
1910 2859 1993 2891 nec
2035 2847 2125 2891 litis
2174 2848 2439 2892 contestatio
2480 2850 2722 2893 subsecuta
2760 2848 2842 2901 sit,
2887 2849 3039 2892 utilem

1686 2907 1833 2946 tamen
1862 2903 2023 2947 marito
2055 2904 2274 2947 actionem
2300 2904 2356 2948 ad
2382 2905 2712 2948 similitudinem
2737 2906 2831 2949 eius
2860 2905 2935 2960 qui
2958 2918 3038 2948 no-

1686 2972 1785 3002 men
1811 2960 1966 3002 emerit
1995 2959 2094 3003 dari
2127 2965 2335 3016 oportere
2365 2973 2497 3016 saepe
2527 2962 2791 3016 rescriptum
2817 2966 2896 3004 est.
2942 2959 3036 3004 ΡΡ.

1686 3016 1856 3058 ΧῙΙΗ13
1880 3015 1922 3058 lc.
1941 3015 2069 3059 Febr.
2089 3015 2329 3060 Saeculari
2344 3028 2390 3059 Il
2408 3023 2454 3060 et
2466 3016 2652 3060 Donato
2676 3030 2820 3060 conss.
2863 3020 2919 3068 [a.
2939 3020 3037 3068 260]

1742 3067 1772 3116 3
1803 3070 1955 3170 [171ρὸ9.
1984 3070 2296 3115 Diocletianus
2335 3077 2380 3116 et
2413 3071 2729 3116 Maximianus
2757 3072 2850 3115 AA.
2882 3071 3036 3115 Rusti-

1684 3126 1828 3171 ciano.
1929 3127 1958 3170 b
2001 3139 2159 3171 causas
2196 3127 2367 3182 proprii
2396 3126 2535 3170 debiti
2566 3128 2778 3172 locatoris
2811 3127 3036 3171 conveniri

1686 3182 1866 3225 colonos
1901 3182 2191 3237 pensionibus
2230 3195 2284 3226 ex
2301 3185 2334 3209 ¹⁴
2369 3183 2535 3237 placito
2576 3182 2901 3228 satisfacientes
2933 3196 3036 3240 per-

1685 3251 1815 3291 quam
1843 3237 2105 3281 iniuriosum
2135 3240 2214 3280 est.
2275 3236 2368 3281 ΡΡ.
2391 3239 2517 3296 prid.
2549 3238 2592 3283 lc.
2624 3239 2771 3283 Iun.¹⁵
2803 3239 3036 3284 Tiberiade

1682 3293 1890 3337 Maximo
1922 3305 1970 3336 II
1995 3298 2040 3336 et
2066 3294 2106 3336 A
2138 3293 2280 3337 uilino
2312 3306 2455 3338 conss.
2845 3300 2902 3349 [a.
2935 3299 3033 3348 286]

1739 3347 1770 3393 4
1806 3347 1968 3392 ¹⁶Idem
1992 3349 2084 3391 AA.
2141 3348 2316 3393 iciniae.
2368 3350 2540 3394 Bonam
2568 3350 2700 3396 fidem
2724 3352 2771 3395 in
2794 3352 3033 3396 contracti-

1682 3405 1764 3448 bus
1810 3404 2081 3447 considerari
2119 3416 2310 3461 aequum
2354 3410 2435 3450 est.
2507 3405 2602 3451 ΡΡ.
2643 3422 2748 3452 non.
2788 3407 2882 3453 Oct.
2921 3410 3034 3467 ipsis

1684 3472 1773 3503 ΠΗ
1802 3465 1846 3503 et
1875 3471 1943 3503 HJ
1968 3460 2060 3503 AA.
2094 3474 2241 3504 conss.
2843 3469 2900 3517 [a.
2933 3468 3030 3517 290]

1739 3514 1768 3560 5
1802 3513 1927 3559 Idem
1954 3517 2047 3559 ΛΑ.
2079 3522 2126 3560 et
2155 3517 2231 3562 GC.
2268 3516 2501 3563 Camerino
2532 3524 2578 3563 et
2604 3518 2859 3564 Marciano.
2906 3520 3031 3564 Sicut

1681 3571 1804 3615 initio
1843 3571 1984 3615 libera
2021 3574 2220 3626 potestas
2254 3574 2492 3631 unicuique
2523 3577 2592 3619 est
2619 3576 2815 3619 habendi
2843 3576 2911 3619 vel
2939 3590 3030 3620 non

1682 3627 1875 3670 habendi
1906 3632 2175 3683 contractus,
2213 3629 2278 3673 ita
2306 3631 2563 3675 renuntiare
2594 3633 2729 3675 semel
2761 3633 3030 3675 constitutae

1682 3683 1941 3738 obligationi
1970 3683 2219 3728 adversario
2250 3699 2341 3730 non
2373 3687 2677 3731 consentiente
2699 3687 2875 3731 minime
2893 3689 2926 3714 ¹⁷
2947 3701 3028 3743 po-

1681 3742 1782 3783 test.
1842 3742 2114 3795 quapropter
2140 3740 2397 3798 intellegere
2426 3742 2593 3787 debetis
2617 3743 2890 3786 voluntariae
2915 3743 3026 3786 obli-

1681 3794 1846 3851 gationi
1891 3795 2024 3839 semel
2062 3809 2140 3841 vos
2182 3810 2319 3842 nexos
2364 3799 2422 3842 ab
2461 3799 2548 3842 hac
2590 3812 2681 3842 non
2725 3798 3028 3842 consentiente

1682 3851 1823 3894 altera
1851 3855 1991 3906 parte,
2023 3851 2148 3896 cuius
2178 3854 2386 3909 precibus
2415 3853 2586 3898 fecistis
2616 3853 2905 3906 mentionem,
2945 3855 3025 3896 mi-

1682 3907 1797 3950 nime
1825 3919 1958 3961 posse
1987 3906 2223 3952 discedere.
2283 3909 2338 3953 D.
2373 3923 2476 3953 non.
2507 3910 2650 3968 April.
2682 3909 2904 3966 Byzantii
2930 3910 3024 3953 AA.

1682 3975 1826 4006 conss.
2835 3969 2894 4017 [a.
2925 3969 3023 4017 293]

1740 4015 1770 4063 6
1801 4017 1926 4062 Idem
1963 4019 2057 4063 AA.
2097 4024 2142 4064 et
2173 4019 2251 4065 CC.
2282 4019 2502 4064 Maurico.
2569 4020 2616 4063 Si
2644 4020 2691 4063 in
2720 4021 2914 4064 solutum
2942 4034 3022 4063 no-

1681 4087 1781 4118 men
1820 4073 2032 4118 debitoris
2071 4076 2140 4119 sui
2176 4075 2259 4120 tibi
2298 4077 2471 4120 debitor
2508 4076 2627 4119 dedit
2661 4080 2765 4120 tuus
2805 4089 2860 4120 ac
2894 4079 2940 4121 te
2977 4077 3025 4119 in

1680 4141 1775 4174 rem
1801 4133 1925 4173 tuam
1939 4131 1974 4157 ¹⁸
2000 4134 2334 4187 procuratorem
2355 4133 2472 4187 fecit,
2510 4132 2544 4158 ¹⁹
2553 4133 2752 4188 pignora,
2784 4145 2898 4187 quae
2920 4143 3022 4188 spe-

1680 4272 1755 4323 (16)
1772 4273 1891 4352 ““nsse
1905 4275 1945 4322 5,
1962 4281 2019 4324 74,
2037 4282 2054 4315 1
2115 4274 2186 4324 (17)
2205 4286 2325 4315 nemo
2339 4274 2438 4314 Hal.
2458 4289 2542 4314 eum
2559 4274 2602 4314 B
2659 4274 2735 4326 (18)
2749 4275 2862 4313 tuam
2872 4274 3011 4327 pcuR

1679 4339 1794 4367 suam
1815 4329 1848 4369 C
1882 4343 1967 4369 cum
1981 4330 2071 4368 ΒΣ
2078 4330 2134 4382 (κ.
2150 4332 2215 4380 π.)
2299 4331 2375 4383 (19)
2389 4329 2606 4381 superstite
2621 4342 2667 4369 eo
2683 4342 2731 4369 ex
2747 4330 2834 4370 eius
2849 4343 3022 4382 persona

1679 4384 1912 4424 exciderunt
1947 4387 2161 4426 secundum
2199 4387 2288 4425 ΒΣ
2311 4387 2366 4436 (κ.
2382 4388 2469 4436 π.);
2505 4387 2579 4424 καὶ
2613 4385 2822 4436 ἐποίησεν
2857 4384 2902 4426 ἰν
2938 4385 3022 4445 ῥὲμ

1678 4433 1833 4503 σσῦαμ,
1865 4436 2214 4498 προκουράτωρα
2257 4443 2331 4482 καὶ
2375 4443 2595 4497 περίεστι,
2642 4435 2833 4482 δύνασαι
2873 4435 2933 4483 ὦς
2971 4442 3021 4483 ἐκ

1678 4507 1924 4551 προσωπσυ
1953 4491 2086 4536 αὐτοῦ
2116 4494 2174 4537 τὰ
2201 4498 2383 4553 ἐνέχυρα
2401 4490 2516 4552 ἅπερ
2542 4506 2578 4536 et
2593 4498 2887 4538 adnotationem
2910 4496 3018 4539 lea-

1680 4551 1822 4591 lelaei:
1852 4545 2074 4603 ἀντέθηκε
2102 4547 2152 4591 δὲ
2180 4547 2203 4592 ὁ
2232 4548 2258 4603 ἥ
2290 4564 2348 4592 ως
2361 4553 2600 4607 Πατρίκιος
2625 4549 2769 4605 ἑαυτῷ
2796 4549 2878 4605 τὴν
2900 4548 3016 4594 ὃιάτ.

1679 4600 1725 4645 α’
1767 4603 1925 4647 τούτου
1963 4606 2042 4647 τοῦ
2078 4604 2228 4647 τίτλον
2260 4567 2429 4663 {e'ywv‘
2467 4610 2588 4648 τίνος
2623 4606 2772 4649 ἕνεκεν
2802 4604 3015 4665 περιόντα

1677 4655 1941 4718 ἀπαγγέλλει
1978 4659 2059 4703 τὸν
2095 4658 2338 4718 χρεώστην,
2380 4656 2518 4703 ὁπότε
2554 4663 2604 4702 ἐν
2643 4664 2786 4720 ἐκείνῃ
2824 4665 2880 4721 τῇ
2916 4661 3010 4705 δια·

2623 4735 2674 4774 20
