3138 4776
159 148 461 197 AUDIENTIA

267 304 296 341 η
324 288 374 328 ἐν
395 282 591 339 ἀπουσίᾳ
618 284 696 328 τοῦ
726 281 934 343 ἄρχοντος
963 279 1086 339 παρὰ
1114 282 1180 335 τῷ
1213 279 1371 336 ἐκδίκῳ
1401 282 1497 324 τῶν

268 340 427 386 τόπων
465 338 493 397 ἢ
532 339 654 401 παρὰ
689 341 756 394 τῷ
797 335 1030 390 ἐπισκόπῳ
1060 338 1136 390 τῆς
1164 334 1348 391 πόλεως,
1378 331 1493 379 καθ’

269 394 325 454 ἣν
364 395 390 441 ὁ
435 395 652 451 δεσπότης
694 394 772 438 τοῦ
816 389 1033 447 κτήματος
1077 391 1237 451 διάγει,
1283 392 1498 453 πράττειν

268 457 371 513 περὶ
406 453 588 505 τούτου,
629 447 745 496 ὥστε
778 451 852 492 καὶ
881 446 966 501 τὴν
995 449 1044 499 ἐξ
1073 448 1169 491 ἑνὸς
1205 452 1303 493 τῶν
1332 449 1497 505 εἰρημέ-

268 526 364 554 νων
393 508 654 570 προσώπων
683 504 992 564 προστεθῆναι
1030 507 1096 559 τῷ
1132 503 1362 565 πράγματι
1388 519 1498 560 μαρ-

162 571 183 614 1
269 570 442 625 τυρίαν.
502 567 593 608 Καὶ
631 564 671 606 εἰ
695 558 809 617 μηδὲ
836 554 976 602 οὕτως
1004 559 1149 603 ἕλοιτο
1182 560 1336 617 λαβεῖν
1364 571 1498 618 προσ-

270 621 492 682 αγόμενον
518 619 571 665 τὸ
606 616 862 676 ἐμφύτευμα
898 612 922 659 ὁ
963 614 1191 671 δεσπότης,
1229 615 1499 675 κερδαινέτω

269 681 352 734 μὲν
391 674 500 720 αὗτὸ
535 672 560 719 ό
599 669 878 732 ἐμφυτευτής,
916 670 1029 728 μηδε
1065 678 1139 716 ίαν
1168 670 1348 732 ἀγωγὴν
1381 672 1499 724 ἔχον·

161 739 184 779 2
271 748 344 777 τος
372 734 432 777 εἰς
458 730 702 784 ἀπαίτησιν
733 723 867 771 αὐτοῦ
897 730 976 771 τοῦ
1038 727 1243 773 εσπότου.
1303 725 1430 781 Μήτε
1453 723 1501 767 δὲ

271 786 299 845 ἦ
347 786 605 846 ἐμφύτευσις
642 784 824 828 λυέσθω
868 784 1228 843 παρατρεχούσης
1270 786 1346 838 τῆς
1387 797 1500 838 τριε·

271 850 370 890 τίας
399 841 512 913 μήτε
545 842 641 885 τῶν
680 841 835 898 ἐφεξῆς
872 842 1095 884 ἐνιαυτῶν
1133 838 1382 885 ἀπαιτείτω
1420 835 1502 880 τὸν

271 900 474 944 εἰωθοτα
500 895 668 941 κανόνα
706 893 731 939 ὁ
761 894 992 950 δεσπότης,
1031 899 1114 939 ἕως
1143 893 1199 939 ἂν
1229 894 1359 939 αὐτὸς
1388 891 1500 937 ἅνω·

271 958 361 1002 θεν
401 951 586 1008 όχλήσας
635 954 703 1007 τῷ
759 955 1006 1011 ἐμφυτευτῇ
1052 956 1126 994 καὶ
1178 951 1502 1011 διαμαρτυρίαν

271 1010 392 1080 αὐτῷ
442 1008 613 1053 στείλας
650 1007 839 1068 ἄρξηται
879 1010 1021 1052 αἰτεῖν
1059 1007 1141 1051 τὸν
1185 1002 1502 1065 ἐμφυτευτικὸν

269 1079 460 1112 κανονα·
496 1062 601 1108 τότε
638 1065 723 1124 γὰρ
763 1061 813 1107 ού
842 1063 933 1120 μὴν
961 1066 1041 1108 τοῦ
1072 1062 1379 1132 προλαβόντος
1399 1058 1501 1128 χρό-

267 1139 346 1167 νου
389 1119 558 1166 παντὸς
595 1117 845 1165 ἀπαιτείτω
882 1120 964 1164 τὸν
1002 1120 1172 1164 κανόνα
1210 1137 1235 1164 ο
1274 1117 1502 1169 δεσπότης,

269 1175 330 1223 οἷς
371 1175 504 1221 αὐτὸς
547 1177 687 1220 αἴτιος
724 1179 803 1220 τοῦ
839 1176 903 1232 μὴ
942 1176 1097 1234 λαβεῖν
1127 1172 1264 1220 αὐτὸν
1299 1168 1503 1234 γεγονώς,

267 1235 347 1278 τοῦ
386 1231 436 1277 δὲ
472 1237 706 1292 τρέχοντος
732 1231 893 1294 χρόνου
920 1232 1034 1290 μετὰ
1068 1231 1153 1288 τὴν
1182 1231 1504 1290 διαμαρτυρίαν

159 1296 184 1336 3
270 1287 406 1334 αὐτοῦ
450 1285 700 1334 ἀπαιτείτω
745 1288 798 1333 τὸ
842 1290 1111 1347 ἐμφύτευμα.
1190 1286 1295 1330 Ἐὰν
1338 1284 1388 1329 δὲ
1428 1285 1503 1328 ἐπὶ

267 1350 470 1415 τριετίαν
510 1344 623 1402 μετὰ
667 1343 751 1401 τὴν
794 1343 1119 1405 διαμαρτυρίαν
1157 1345 1236 1388 τοῦ
1287 1339 1503 1407 δεσπότρυ

267 1419 331 1459 μη
388 1400 621 1473 καταβάλῃ
678 1398 704 1444 ὁ
762 1403 816 1458 ἐμ
852 1401 1031 1456 υτευτὴς
1073 1397 1369 1461 εὐγνωμόνως
1422 1412 1504 1439 τον

269 1456 452 1512 κανόνα,
492 1455 754 1501 ακολούθως
791 1460 814 1498 ἐ
842 1459 1027 1500 ωθείτω
1066 1453 1206 1499 αὐτὸν
1233 1452 1258 1498 ὁ
1289 1451 1506 1506 δεσπότης

267 1516 345 1570 τῆς
385 1514 692 1573 ἐμφυτεύσεως
729 1513 843 1557 κατὰ
876 1513 959 1567 τὴν
996 1511 1208 1571 δευτέραν
1236 1509 1396 1554 τούτου
1424 1509 1503 1552 τοῦ

269 1569 422 1614 τίτλον
437 1574 451 1598 ²
481 1567 700 1620 διάταξιν.

216 1623 281 1674 33
314 1623 387 1669 2Ὁ
425 1623 557 1669 αὐτὸς
592 1623 802 1681 βασιλεὺς
839 1627 930 1666 τοῖς
967 1623 1198 1675 πανταχοῦ
1236 1623 1312 1680 γῆς
1346 1621 1432 1664 θεο
1471 1638 1503 1661 ι·

161 1680 386 1726 λεστάτοις
424 1679 696 1726 ἐπισκόποις.
765 1682 901 1723 Θείαν
941 1676 1255 1734 ἐποιησάμεθα
1298 1674 1430 1719 διάτα
1460 1693 1504 1718 ιν

158 1735 306 1781 οὐδενὶ
344 1738 671 1796 συγχωροῦντες
707 1732 812 1778 ούδέ
847 1733 1043 1778 ἄκουσαν
1069 1737 1258 1792 γυναῖκα
1287 1730 1452 1787 δούλην
1478 1727 1505 1785 ἢ

161 1792 400 1853 ἐλευθέραν
443 1793 503 1836 εἰς
545 1789 713 1846 σκηνὴν
755 1787 783 1846 ἢ
827 1787 850 1834 ό
879 1787 1079 1850 χήστραν
1118 1788 1358 1833 καθέλκειν
1403 1785 1507 1831 οὐδὲ

156 1847 468 1908 ἀπαλλαγῆναι
491 1846 767 1904 βουλομένην
791 1864 856 1890 κω
884 1845 980 1889 ύειν
1008 1844 1036 1901 ἢ
1055 1845 1158 1889 τοὺς
1177 1843 1387 1914 ἐγγυητὰς
1405 1843 1507 1888 τούς

157 1901 289 1960 αύτῆς
326 1900 386 1947 ῶς
422 1900 535 1964 ὑπὲρ
563 1900 698 1947 αὐτοῦ
731 1902 892 1946 τούτου
919 1907 1101 1971 χρυσίον
1130 1903 1269 1958 ῥητόν
1296 1898 1505 1961 ὁμολογή-

160 1966 180 2006 1
254 1974 422 2004 σαντας
462 1959 685 2005 ἀπαιτεῖν.
754 1956 877 2003 Ἀλλ’
924 1962 963 2002 εἰ
1004 1976 1050 2002 τι
1097 1960 1275 2002 τοιοῦτο
1316 1962 1505 2018 γένοιτο,

155 2014 416 2061 κωλύεσθαι
456 2018 602 2060 ταῦτα
645 2012 769 2075 παρά
805 2031 856 2059 τε
897 2016 995 2058 τῶν
1031 2014 1366 2074 λαμπροτάτων
1407 2014 1507 2058 τῶν

157 2074 387 2133 ἐπαρχιῶν
428 2069 664 2132 ἀρχόντων
706 2075 782 2115 καὶ
824 2070 948 2132 παρὰ
988 2073 1086 2115 τῶν
1125 2073 1176 2114 ἐν
1214 2075 1311 2115 ταῖς
1349 2068 1508 2116 πόλεσι

156 2127 527 2188 θεοφιλεστάτων
556 2126 819 2173 ἐπισκόπων
836 2125 1144 2184 διεταξάμεθα
1168 2126 1321 2171 δόντες
1349 2124 1509 2170 ἄδειαν

157 2190 247 2230 τοῖς
283 2182 649 2244 θεοφιλεστάτοις
688 2183 946 2229 ἐπισκόποις
983 2180 1076 2240 ἅμα
1103 2186 1171 2239 τῷ
1203 2182 1507 2253 λαμπροτάτῳ

157 2243 234 2309 τῇς
273 2243 485 2310 ἐπαρχίας
519 2239 703 2300 ἄρχοντι
741 2245 816 2284 καὶ
857 2240 1050 2284 ἄκοντας
1090 2238 1119 2283 ἅ
1148 2257 1217 2284 ειν
1262 2255 1374 2299 προς
1412 2239 1508 2282 ἑαυ-

158 2295 260 2341 τούς
306 2311 407 2341 τους
457 2300 755 2354 βιασαμένους
796 2293 825 2351 ἢ
868 2298 971 2340 τοὺς
1014 2293 1110 2341 ἀπα
1139 2295 1390 2340 λάττεσθαι
1432 2297 1510 2350 τῆς

160 2355 368 2414 ἐργασίας
403 2351 657 2397 κωλύοντας
693 2357 769 2395 καὶ
807 2351 1027 2409 δημοσίαν
1064 2355 1150 2409 μὲν
1179 2349 1335 2396 αὐτῶν
1362 2355 1510 2396 ποιεῖν

161 2413 186 2454 2
241 2408 327 2465 τὴν
354 2407 525 2463 οὐσίαν,
554 2411 745 2452 ἐκείνους
774 2407 823 2452 δὲ
846 2411 924 2464 τῆς
946 2406 1119 2453 πόλεως
1143 2407 1410 2460 ἐξελαύνειν.
1452 2408 1511 2451 Εἰ

159 2553 211 2605 (1)
241 2553 287 2594 id
314 2561 372 2594 est
399 2560 434 2602 4,
465 2560 525 2604 66,
556 2562 577 2594 2

746 2552 801 2604 (2)
833 2567 867 2594 c.
897 2560 939 2593 33
971 2560 1080 2594 extat
1107 2554 1148 2593 in
1184 2553 1282 2594 Coll.
1315 2561 1352 2594 et
1381 2568 1504 2607 usque

161 2610 220 2650 ad
251 2613 270 2657 5
303 2617 325 2651 2
353 2610 395 2650 in
424 2608 589 2650 Nomoc.

754 2611 806 2660 (3)
845 2603 1029 2662 δίδομεν
1058 2608 1247 2661 Νοηιοσ.,
1287 2604 1505 2652 διδοῦσαν

151 2772 404 2833 provinciis
439 2771 511 2817 vel
546 2771 674 2830 apud
691 2772 953 2831 praesidem
988 2773 1060 2818 vel
1074 2773 1300 2838 praeside
1327 2773 1510 2819 absente

160 2828 287 2888 apud
314 2827 599 2886 defensorem
629 2829 720 2873 loci
747 2828 818 2874 vel
853 2828 981 2887 apud
1008 2842 1270 2888 episcopum
1299 2829 1509 2885 civitatis,

158 2885 209 2930 in
237 2898 330 2943 qua
357 2884 565 2930 dominus
589 2885 730 2942 fundi
759 2885 903 2944 defit,
943 2899 999 2930 ea
1034 2885 1090 2930 de
1116 2899 1169 2930 re
1197 2899 1348 2944 aqere,
1388 2891 1441 2930 ut
1467 2890 1514 2930 et

159 2941 293 2986 unius
342 2945 690 2986 memoratarum
727 2955 1035 3001 personarum
1089 2942 1386 2986 testimonium
1442 2941 1512 2986 rei

164 3002 184 3042 1
244 3001 398 3057 qestae
438 2996 717 3042 adhibeatur.
784 2998 851 3042 Ac
885 2998 927 3042 si
966 3012 1023 3042 ne
1059 2998 1126 3042 sic
1163 2998 1341 3056 quidem
1370 2997 1510 3043 domi-

161 3066 248 3098 nus
290 3052 487 3098 oblatam
527 3053 790 3112 pensionem
833 3054 1039 3112 accipere
1074 3054 1182 3107 vult,
1221 3069 1289 3099 em
1323 3054 1512 3113 hyteuta

161 3123 259 3154 eam
302 3108 523 3162 lucretur,
567 3107 750 3154 domino
795 3109 967 3153 nullam
1005 3109 1068 3154 ad
1102 3069 1376 3168 exiqendam
1411 3124 1511 3155 eam

163 3168 189 3210 2
263 3164 484 3209 actionem
540 3163 742 3209 habente.
828 3165 986 3222 Neque
1042 3179 1148 3211 vero
1206 3165 1512 3225 emphyteusis

166 3219 348 3265 triennii
391 3219 524 3278 lapsu
566 3220 772 3264 solvatur
811 3234 957 3277 neque
998 3221 1182 3265 solitum
1232 3222 1511 3279 sequentium

165 3288 389 3320 annorum
414 3287 630 3319 canonem
653 3275 861 3318 dominus
881 3276 1056 3333 eoeiqat,
1079 3276 1184 3320 dum
1205 3277 1304 3335 ipse
1328 3276 1460 3335 emph
1494 3302 1511 3309 -

167 3336 315 3376 tentae
352 3330 546 3389 desuper
585 3330 798 3374 instando
835 3336 880 3375 et
918 3332 1200 3376 testationem
1228 3332 1270 3376 ei
1297 3291 1511 3377 mittendlo

165 3386 541 3446 emphyteuticum
578 3399 795 3431 canonem
824 3391 986 3445 petere
1021 3387 1233 3446 incipiat:
1277 3393 1369 3432 tum
1397 3388 1513 3432 enim

164 3457 275 3488 sane
312 3456 406 3487 non
445 3443 584 3487 totius
620 3442 764 3501 elapsi
803 3443 1016 3501 temporis
1053 3456 1271 3488 canonem
1305 3443 1514 3487 dominus

161 3503 305 3559 petat,
349 3512 448 3543 cum
482 3513 574 3557 per
613 3498 763 3557 ipsum
798 3499 977 3556 factum
1013 3499 1077 3543 sit
1110 3499 1350 3556 quominus
1378 3513 1514 3543 cano-

165 3569 266 3600 nem
307 3555 546 3614 acciperet,
589 3554 671 3599 sed
707 3554 920 3613 temporis
957 3555 1063 3600 inde
1098 3555 1154 3599 ab
1195 3555 1213 3598 i
1244 3555 1341 3599 sius
1382 3559 1514 3599 testa-

167 3615 193 3656 3
253 3611 374 3656 tione
416 3610 639 3655 currentis
672 3611 941 3669 pensionem
978 3615 1122 3670 petat.
1230 3611 1248 3655 i
1283 3625 1388 3656 vero
1430 3625 1515 3669 per

168 3667 406 3712 triennium
438 3672 551 3724 post
586 3666 756 3710 domini
796 3667 1077 3712 testationem
1114 3667 1403 3732 emphyteuta
1441 3680 1513 3711 ca-

167 3737 330 3767 nonem
366 3736 459 3767 non
492 3727 655 3780 sponte
690 3722 849 3776 solvit,
885 3723 1039 3768 statim
1076 3722 1285 3768 dominus
1321 3736 1421 3768 eum
1454 3736 1515 3767 eo:

168 3777 448 3843 emphyteusi
485 3778 689 3836 expellat
721 3777 964 3823 secundum
1002 3779 1192 3824 alteram
1228 3778 1360 3824 huius
1397 3778 1515 3823 tituli

170 3839 546 3879 constitutionem.
1274 3877 1278 3880 ,

228 3887 293 3936 33
325 3888 451 3934 Idem
479 3891 530 3933 A.
561 3889 911 3947 reliqiosissimis
946 3890 1111 3948 ubique
1151 3895 1373 3936 terrarum
1409 3904 1514 3934 con-

166 3946 338 3991 stitutis
365 3944 601 4004 episcopis.
667 3944 857 3990 Sacram
899 3947 1263 3991 constitutionem
1306 3947 1514 4004 fecimus,

170 4016 262 4060 qua
299 4006 486 4046 cunctos
522 4001 740 4046 vetuimus
767 4002 837 4047 vel
871 4002 1056 4047 invitam
1083 4003 1312 4048 mulierem
1339 4016 1514 4047 servam

128 4063 130 4065 ’
168 4059 260 4103 sive
298 4058 483 4102 liberam
510 4057 559 4101 in
586 4070 795 4101 scaenam
833 4058 903 4102 vel
931 4058 1209 4103 orchestram
1239 4058 1418 4103 trahere
1447 4057 1517 4103 vel

170 4113 398 4159 discedere
435 4113 654 4158 volentem
686 4112 931 4171 prohibere
975 4114 1045 4159 vel
1115 4114 1370 4159 deiussores
1403 4115 1512 4166 eius,

171 4169 250 4228 qui
292 4169 379 4214 hac
422 4168 478 4214 de
519 4183 571 4213 re
613 4175 783 4213 certum
827 4169 930 4213 auri
973 4183 1046 4214 mo
1080 4183 1154 4214 um
1191 4171 1513 4229 promiserunt,

175 4230 195 4269 1
256 4225 504 4270 convenire.
553 4223 645 4269 Sed
670 4225 711 4269 si
740 4224 829 4269 tale
857 4224 968 4282 quid
991 4226 1091 4282 fiat,
1119 4225 1169 4269 id
1196 4240 1226 4270 a
1254 4226 1516 4270 clarissimis

169 4282 507 4339 provinciarum
546 4280 798 4325 rectoribus
835 4286 880 4324 et
913 4295 943 4324 a
972 4282 1324 4340 reliqiosissimis
1361 4282 1514 4327 civita-

174 4341 266 4381 tum
294 4338 520 4402 episcopis
548 4335 881 4402 prohibendum
919 4350 1014 4381 esse
1036 4338 1258 4391 iussimus,
1288 4338 1513 4382 licentiam

173 4391 332 4437 dantes
359 4393 710 4450 reliqiosissimis
738 4391 963 4458 episcopis
1000 4405 1098 4436 cum
1127 4394 1378 4438 clarissimo
1397 4407 1514 4452 pro-

172 4447 345 4493 vinciae
371 4454 548 4493 rectore
576 4463 654 4494 eos
680 4463 756 4507 qui
787 4449 874 4494 vim
902 4447 1190 4494 adhibuerint
1214 4449 1286 4495 vel
1306 4449 1515 4495 recedere

174 4501 230 4546 ab
272 4518 325 4548 eo
376 4510 566 4562 quaestu
609 4504 934 4564 prohibuerint
979 4504 1115 4549 etiam
1155 4505 1323 4551 invitos
1364 4505 1428 4552 ad
1466 4520 1515 4550 se

168 4559 466 4617 pertrahendi
516 4565 563 4605 et
609 4560 904 4605 substantiam
954 4559 1131 4618 quidem
1172 4576 1327 4606 eorum
1402 4561 1514 4606 ubli-

175 4617 201 4659 2
259 4615 416 4670 candi,
467 4616 593 4676 ipsos
635 4621 783 4663 autem
835 4630 860 4662 e
902 4616 1080 4662 civitate
1121 4617 1330 4677 expellen
1362 4632 1390 4663 ι.
1463 4616 1516 4662 Si

1500 123 1571 183 47

2819 125 2917 180 14

1583 277 1632 322 δέ
1675 276 1699 320 ὃ
1742 273 1826 330 τὴν
1868 275 2087 329 ἐπαρχίαν
2124 272 2300 316 ἰθύνων
2342 270 2470 316 αὐτὸς
2509 267 2532 313 ό
2572 272 2830 330 βιαζόμενος
2859 278 2924 332 εἴη

1588 331 1609 346 ”
1638 333 1721 388 τὴν
1749 334 1797 374 ἐκ
1824 331 1900 374 τ”ς
1927 329 2153 387 εἰρημένης
2184 332 2390 388 ἐργασίας
2426 325 2686 385 ἀπαλλαγὴν
2725 332 2925 385 κωλύων,

1582 352 1796 445 δίδομεν3
1829 384 1858 429 ἅ
1888 400 1987 427 ειαν
2024 387 2098 424 καὶ
2133 383 2285 438 μόνοις
2321 387 2412 428 τοῖς
2441 381 2803 439 θεοφιλεστάτοις
2833 392 2925 433 ἐπι-

1583 443 1764 489 σκόποις
1801 443 2034 501 προσιέναι
2071 437 2154 492 τὴν
2189 442 2334 482 ταῦτα
2372 437 2631 492 πάσχουσαν
2669 436 2696 491 ἢ
2734 440 2814 483 τὸν
2855 442 2926 486 αὐ.

1583 502 1660 555 τῆς
1703 493 1940 559 ἐγγυητήν,
1983 493 2083 537 τοὺς
2127 493 2177 536 δὲ
2216 495 2541 538 ἐναντιοῦσθαι
2578 495 2646 547 τῷ
2680 493 2763 549 τὴν
2791 494 2928 555 ἀρχὴν

1584 558 1733 609 ἔχοντι
1775 557 1849 598 καὶ
1891 550 1951 608 μὴ
1994 555 2238 608 συγχωρεῖν
2281 548 2451 592 ἀδικεῖν
2479 547 2519 603 ἦ,
2560 550 2599 591 εἰ
2636 548 2696 604 μὴ
2730 555 2928 608 γένοιντο

1583 611 1694 669 πρὸς
1730 612 1864 653 τοῦτο
1905 607 2062 658 ἱκανοί,
2101 604 2287 660 μηνύειν
2317 607 2376 648 εἰς
2412 605 2496 658 τὴν
2524 603 2774 661 βασιλείαν,
2815 603 2930 649 ὥστε

1584 668 1634 717 ἐξ
1667 663 1796 721 ἡμῶν
1831 663 1915 719 τὴν
1952 678 1988 707 π
2016 660 2264 715 οσήκουσαν
2295 662 2587 714 ἐξενεχθῆναι
2626 659 2799 714 ποινήν,
2837 665 2932 704 τῶν

1585 723 1757 781 ἐγγυῶν
1797 679 2017 769 καθάπαξ
2056 716 2286 772 λυομένων
2323 719 2397 758 καὶ
2436 718 2532 758 τῶν
2571 718 2799 774 ἐγγυητῶν
2831 715 2932 770 ἀζη-

1583 784 1704 835 μίων
1743 776 2115 833 φυλαττομένων·
2155 771 2312 815 ἄδειαν
2351 769 2549 814 δίδοντες
2587 776 2684 814 ταῖς
2711 769 2934 814 ἀπαλλατ-

1585 836 1791 902 τργιέναις
1829 830 2056 874 τοιαύταις
2083 828 2288 888 γυναιξίν
2317 826 2572 887 ἐλευθέραις
2610 831 2685 869 καὶ
2714 824 2936 886 εύγενέσιν

1586 903 1737 932 ουσαις
1765 885 1875 946 πρὸς
1899 885 2046 958 γάμον
2074 888 2237 943 χωρεῖν
2265 881 2470 939 νόμιμον,
2500 880 2584 925 κᾶν
2613 885 2652 925 εἰ
2680 882 2938 940 τυγχάνοιεν

1584 949 1682 989 ταῖς
1720 957 2012 999 σεμνοταταις
2050 938 2194 992 ἀξίαις
2223 939 2267 983 οἱ
2292 940 2459 983 ταύτας
2489 938 2793 995 λαμβάνοντες
2819 955 2937 981 κεκο-

1586 1003 1824 1058 σμημένοι,
1876 1001 2033 1054 μηκέτι
2087 995 2314 1052 δεομέναις
2368 995 2600 1052 βασιλικῆς
2652 992 2938 1054 ἀντιγραφῆς,

1585 1054 1697 1101 ἀλλὰ
1724 1053 1828 1099 κατ’
1872 1055 2077 1106 ἐξουσίαν
2106 1052 2188 1096 τὸν
2215 1051 2360 1111 γάμον
2388 1051 2702 1112 πραττούσαις,
2732 1052 2940 1121 γαμικῶν

1584 1117 1740 1170 μέντοι
1778 1109 2071 1168 συμβολαίων
2101 1113 2149 1152 ἐκ
2186 1107 2355 1167 τρόπου
2386 1108 2555 1153 παντὸς
2587 1108 2756 1164 μεταξύ
2786 1104 2941 1150 αὐτῶν

1584 1172 1859 1230 γινομένων·
1898 1165 1956 1210 τὰ
1984 1164 2126 1209 αύτὸιΔι
2155 1169 2230 1208 καὶ
2271 1168 2375 1225 περὶ
2412 1166 2510 1207 τῶν
2539 1165 2811 1224 θυγατέρων
2843 1164 2942 1206 τῶν

1587 1232 1611 1270 3
1643 1229 1703 1280 (1)
1761 1225 1987 1279 σκηνικῶν
2029 1220 2360 1278 διαταξάμενοι.
2435 1220 2521 1275 Τὴν
2584 1224 2634 1264 ὲν
2662 1223 2743 1263 οὖν
2772 1221 2939 1278 εἰρημέ-

1587 1299 1672 1337 νην
1702 1279 1909 1332 διάταξιν
1938 1282 2012 1323 καὶ
2051 1281 2103 1322 ἐν
2131 1281 2198 1334 τῷ
2229 1282 2424 1335 πέμπτῳ
2455 1239 2619 1333 βιβλίῳ
2650 1279 2748 1320 τῶν
2776 1277 2943 1320 πασῶν

1589 1337 1870 1388 διατάξεων5
1913 1336 2072 1380 τούτου
2119 1334 2172 1390 δὴ
2215 1336 2294 1378 τοῦ
2346 1337 2422 1388 τῆς
2464 1331 2676 1393 ἡμετέρας
2720 1334 2943 1388 εὐσεβείας

1588 1394 1827 1450 ἐπωνύμου
1864 1392 2042 1450 βιβλίου
2082 1391 2192 1451 πρὸς
2226 1390 2304 1434 τὰς
2342 1389 2571 1434 πολιτικὰς
2608 1388 2741 1450 ἀρχὰς
2771 1386 2942 1447 ἀντιγε-

1588 1458 1614 1494 4
1670 1453 1932 1511 γραμμένην
1959 1450 2245 1506 τεθείκαμεν.
2301 1445 2484 1501 Ἐπειδὴ
2521 1445 2571 1490 δέ
2603 1448 2735 1503 ἐχρῆν
2765 1443 2840 1488 διὰ
2867 1446 2944 1498 τῆς

1588 1505 1815 1567 παρούσης
1857 1506 2133 1563 νομοθεσίας
2175 1508 2249 1547 καὶ
2299 1501 2405 1560 ὑμῖν
2450 1507 2541 1546 τοῖς
2584 1503 2814 1556 πανταχοῦ
2867 1503 2944 1560 γῆς

1589 1561 1958 1621 θεοφιλεστάτοις
2011 1560 2272 1607 ἐπισκόποις
2324 1561 2469 1603 ταῦτα
2521 1561 2706 1613 ποιῆσαι
2758 1575 2871 1616 φανε
2901 1553 2943 1609 ά,

1590 1618 1665 1663 διὰ
1701 1622 1837 1662 τοῦτο
1867 1617 2123 1662 συνελόντες
2150 1617 2208 1661 τὰ
2236 1613 2339 1660 κατ’
2384 1619 2557 1671 ἐκείνην
2586 1613 2803 1674 ἀφηγήσει
2832 1630 2868 1659 π
2884 1630 2942 1656 ,α-

1588 1679 1752 1735 τυτέρα
1803 1676 2187 1732 νομοθετηθέντα
2239 1671 2372 1728 τήνδε
2423 1672 2507 1727 τὴν
2554 1674 2693 1716 θείαν
2738 1669 2945 1721 διάταξιν

1590 1732 1849 1789 ποιούμεθα
1885 1736 1960 1775 καὶ
1999 1731 2109 1792 πρὸς
2148 1728 2272 1787 ὑμᾶς,
2311 1727 2436 1773 ὅπως
2473 1728 2556 1783 τὴν
2596 1726 2822 1788 ἱερατικὴν
2851 1724 2943 1770 δια·

1590 1787 1812 1842 σώζοντες
1864 1787 2119 1844 σεμνότητα
2175 1791 2250 1830 καὶ
2308 1784 2601 1853 σωφροσύνης
2657 1780 2946 1840 ἀντεχόμενοι

1589 1847 1737 1888 ταῦτα
1781 1843 2070 1902 φυλάττοιτε,
2116 1842 2219 1887 τότε
2261 1845 2309 1886 ἐκ
2351 1859 2431 1886 του
2469 1840 2659 1901 μεγάλου
2698 1841 2810 1883 θεοῦ
2853 1837 2947 1882 δέος

1590 1905 1665 1945 καὶ
1694 1900 1932 1958 βασιλικὴν
1961 1899 1989 1944 ἀ
2020 1899 2279 1955 ανάκτησιν,
2309 1900 2352 1942 εἴ
2375 1916 2422 1942 τι
2444 1898 2622 1941 τούτων
2646 1901 2946 1953 παραβαίητε,

1592 1957 1884 2018 λογιζόμενοι.
1952 1918 2017 2003 Dy
2046 1957 2090 2003 lc.
2122 1957 2236 2002 Nov.
2271 1955 2668 2014 Constantinopoli
2704 1953 2777 1997 dn.
2809 1951 2947 1996 Iusti-

1591 2016 1730 2059 niano
1748 2029 1837 2098 ⁶pp
1868 2015 1920 2059 A.
1953 2026 2043 2059 1111
2071 2018 2118 2059 et
2144 2013 2343 2058 Paulino
2373 2025 2438 2057 vc.
2470 2025 2614 2056 conss.
2746 2010 2808 2067 [a.
2841 2007 2945 2064 534]

1648 2069 1716 2118 34
1785 2074 1821 2115 Ο
1867 2068 1998 2114 αὐτὸς
2040 2068 2249 2127 βασιλεὺς
2288 2064 2545 2126 Ἐπιφανίῳ
2595 2069 2663 2122 τῷ
2707 2062 2946 2125 ἁγιωτάτῳ

1590 2124 1926 2187 ἀρχιεπισκόπῳ
1983 2128 2061 2182 τῆς
2117 2124 2378 2183 εὐδαίμονος
2433 2124 2598 2179 ταύτης
2655 2122 2826 2170 πόλεως
2873 2124 2949 2186 καὶ

1590 2185 1881 2241 οἰκουμενικῴΙ
1941 2182 2209 2244 πατριάρχῃ.
2281 2179 2470 2242 Σφόδρα
2538 2179 2830 2236 πιστεύομεν,
2890 2191 2950 2243 ως

1591 2238 1619 2296 ἡ
1670 2242 1769 2284 τῶν
1820 2240 1978 2299 ἱερέων
2023 2241 2149 2284 καθα
2180 2239 2283 2294 ότης
2326 2254 2377 2282 τε
2426 2241 2501 2280 καὶ
2546 2234 2758 2293 εὐκοσμία
2803 2237 2878 2277 καὶ
2922 2250 2950 2287 η

1591 2295 1702 2357 πρὸς
1745 2296 1828 2341 τὸν
1870 2295 2098 2351 δεσπότην
2140 2257 2257 2339 θεὸν
2295 2298 2370 2339 καὶ
2409 2295 2592 2354 σωτῆρα
2625 2290 2755 2348 ἡμῶν
2778 2290 2949 2346 Ἰησοῦν

1593 2352 1799 2413 Χριστὸν
1855 2357 2069 2397 συντονία
2124 2356 2198 2395 καὶ
2261 2351 2310 2393 αἱ
2370 2347 2485 2410 παρ’
2543 2347 2698 2392 αὐτῶν
2750 2344 2947 2401 ἀναπεμ-

1593 2409 1787 2466 πόμεναι
1823 2407 2034 2465 διηνεκεῖς
2072 2405 2197 2463 εύχαὶ
2248 2405 2420 2461 πολλὴν
2464 2404 2698 2463 εὐμένειαν
2726 2405 2783 2464 τῇ
2826 2398 2943 2446 καθ’

1589 2554 1654 2594 vel
1692 2548 1840 2594 διδούς
1874 2553 2000 2594 Coll..·
2039 2548 2200 2607 ἔδομεν
2238 2567 2318 2594 scr.
2489 2551 2544 2602 (4)
2584 2545 2640 2591 δέ
2672 2550 2747 2590 ins.
2777 2546 2947 2590 Nomoc.

1592 2611 1646 2662 (5)
1676 2619 1712 2661 5,
1744 2619 1780 2661 4,
1809 2618 1854 2651 29
1972 2610 2028 2661 (6)
2066 2624 2098 2650 c.
2130 2617 2175 2650 34
2205 2616 2316 2650 extat
2344 2609 2386 2650 in
2422 2607 2524 2650 Coll.
2553 2606 2720 2650 Nomoc.

1593 2787 1700 2819 vero
1744 2773 1843 2832 ipse
1882 2773 2147 2832 provinciae
2188 2778 2342 2818 rector
2382 2773 2446 2817 sit
2478 2773 2520 2817 is
2587 2774 2635 2816 ui
2670 2771 2759 2817 vim
2826 2770 2951 2814 aciat

1593 2829 1676 2882 vel,
1707 2829 1949 2887 quominus
1976 2843 2006 2874 a
2034 2829 2156 2875 dicto
2186 2834 2379 2888 quaestu
2407 2828 2538 2873 absce
2570 2834 2664 2882 ant,
2686 2840 2780 2886 pro
2815 2825 2950 2878 ibeat,

1594 2899 1693 2930 eam
1721 2899 1841 2943 quae
1868 2885 1981 2931 haec
2009 2886 2194 2951 patitur
2232 2885 2303 2932 vel
2334 2884 2649 2943 fideiussorem
2685 2884 2788 2948 eius
2815 2882 2950 2947 etiam

1592 2942 1718 2986 solos
1760 2942 2129 3000 reliqiosissimos
2170 2942 2409 3001 episcopos
2462 2942 2591 2986 adire
2634 2952 2951 2999 permisimus:

1594 2998 1642 3042 hi
1669 3012 1718 3043 se
1747 3004 1988 3057 opponant
2013 2999 2304 3057 maqistratui
2337 3013 2446 3043 neve
2474 2998 2688 3041 iniuriam
2713 2995 2819 3052 fieri
2880 3009 2950 3039 er-

1593 3055 1800 3100 mittant:
1828 3055 1954 3112 quod
1980 3056 2021 3099 si
2047 3056 2207 3113 facere
2230 3068 2324 3099 non
2349 3054 2512 3106 valent,
2542 3054 2754 3110 referant
2780 3065 2808 3094 a
2868 3051 2949 3094 im-

1586 3116 1872 3169 peratorem,
1910 3116 1963 3155 ut
1999 3125 2029 3155 a
2066 3110 2197 3154 nobis
2234 3114 2490 3167 competens
2508 3122 2668 3167 poena
2696 3107 2948 3164 infliqatur,

1590 3166 1935 3223 fideiussoribus
2010 3167 2157 3210 enitus
2205 3165 2451 3209 liberandis
2493 3169 2539 3209 et
2580 3162 2949 3221 fideiussionibus

1593 3221 1831 3265 inutilibus
1864 3222 1948 3266 red
1977 3222 2078 3265 itis:
2117 3221 2282 3265 talibus
2310 3225 2556 3286 praeterea
2593 3218 2856 3264 mulieribus
2896 3218 2948 3261 li-

1596 3278 1788 3322 centiam
1831 3277 1990 3321 damus
2031 3276 2126 3322 sive
2171 3276 2391 3335 libertinis
2428 3276 2522 3322 sive
2555 3275 2765 3334 inqenuis
2802 3274 2948 3332 leqiti-

1595 3347 1714 3377 mum
1769 3333 2106 3376 matrimonium
2164 3332 2456 3386 contrahere,
2524 3332 2700 3377 etiamsi
2764 3331 2949 3375 summis

1597 3388 1894 3447 diqnitatibus
1922 3388 2130 3447 praediti
2167 3389 2262 3433 sint
2295 3389 2375 3447 qui
2412 3403 2492 3434 eas
2529 3389 2702 3433 ducunt
2766 3391 2819 3431 ut
2854 3401 2948 3431 non

1597 3444 1792 3503 amplius
1829 3458 1945 3502 opus
1978 3444 2041 3489 sit
2066 3445 2294 3504 imperiali
2322 3446 2560 3504 rescripto,
2592 3444 2674 3489 sed
2702 3421 2842 3488 libero
2873 3457 2947 3487 ar-

1597 3500 1731 3545 bitrio
1774 3501 2110 3550 matrimonium
2150 3501 2327 3554 ineant,
2372 3501 2654 3561 nuptialibus
2693 3505 2841 3544 tamen
2878 3499 2947 3542 in-

1595 3556 1856 3600 strumentis
1894 3557 2150 3602 omnimodo
2187 3557 2307 3601 inter
2335 3571 2413 3602 eos
2450 3556 2757 3602 celebrandis:
2794 3555 2947 3600 eadem

1598 3616 1622 3656 3
1681 3612 1814 3656 etiam
1844 3611 1900 3656 de
1922 3613 2106 3669 filiabus
2132 3613 2443 3658 scaenicarum
2470 3614 2722 3658 statuimus.
2776 3610 2946 3655 Memo-

1595 3673 1745 3711 ratam
1779 3667 1922 3725 iqitur
1961 3669 2324 3714 constitutionem
2368 3669 2430 3713 ad
2455 3670 2669 3727 publicos
2705 3668 2928 3725 maqistra

1599 3728 1670 3768 tus
1708 3723 1862 3767 datam
1899 3725 2033 3769 etiam
2070 3726 2119 3769 in
2158 3726 2318 3782 quinto
2358 3725 2474 3769 libro
2505 3725 2701 3769 omnium
2731 3723 2927 3767 constitu

1599 3780 1768 3824 tionum
1793 3779 1927 3824 huius
1948 3781 2117 3828 codicis
2139 3786 2325 3826 nostrae
2341 3781 2532 3839 pietatis
2551 3780 2728 3824 nomine
2742 3779 2943 3835 irzsiqnitz

1597 3839 1625 3879 4
1686 3836 1938 3893 posuimus.
2019 3836 2241 3890 Quoniam
2292 3842 2440 3881 autem
2492 3850 2670 3881 necesse
2722 3839 2823 3880 erat
2853 3847 2946 3892 per

1589 3896 1877 3949 praesentem
1929 3892 2070 3951 leqem
2121 3899 2166 3937 et
2207 3893 2333 3937 vobis
2376 3893 2457 3950 qui
2498 3892 2662 3949 ubique
2720 3896 2944 3934 terrarum

1597 3948 1704 3990 estis
1745 3947 2097 4005 reliqiosissimis
2140 3949 2290 4007 episco
2326 3949 2366 3992 is
2394 3963 2449 3993 ea
2478 3948 2640 4007 palam
2680 3946 2798 4003 fieri,
2841 3945 2942 3989 ideo

1598 4017 1715 4059 quae
1755 4003 1804 4046 in
1844 4003 1926 4048 illa
1959 4004 2174 4063 pluribus
2216 4018 2292 4049 ver
2321 4005 2361 4048 is
2397 4004 2643 4049 constituta
2678 4007 2786 4047 sunt
2824 4000 2945 4045 brevi

1598 4058 2022 4116 comprehendentes
2058 4060 2176 4104 hanc
2211 4074 2391 4104 sacram
2420 4060 2783 4104 constitutionem
2813 4062 2858 4102 et
2884 4055 2946 4099 ad

1598 4128 1678 4159 vos
1705 4114 1974 4169 direximus,
2013 4122 2067 4160 ut
2100 4116 2426 4160 sacerdotalem
2454 4116 2722 4173 qravitatem
2750 4114 2942 4176 retinen.-

1600 4176 1664 4214 tes
1691 4175 1737 4214 et
1764 4171 2066 4217 continentiae
2100 4171 2293 4216 studiosi
2330 4171 2441 4216 haec
2471 4171 2713 4216 observetis
2741 4167 2943 4213 conside-

1596 4226 1776 4271 ratione
1813 4231 1903 4271 tam
1939 4228 2095 4286 maqni
2132 4228 2205 4272 dei
2240 4232 2383 4272 metus
2420 4242 2555 4285 quam
2592 4225 2842 4285 imperialis
2875 4223 2942 4266 in—

1598 4281 1890 4339 diqnationis,
1917 4284 1960 4328 si
1987 4284 2098 4342 quid
2125 4283 2287 4328 horum
2318 4283 2605 4328 violaveritis.

1656 4335 1724 4384 34
1753 4336 1879 4383 Idem
1914 4340 1968 4384 A.
2010 4338 2272 4398 Epiphanio
2309 4339 2591 4383 sanctissimo
2628 4337 2761 4381 huius
2798 4336 2943 4381 almae

1596 4393 1722 4437 urbis
1735 4394 1949 4454 episcopo
1963 4400 2010 4440 et
2032 4396 2313 4440 oecumenico
2328 4394 2638 4453 patriarchae.
2680 4392 2821 4437 Valde
2837 4404 2940 4438 con-

1592 4449 1776 4507 fidimus
1801 4451 2086 4496 sacerdotum
2105 4451 2357 4510 puritatem
2394 4456 2441 4496 et
2466 4451 2629 4494 bonam
2657 4447 2941 4507 disciplinam

1597 4505 1968 4565 affectionemque
2003 4521 2054 4552 er
2087 4521 2116 4551 a
2154 4507 2381 4551 dominum
2420 4507 2547 4550 deum
2585 4509 2631 4549 et
2669 4504 2940 4550 salvatorem

1596 4566 1802 4605 nostrum
1837 4560 1985 4608 Iesum
2019 4561 2055 4607 C
2082 4563 2264 4615 ristum,
2295 4575 2459 4621 preces
2496 4560 2685 4618 denique
2724 4560 2940 4605 continuo

1597 4617 1653 4662 ab
1697 4617 1756 4662 iis
1794 4618 1954 4676 factae
1991 4633 2201 4678 maqnam
2242 4617 2589 4664 benevolentiam
2624 4615 2693 4663 rei
2725 4614 2943 4675 publicae
