3094 4732
183 130 258 173 DE
289 127 487 167 POENIS

237 261 270 311 6
311 261 435 307 Idem
465 265 555 307 AA.
596 270 641 309 et
680 262 758 309 00.
787 262 999 308 Domitio.
1064 263 1263 310 Dominis
1293 279 1518 312 servorum

180 331 262 376 per
299 320 574 363 accusatoris
616 320 880 364 calumniam
920 321 1138 363 tortorum
1177 322 1386 368 adversus
1416 336 1516 367 eum

178 386 324 439 poena
362 375 483 432 dupli
520 376 616 430 lege
644 375 758 419 Iulia
791 374 1060 432 providetur.
1121 375 1166 421 S.
1199 390 1289 421 xrs
1316 378 1358 422 lc.
1391 378 1514 437 Sept.

178 431 292 488 ipsis
319 432 412 475 AA.
443 444 586 476 conss.
1124 432 1180 487 [a.
1214 436 1293 476 290
1319 433 1388 478 vel
1418 437 1514 488 293]

237 484 265 532 7
304 485 465 544 ¹Impp.
511 486 851 531 Valentinianus
889 490 935 530 et
972 484 1136 531 Valens
1164 490 1255 533 AA.
1288 490 1348 533 ad
1387 489 1515 534 Vale-

178 542 370 587 rianum.
443 542 546 586 Non
587 542 709 598 prius
790 553 1022 596 uemquam
1065 543 1294 589 sinceritas
1338 551 1418 588 tua
1459 545 1517 589 ad

178 603 283 642 tuae
310 597 427 643 sedis
456 610 639 642 examen
667 598 770 642 iube
801 597 836 641 it
864 597 1038 651 adduci,
1072 612 1202 655 quam
1230 601 1515 646 sollemnibus

179 653 464 708 satisfecerit,
505 654 578 709 qui
615 653 770 696 nititur
796 652 927 696 fidem
959 654 1122 699 doloris
1153 656 1371 711 adserere,
1416 669 1515 700 cum

177 710 302 754 iuxta
339 710 527 754 formam
563 709 670 753 iuris
710 709 878 764 antiqui
909 709 947 752 ei
978 711 1051 765 qui
1082 712 1276 767 coeperit
1305 712 1516 768 arguere²

178 770 257 810 aut
272 765 478 811 vindicta
539 765 735 820 roposita
764 765 833 818 sit,
866 765 906 809 si
928 779 1031 810 vera
1058 767 1277 822 detulerit,
1307 771 1386 815 6111
1408 781 1512 824 sup-

177 820 381 877 plicium,
426 821 466 866 si
530 820 726 865 efellerit.
787 820 841 864 D.
884 833 955 865 Vll
991 822 1033 866 lc.
1067 823 1169 868 Dee.
1210 823 1363 869 Remis
1401 823 1513 868 Gra-

180 878 303 922 tiano
333 890 409 935 np.
440 882 484 920 et
511 876 765 934 Dagalaifo
796 890 939 920 conss.
1325 884 1381 933 [a.
1415 882 1512 931 366]

234 929 271 980 8
298 932 387 977 ³Im
412 946 495 990 pp.
523 930 768 976 Gratianus
801 931 1143 989 Valentinianus
1170 941 1214 979 et
1240 934 1515 980 Theodosius

175 989 308 1032 AAA.
399 987 599 1033 enandro
640 988 809 1033 vicario
848 990 994 1034 Asiae.
1064 990 1238 1035 Nostris
1281 997 1324 1035 et
1352 1003 1513 1047 paren-

175 1050 271 1089 tum
308 1048 560 1089 nostrorum
606 1044 993 1089 constitutionibus
1039 1047 1404 1102 comprehensum
1448 1048 1516 1090 est

176 1113 275 1156 eos,
314 1100 391 1157 qui
426 1100 757 1144 accusationem
786 1101 942 1145 alienis
973 1102 1223 1147 nominibus
1253 1115 1512 1159 praesump-

181 1162 197 1199 1
259 1156 431 1210 sissent,
461 1155 707 1200 delatorum
736 1170 917 1201 numero
947 1170 1044 1202 esse
1074 1158 1312 1203 ducendos.
1366 1158 1514 1213 Atque

174 1212 273 1256 ideo
319 1211 759 1258 cammniosissimum
802 1218 939 1269 caput
988 1217 1033 1258 et
1074 1227 1308 1270 personam
1351 1214 1512 1258 iudicio

174 1268 328 1314 irritae
377 1267 609 1312 delationis
658 1267 897 1312 infamem⁴
949 1270 1246 1326 supplicium⁵
1289 1272 1512 1326 sequatur,

175 1338 262 1380 quo
287 1323 476 1381 posthac
501 1323 660 1379 singuli
684 1325 879 1368 universi
909 1338 966 1369 ue
991 1330 1262 1381 cognoscant
1276 1340 1366 1371 non
1381 1326 1514 1370 licere

173 1379 220 1424 in
247 1393 301 1425 60
329 1379 449 1436 quod
475 1392 565 1423 non
592 1381 735 1437 possit
756 1382 882 1425 osten
913 1381 928 1425 i
952 1381 1177 1425 iudicum⁰
1201 1382 1369 1427 animos
1393 1394 1511 1426 com-

173 1448 360 1481 movere.
426 1435 482 1480 D.
523 1447 617 1479 νη]
648 1436 707 1480 id.
738 1435 847 1481 Mai.
892 1436 1285 1496 Constantinopoli
1314 1437 1513 1482 Arcadio

175 1494 224 1535 A.
256 1501 301 1537 et
327 1491 540 1536 Bautone
569 1505 713 1536 conss.
1324 1498 1381 1547 [a.
1414 1497 1512 1544 385]

231 1545 262 1595 9
294 1546 439 1593 'Idem
467 1549 601 1592 AAA.
631 1547 773 1592 Floro
795 1562 878 1606 pp.
923 1547 1164 1592 Fallaciter
1191 1549 1513 1603 incusantibus,

174 1603 362 1648 maxime
384 1647 387 1649 Α
410 1609 513 1660 post
563 1603 875 1647 exhibitionem
924 1603 1145 1656 accusati,
1197 1605 1362 1649 nullius
1405 1604 1513 1649 iuris

174 1661 298 1704 color
318 1660 438 1704 velut
457 1659 655 1703 derivata
671 1659 955 1703 accusatione
971 1659 1196 1715 proficiat:
1227 1673 1318 1704 non
1333 1660 1514 1716 publica

173 1716 378 1769 abolitio,
407 1728 497 1759 11011
527 1715 699 1770 privata
726 1715 890 1759 talibus
917 1714 1167 1770 prospiciat
1195 1716 1514 1771 subveniatque

172 1772 396 1829 personis:
441 1783 530 1813 non
569 1770 774 1825 specialis
794 1770 1106 1825 indulgentia,
1151 1783 1207 1815 ne
1250 1771 1513 1815 beneficium

171 1827 349 1884 quidem·
374 1838 451 1870 eos
478 1825 682 1881 generale
711 1824 943 1869 subducat.
1002 1825 1056 1869 D.
1089 1838 1162 1870 xv
1190 1826 1232 1871 lc.
1265 1826 1365 1871 Iun.
1400 1825 1512 1870 Con-

169 1882 372 1926 stantino
408 1881 471 1925 oli
498 1881 696 1925 Antonio
726 1887 771 1925 et
799 1879 895 1938 Sya
928 1881 999 1925 rio
1030 1895 1174 1926 conss.
1324 1886 1381 1936 [a.
1414 1885 1512 1934 382]

230 1935 293 1986 10
327 1895 495 2000 'ffnpffi
524 1935 842 2001 Honorius-,et
907 1935 1150 1981 heodosius
1185 1938 1279 1983 AA.
1320 1937 1513 1982 oonsuli-

169 1993 253 2038 bus
280 1991 577 2053 praetoribus
616 1991 808 2037 tmbunzs
835 1992 988 2050 plebis
1021 1995 1202 2038 senatui
1227 1994 1418 2038 salutem
1447 1994 1513 2037 di-

171 2054 295 2095 ouant„
347 2048 555 2106 Quisquis
584 2048 750 2092 crimen
776 2047 978 2102 intendit,
1009 2062 1100 2094 non
1127 2050 1388 2106 impunitam
1416 2049 1514 2094 fore

171 2105 342 2151 noverit
377 2103 602 2150 licentiam
639 2104 899 2159 mentiendi,
944 2119 1046 2150 cum
1090 2106 1410 2151 calumniantes
1455 2106 1513 2150 ad

170 2161 409 2206 vindictam
423 2165 581 2218 poscat
599 2159 841 2205 similitudo
864 2160 1085 2218 supplicii.
1126 2161 1182 2206 D.
1207 2163 1375 2207 V111id.
1395 2163 1510 2220 Auq.

171 2216 415 2263 Ravennae
438 2215 759 2274 Asclepiodoto
788 2222 835 2261 et
853 2215 1116 2263 Mariniano
1148 2231 1291 2263 conss.
1339 2222 1396 2271 [a.
1414 2221 1511 2270 423]

667 2387 998 2436 XXXXV11.⁸·

683 2469 760 2509 nn
787 2470 1007 2510 pomus,

231 2549 254 2596 1
306 2549 419 2609 Imp.
469 2549 595 2596 Titus
636 2551 792 2596 Aelius
833 2552 1090 2598 Antoninus
1131 2555 1183 2598 A.
1254 2553 1402 2596 Etiam
1437 2551 1514 2595 in⁹

173 2619 286 2706 33:1¹5
315 2609 597 2720 Ximhiluffi
624 2607 1218 2720 {Zffliffnssininffiiilffffi
1240 2607 1513 2709 ⁰⁰i⁶iss⁰³232³2

173 2718 246 2763 die
273 2723 318 2763 et
345 2718 538 2764 consule.

230 2771 262 2820 2
292 2772 408 2832 Imp.
437 2775 694 2820 Antoninus
721 2779 774 2821 A.
815 2775 1008 2822 Valerio.
1075 2778 1346 2822 Procurator
1373 2788 1511 2828 meus,

173 2832 249 2885 qui
276 2829 372 2874 vice
398 2830 614 2887 praesidis
643 2845 733 2877 non
760 2832 1041 2890 fungebatur,
1072 2833 1192 2878 exilii
1213 2845 1403 2891 poenam
1431 2832 1514 2876 tibi

113 2894 117 2900 ·
172 2899 262 2930 11011
302 2886 450 2942 potuit
489 2887 716 2944 inrogare,
765 2901 820 2934 ac
863 2894 1100 2946 propterea
1138 2890 1307 2934 frustra
1348 2888 1512 2933 vereris

172 2942 453 2998 sententiam,
527 2956 612 2988 uae
657 2944 780 2989 nulla
821 2945 930 2990 iuris
974 2946 1146 2991 ratione
1189 2946 1384 2992 subnixa
1428 2947 1510 2990 est.

172 2996 267 3042 ΡΡ.
306 3009 357 3041 71
379 2997 424 3042 lc.
455 2997 513 3043 Iu
532 3033 542 3044 .
573 2999 748 3045 duobus
775 3002 937 3059 Aspris
965 3015 1109 3046 conss.
1324 3006 1380 3055 [a.
1413 3004 1510 3053 212]

231 3049 262 3098 3
295 3051 420 3096 Idem
447 3055 500 3098 A.
533 3053 748 3100 Geminio.
806 3057 1103 3101 Decurionem
1140 3058 1187 3101 in
1224 3070 1337 3113 opus
1366 3057 1511 3113 publi·

176 3119 276 3150 cum
305 3107 403 3151 dari
431 3121 521 3153 non
548 3116 756 3165 ,oportere
782 3111 1066 3155 manifestum
1094 3118 1176 3156 est.

231 3161 263 3208 4
294 3161 419 3207 Idem
448 3164 500 3208 A.
529 3163 752 3210 Marinae.
812 3166 859 3210 Si
887 3170 991 3211 ante
1020 3170 1262 3224 conceptus
1292 3171 1360 3210 est
1387 3180 1511 3222 puer,

175 3219 230 3262 de
259 3231 346 3275 quo
375 3219 548 3264 libellos
572 3219 744 3275 dedisti,
775 3234 907 3277 quam
931 3226 1074 3267 mater
1097 3224 1194 3268 eius
1217 3224 1263 3266 in
1287 3223 1513 3267 metallum

176 3275 368 3329 daretur,
398 3278 530 3320 natus
561 3276 835 3321 condicionis
865 3278 958 3323 eius
988 3284 1075 3334 est,
1117 3280 1242 3323 cuius
1271 3282 1376 3323 ante
1408 3291 1511 3322 con-

176 3330 498 3376 demnationem
525 3337 668 3376 mater
697 3333 790 3378 eius
819 3333 918 3380 fuit.

232 3385 262 3432 5
303 3385 427 3432 Idem
455 3389 508 3432 A.
539 3386 787 3433 Senecioni.
854 3389 1009 3435 Honor
1046 3390 1263 3434 veteranis
1305 3391 1438 3434 etiam
1465 3390 1512 3438 in

178 3455 228 3486 eo
271 3442 450 3487 habitus
479 3447 570 3496 est,
616 3449 667 3488 ut
702 3444 830 3489 liberi
867 3458 1021 3490 eorum
1058 3459 1199 3503 usque
1238 3446 1295 3490 ad
1324 3447 1512 3503 primum

178 3499 407 3543 dumtaxat
438 3499 622 3555 gradum
659 3513 806 3555 poena
839 3502 1006 3545 metalli
1043 3503 1113 3546 vel
1150 3502 1298 3558 operis
1345 3502 1512 3558 publici

173 3566 273 3603 non,
294 3554 571 3609 adficiuntur,
601 3556 679 3600 sed
706 3556 754 3600 in
781 3556 974 3601 insulam
1001 3558 1262 3613 relegentur.

191 3657 193 3659 .
234 3606 266 3656 6
296 3609 419 3655 Idem
449 3614 501 3657 A.
530 3612 710 3670 Apioni.
768 3612 1034 3658 Incredibile
1063 3619 1149 3668 est,
1187 3614 1305 3670 quod
1333 3614 1511 3669 adlegas

177 3665 362 3710 liberum
398 3665 642 3721 hominem,
692 3671 744 3713 ut
780 3667 967 3713 vinculis
1005 3671 1229 3736 perpetuis
1266 3670 1512 3715 continere·

177 3724 274 3775 tur,
317 3734 414 3766 esse
452 3722 728 3769 damnatum:
771 3723 858 3768 1106
899 3725 1014 3769 6111111
1052 3739 1126 3770 vix
1162 3726 1209 3770 111
1242 3726 1340 3772 8016
1366 3724 1514 3771 servili

179 3777 439 3822 condicione
466 3779 706 3834 procedere
733 3784 894 3835 potest.
938 3780 1032 3825 ΡΡ.
1066 3793 1134 3826 111
1158 3781 1219 3826 id.
1241 3781 1368 3826 Febr.
1394 3780 1512 3825 Mes-

177 3831 278 3877 sala
305 3840 351 3878 et
378 3832 546 3877 Sabino
577 3848 719 3879 conss.
1093 3883 1095 3885 .
1212 3859 1215 3862 ⁴
1324 3841 1380 3891 [a.
1412 3839 1510 3889 214]

236 3887 264 3935 7
298 3887 412 3947 Imp.
442 3889 704 3935 Alexander
731 3893 783 3936 A.
815 3890 1009 3938 Isidoro.
1061 3892 1308 3949 Impunitas
1338 3891 1510 3937 delictis

179 4031 229 4082 (1)
259 4049 315 4066 =
331 4029 402 4070 Th.
422 4030 461 4079 9,
479 4037 509 4078 1,
526 4037 546 4069 9
633 4028 690 4079 (2)
712 4030 772 4070 sic
788 4030 895 4081 dett,
925 4043 1103 4082 urguere
1136 4033 1207 4073 CR
1294 4034 1348 4085 (3)
1364 4052 1419 4067 ===
1437 4032 1512 4073 Th.

181 4087 221 4135 9,
250 4093 310 4136 39,
341 4093 380 4126 2;
423 4085 606 4137 temporis
636 4085 811 4125 ordinem
841 4086 881 4126 in
911 4087 1157 4128 collocandis
1186 4103 1220 4129 c.
1250 4097 1285 4130 8.
1317 4097 1338 4130 9
1377 4102 1455 4128 non
1486 4102 1513 4127 a

183 4141 374 4190 librariis,
404 4141 477 4181 sed
504 4155 531 4180 a
554 4140 875 4192 compilatoribus
900 4144 1098 4183 turbatum
1122 4158 1205 4184 esse
1225 4146 1404 4196 probant
1427 4157 1512 4184 cum

182 4197 459 4249 inscriptiones
490 4204 566 4235 tum
593 4195 637 4235 B
667 4203 703 4235 et
726 4196 814 4235 ΒΣ
836 4197 903 4244 60,
932 4205 964 4247 1,
992 4205 1037 4238 32
1122 4199 1176 4248 (4)
1203 4198 1398 4239 infamem
1422 4198 1463 4239 T
1459 4199 1511 4249 Ιι.,

180 4251 332 4292 infame
347 4252 401 4303 L,
429 4250 622 4291 infamiae
648 4251 745 4292 CR.-
774 4252 849 4290 καὶ
877 4245 1151 4306 ἀτιμοῦσθαι
1171 4255 1246 4294 καὶ
1271 4254 1512 4309 περιορίζο-

182 4304 298 4347 σθαι
321 4307 365 4348 Β
449 4307 504 4357 (5)
531 4305 761 4359 deportatio
787 4306 876 4357 Th„
902 4309 1110 4361 eodemque
1125 4311 1240 4349 modo
1264 4309 1514 4362 supplicium

183 4364 493 4414 interpretantur
518 4362 560 4402 Β
590 4365 687 4413 (not.
703 4364 739 4410 4)
799 4363 855 4414 (6)
884 4362 1120 4416 principum
1146 4364 1221 4405 le.
1278 4367 1331 4414 (7)
1356 4385 1413 4401 =
1439 4364 1513 4406 Th.

184 4419 223 4464 9,
248 4426 304 4466 37,
330 4425 371 4459 a:
401 4418 520 4470 iunqe
543 4420 583 4470 4,
609 4427 663 4469 19,
690 4426 733 4459 25
805 4418 983 4469 (s)=9‚
1002 4427 1036 4468 2,
1052 4428 1091 4460 17
1163 4419 1236 4472 (ε’)
1254 4421 1298 4462 Β
1314 4423 1381 4472 60,
1398 4429 1451 4471 51,
1467 4427 1513 4461 4ο

186 4487 290 4525 seqq.
307 4472 363 4502 --'
383 4473 447 4526 Gy:
461 4473 562 4526 Diy.
580 4475 648 4525 48,
667 4482 707 4514 19
778 4473 836 4524 (9)
859 4473 983 4513 6116111
1004 4474 1050 4513 111
1079 4474 1174 4516 GR‘·
1183 4479 1216 4526 9,
1239 4476 1377 4517 6116110
1397 4476 1443 4516 111
1464 4474 1514 4526 Q,

184 4529 341 4575 attieno
357 4526 539 4579 (luciano
552 4526 626 4579 Rb)
644 4529 765 4569 etiam
780 4529 825 4568 in
842 4526 943 4569 LR⁶
954 4531 1159 4582 :sortasse
1170 4531 1353 4572 Attiano.
1374 4531 1511 4572 Inter.

185 4584 260 4635 (10)
290 4595 412 4635 quam
440 4583 548 4635 deta,
568 4597 648 4636 qua
666 4585 782 4628 LCR
852 4584 922 4637 (11)
938 4583 1097 4625 servilis
1111 4597 1152 4638 p.
1169 4586 1423 4628 condicionis
1437 4600 1513 4627 scr.

1506 114 1604 173 391

2558 123 2706 176 VIIII
2742 127 2824 178 46.
2863 128 2923 176 47

1600 274 1782 336 propter
1819 271 2010 314 aetatem
2038 282 2128 315 non
2158 271 2308 325 datur,
2349 275 2387 318 si
2421 274 2549 318 modo
2580 275 2624 319 111
2653 288 2707 320 66
2735 276 2830 330 quis
2861 276 2930 330 sit,

1599 339 1647 370 m
1676 339 1807 381 quam
1824 328 1858 354 ¹⁰
1888 326 2051 371 crimen
2081 327 2199 382 quod
2226 327 2467 374 intenditur
2496 331 2652 376 cadere
2680 335 2840 387 potest.

1657 380 1687 430 8
1720 382 1844 427 Idem
1873 383 1924 426 A.
1968 381 2211 427 Victorino.
2278 384 2623 441 Deportatorum
2660 388 2706 430 in
2743 387 2931 431 insulam

1601 438 1657 481 ab
1686 450 1752 492 eo,
1783 438 1854 482 cui
1882 437 1927 482 id
1955 437 2147 482 faciendi
2175 439 2242 484 ius
2274 447 2388 496 erat,
2423 443 2541 486 bona
2569 442 2678 487 fisco
2708 442 2930 486 vindican-

1599 497 1684 547 tur,
1715 493 2006 550 relegatorum
2034 497 2181 539 autem
2209 509 2299 540 non
2327 497 2411 541 nisi
2440 498 2657 542 sententia
2682 498 2934 553 specialiter

1599 548 1804 604 adempta
1832 549 2010 594 fuerint.

1654 602 1685 650 9
1725 603 1851 648 Idem
1888 607 1940 649 A.
1980 605 2283 652 Demetriano.
2351 607 2400 651 Si
2434 610 2619 651 matrem
2649 612 2772 651 tuam
2801 608 2932 651 decu-

1597 658 1734 702 rionis
1773 659 1909 703 filiam
1949 661 2089 706 fuisse
2116 662 2351 718 probatum
2380 662 2536 716 fuerit,
2576 663 2810 717 apparebit
2837 675 2933 706 eam

1597 726 1686 758 non
1727 716 1978 770 oportuisse
2014 716 2062 759 in
2098 717 2389 761 ministerium
2427 717 2744 761 metallicorum
2777 730 2860 762 nec
2887 718 2933 761 in

1597 781 1709 825 opus
1739 769 1906 813 metalli
1933 771 2042 814 dari.

1654 824 1718 872 10
1750 823 1876 869 Idem
1904 827 1958 869 A.
1991 824 2211 870 Catulino.
2263 825 2424 871 Servus
2454 827 2535 871 sub
2564 839 2709 883 poena
2737 827 2933 872 vinculo-

1595 893 1693 925 rum
1723 879 1817 924 sine
1845 881 2057 936 temporis
2084 880 2395 937 praefinitione
2419 881 2607 927 'domino
2636 883 2763 926 reddi
2788 884 2935 927 iussus

1597 936 1816 981 sententia
1883 935 2070 981 raesidis
2107 937 2361 993 provinciae
2392 950 2448 994 pe
2504 943 2605 982 etuo
2635 939 2808 982 vinctus
2840 951 2935 982 6886

1596 992 1742 1037 debet.
1863 991 1916 1036 P.
1968 1003 2087 1037 V1111
2134 991 2178 1037 lc.
2224 991 2346 1051 Sept.
2403 993 2459 1037 Iu
2477 1007 2584 1037 iano
2640 1000 2684 1038 et
2730 993 2934 1052 Crispino

1597 1062 1740 1093 conss.
2749 1054 2805 1102 [a.
2838 1053 2934 1101 224]

1655 1102 1712 1150 11
1758 1102 1871 1162 Imp.
1914 1101 2174 1148 Gordianus
2208 1105 2259 1147 A.
2291 1105 2489 1149 Attiano.
2559 1106 2728 1150 Metalli
2768 1106 2934 1162 suppli-

1596 1159 1713 1204 cium
1747 1164 1839 1204 tam
1874 1159 1933 1204 ad
1970 1171 2186 1216 personas
2224 1159 2386 1206 liberas
2426 1174 2558 1218 quam
2595 1161 2727 1206 etiam
2757 1161 2814 1205 ad
2843 1174 2934 1206 ser-

1594 1215 1702 1261 viles
1731 1215 1926 1272 pertinet
1956 1215 2238 1261 condiciones
2254 1218 2303 1260 ¹¹.

1656 1269 1718 1317 12
1764 1271 1910 1337 Impp.
1957 1271 2270 1316 Diocletianus
2312 1278 2357 1317 et
2396 1271 2711 1318 Maximianus
2752 1273 2844 1318 AA.
2888 1273 2934 1316 in

1598 1328 1866 1372 consistorio
1896 1327 2182 1373 dixeruntffl:
2220 1327 2522 1373 Decurionum
2551 1329 2629 1373 filii
2657 1342 2746 1374 non
2776 1329 2936 1373 debent

1595 1383 1750 1428 bestiis
1787 1383 1946 1428 subici.
2008 1383 2113 1428 Cum
2147 1398 2203 1428 ue
2240 1399 2270 1428 a
2295 1385 2475 1443 populo
2515 1385 2817 1430 exclamatum
2855 1391 2934 1437 est,

1595 1439 1758 1484 iterum
1799 1439 2086 1484 dixerunt¹³2
2174 1451 2285 1484 61166
2327 1453 2458 1485 voces
2505 1441 2658 1498 populi
2700 1454 2790 1486 non
2833 1445 2937 1485 sunt

1596 1494 1865 1540 audiendae:
1906 1507 1989 1539 nec
2028 1495 2142 1539 enim
2181 1496 2362 1540 vocibus
2400 1509 2552 1541 eorum
2587 1497 2707 1541 credi
2747 1502 2934 1554 oportet,

1597 1551 1773 1607 quando
1812 1555 1892 1595 aut
1930 1551 2171 1595 obnoxium
2211 1551 2392 1596 crimine
2421 1553 2591 1598 absolvi
2620 1557 2698 1597 aut
2725 1553 2935 1597 innocen-

1595 1611 1684 1650 tem
1715 1606 1998 1651 condemnari
2027 1606 2384 1652 desideraverint.
2431 1607 2539 1653 Sine
2567 1608 2639 1653 die
2668 1616 2713 1653 et
2741 1609 2933 1652 consule.

1655 1660 1720 1709 13
1752 1661 1878 1706 Idem
1905 1663 1997 1706 AA.
2036 1661 2241 1707 Ursiano.
2309 1663 2443 1708 Servo
2482 1677 2536 1708 ex
2564 1665 2783 1709 sententia
2814 1664 2935 1709 dam-

1596 1723 1701 1761 nato
1743 1717 1781 1761 si
1820 1730 1996 1773 quoquo
2036 1718 2165 1762 modo
2206 1731 2260 1762 ex
2298 1720 2515 1764 sententia
2554 1720 2838 1776 proprietatis
2867 1720 2941 1764 ius

1596 1775 1876 1828 amputatum
1899 1787 1989 1818 non
2016 1773 2086 1828 sit,
2111 1774 2286 1818 domino
2313 1789 2396 1819 suo
2422 1777 2607 1831 obsequi
2631 1789 2729 1820 eum
2756 1788 2838 1832 par
2853 1779 2934 1820 est.

1655 1827 1720 1874 14
1760 1827 1885 1874 Idem
1923 1831 2016 1874 AA.
2061 1835 2106 1874 et
2146 1830 2223 1874 CC.
2268 1830 2415 1874 Vitali.
2490 1832 2537 1876 Si
2581 1832 2726 1888 operis
2769 1831 2936 1887 publici

1594 1884 1849 1950 temporalis
1889 1897 2059 1941 poenae
2096 1886 2315 1930 sententia
2352 1887 2614 1943 praefinitus
2645 1887 2831 1932 necdum
2861 1899 2935 1931 ex-

1596 1945 1731 1984 668811
1769 1939 1887 1993 dies,
1928 1942 2047 1984 hunc
2088 1942 2314 1997 expectari
2349 1944 2575 1996 convenit,
2613 1957 2713 1987 cum
2749 1956 2839 1988 non
2868 1956 2937 1987 re-

1595 1996 1712 2040 mitti
1741 2009 1929 2054 poenam
1958 1996 2090 2042 facile
2117 1998 2296 2053 publice
2324 1998 2514 2052 intersit,
2551 2012 2607 2044 ne
2637 2000 2694 2044 ad
2721 1998 2939 2043 maleficia

1595 2056 1758 2096 temere
1817 2053 2020 2109 uisquam
2053 2053 2267 2109 prosiliat.

1654 2107 1717 2154 15
1761 2106 1794 2152 I
1819 2123 1887 2153 em
1916 2110 2009 2153 AA.
2050 2115 2096 2153 et
2134 2108 2212 2154 CC.
2244 2109 2558 2167 Aqatltemero.
2626 2112 2819 2156 Poenam
2858 2124 2938 2156 sua

1596 2164 1759 2208 dictam
1779 2166 1998 2209 sententia
2015 2166 2207 2221 praesidi
2223 2166 2475 2222 provinciae
2490 2180 2698 2212 revocare
2711 2181 2803 2211 non
2818 2167 2934 2211 licet.

1655 2218 1720 2267 16
1767 2220 1917 2278 ¹⁵Imp.
1958 2222 2276 2270 Constantinus
2313 2229 2363 2270 A.
2406 2227 2468 2270 ad
2503 2226 2782 2270 Catullinum.
2851 2225 2934 2279 Qui

1595 2275 1859 2320 sententiam
1896 2275 2070 2320 laturus
2109 2281 2197 2330 est,
2237 2280 2629 2333 temperamentum
2659 2279 2745 2322 hoc
2773 2282 2934 2327 teneat,
2974 2283 2978 2288 ·

1594 2336 1645 2375 111
1681 2345 1771 2375 11011
1809 2331 1931 2387 prius
1972 2331 2206 2387 capitalem
2243 2332 2290 2376 in
2331 2332 2580 2390 quempiam
2609 2337 2784 2390 promat
2814 2345 2934 2377 seve·

1594 2400 1777 2443 ramque
1816 2388 2098 2442 sententiam,
2139 2400 2271 2443 quam
2307 2389 2353 2432 in
2382 2388 2587 2433 adulterii
2615 2389 2684 2434 vel
2712 2388 2935 2433 homicidii

1594 2443 1664 2488 vel
1700 2442 1906 2488 maleficii
1946 2443 2111 2488 crimen
2150 2447 2230 2488 aut
2268 2457 2351 2488 sua
2390 2444 2670 2490 confessione
2707 2450 2785 2489 aut
2816 2448 2934 2488 certe

1596 2499 1810 2554 omnium,
1850 2500 1926 2556 qui
1962 2500 2194 2544 tormentis
2222 2501 2291 2545 vel
2323 2501 2741 2556 interrogationibus
2769 2501 2936 2545 fuerint

1597 2555 1752 2609 dediti,
1790 2556 1837 2599 in
1875 2569 2012 2599 unum
2051 2556 2378 2612 conspirantem
2415 2557 2843 2613 concordantemque
2871 2557 2935 2600 rei

1595 2612 1727 2656 finem
1767 2611 1994 2656 convictus
2035 2612 2095 2656 sit
2128 2617 2172 2656 et
2210 2612 2275 2657 sic
2307 2612 2354 2656 in
2383 2612 2556 2658 obiecto
2585 2613 2750 2669 flagitio
2782 2613 2935 2668 depre-

1595 2668 1775 2720 hensus,
1805 2672 1858 2712 ut
1884 2668 1956 2711 vix
1986 2667 2118 2712 etiam
2150 2668 2248 2724 ipse
2272 2680 2327 2712 66
2348 2680 2464 2724 quae
2488 2668 2756 2713 commiserit
2777 2681 2937 2723 negare

1596 2723 1805 2768 sufficiat.
1834 2722 1890 2767 D.
1903 2735 1974 2768 111
1983 2737 2087 2768 non.
2105 2723 2218 2769 Nov.
2237 2723 2443 2769 Treviris.
2476 2730 2662 2783 accepta
2678 2736 2750 2769 xv
2768 2724 2811 2769 lc.
2825 2724 2934 2770 Mai.

1597 2779 1868 2829 Hadrumeti
1906 2776 2154 2824 Volusiano
2185 2786 2230 2825 et
2255 2780 2466 2825 Anniano
2497 2794 2641 2825 conss.
2750 2784 2807 2834 [a.
2838 2784 2935 2832 314]

1655 2833 1718 2881 17
1757 2832 1919 2880 ¹⁶Idem
1949 2836 2001 2880 A.
2034 2835 2253 2880 Eumelio.
2306 2835 2354 2880 Si
2383 2836 2480 2892 quis
2510 2836 2557 2880 in
2585 2836 2812 2881 metallum
2841 2836 2935 2880 fue-

1595 2892 1656 2935 rit
1669 2892 1703 2919 ¹⁶
1737 2904 1818 2947 pro
1851 2891 2079 2935 criminum
2109 2892 2482 2948 deprehensorum
2513 2892 2726 2948 qualitate
2754 2892 2934 2936 damna·

1595 2953 1681 3002 tus,
1712 2947 1888 2991 minime
1915 2947 1962 2991 in
1989 2948 2085 2992 eius
2114 2947 2231 2992 facie
2260 2948 2496 3002 scribatur,
2529 2961 2629 2991 cum
2654 2951 2701 2991 et
2723 2947 2771 2991 in
2795 2947 2933 2991 mani-

1595 3004 1680 3048 bus
1712 3006 1757 3047 et
1783 3003 1830 3046 in
1860 3003 1975 3047 suris
2004 3003 2148 3059 possit
2179 3016 2324 3059 poena
2353 3003 2646 3047 damnationis
2675 3016 2765 3047 una
2793 3003 2933 3058 scrip-

1595 3059 1716 3102 tione
1741 3071 1838 3102 com
1870 3059 2067 3110 rehendi,
2099 3072 2185 3115 quo
2210 3059 2360 3113 facies,
2392 3071 2504 3114 quae
2529 3058 2587 3102 ad
2608 3058 2934 3102 similitudinem

1595 3114 1820 3170 pulchritu
1854 3114 1936 3158 'nis
1977 3115 2182 3158 caelestis
2219 3119 2288 3158 est
2325 3114 2538 3170 figurata,
2577 3114 2754 3158 minime
2781 3127 2934 3158 macu-

1595 3171 1724 3214 letur.
1796 3169 1852 3214 D.
1897 3181 1979 3213 1111
2026 3167 2070 3213 Ic.
2114 3170 2260 3228 April.
2307 3169 2538 3215 Cabilluno
2554 3171 2587 3197 ¹⁷
2639 3169 2932 3216 Constantino

1596 3227 1647 3270 A.
1680 3237 1771 3269 1111
1795 3231 1841 3268 et
1868 3223 2043 3268 Licinio
2075 3236 2168 3269 1111
2194 3238 2337 3270 conss.
2747 3230 2803 3278 [a.
2834 3229 2931 3278 315]

1655 3277 1719 3328 18
1755 3278 1906 3338 ¹⁸Imp.
1936 3279 2224 3324 Constantius
2251 3283 2302 3326 A.
2331 3280 2567 3325 Theodoro
2588 3280 2798 3339 praesidi
2819 3284 2933 3326 Ara-

1597 3336 1705 3381 biae.
1763 3335 1881 3379 Dum
1918 3335 2007 3380 reis
2026 3336 2270 3380 manifesta
2297 3336 2562 3393 probatione
2591 3337 2802 3382 convictis
2831 3350 2933 3393 spa-

1595 3393 1705 3435 tium
1745 3393 1849 3436 ante
1887 3391 2150 3436 sententiam
2177 3392 2390 3448 temporis
2420 3392 2563 3448 datur,
2603 3393 2796 3437 facultas
2827 3406 2931 3448 sup-

1595 3447 1789 3504 plicandi
1802 3446 1871 3490 vel
1887 3446 2151 3502 quibusdam
2163 3448 2366 3503 malignis
2381 3448 2552 3493 artibus
2568 3453 2660 3492 tam
2681 3448 2931 3504 praesidum

1596 3516 1727 3559 quam
1770 3502 2019 3547 officiorum
2059 3515 2226 3560 poenas
2271 3503 2462 3548 evitandi
2477 3505 2512 3531 ¹⁹
2562 3503 2931 3549 criminosissimis

1594 3561 1740 3615 patet,
1779 3570 1879 3602 cum
1916 3559 1963 3602 in
2001 3559 2226 3603 homicidii
2263 3560 2442 3604 crimine
2471 3564 2515 3604 et
2542 3560 2590 3604 in
2618 3560 2716 3603 aliis
2745 3559 2930 3603 detectis

1599 3620 1617 3658 1
1677 3614 1955 3669 gravioribus
1995 3615 2142 3659 causis
2179 3616 2289 3660 ultio
2329 3615 2568 3660 differenda
2598 3629 2687 3659 non
2717 3615 2787 3659 sit.
2845 3614 2927 3670 Igi-

1594 3674 1668 3714 tur
1720 3669 1774 3714 de
1828 3670 2027 3714 cetero2⁰
2078 3670 2205 3715 iuxta
2258 3671 2453 3716 criminis
2495 3671 2748 3727 qualitatem
2789 3669 2930 3723 legem

1595 3729 1771 3782 oportet
1797 3725 1963 3770 servari
1992 3729 2039 3772 et
2064 3726 2114 3770 in
2140 3727 2385 3772 scelerosos
2413 3732 2458 3771 et
2485 3726 2532 3770 in
2559 3726 2715 3770 noxios
2741 3725 2929 3782 proferri

1592 3781 1703 3825 iuris
1742 3781 2016 3826 sententiam.
2074 3781 2130 3827 D.
2169 3782 2227 3827 id.
2262 3782 2354 3828 Oet.
2397 3782 2656 3827 Constantio
2686 3782 2738 3825 A.
2772 3791 2862 3824 1111
2887 3787 2931 3823 et

1597 3836 1838 3887 Constante
1869 3836 1953 3882 C.²'¹
1983 3850 2127 3882 conss.
2741 3840 2796 3890 [a.
2830 3839 2926 3885 346]

1650 3889 1716 3940 19
1769 3891 1959 3951 ’'Impp.
2011 3891 2259 3938 Gratianus
2309 3898 2356 3938 et
2406 3891 2747 3937 Valentinianus
2793 3890 2931 3934 AA.²·

1595 4031 1669 4082 (12)
1695 4030 1794 4083 imp.
1810 4030 2094 4073 Diocletianus
2107 4035 2158 4074 A.
2172 4034 2218 4073 in
2234 4045 2343 4073 cons.
2359 4032 2466 4072 dixit
2487 4046 2566 4072 scr.
2629 4031 2703 4082 (13)
2724 4029 2836 4069 dixit
2849 4046 2925 4070 scr.

1594 4087 1668 4138 (14)
1683 4106 1738 4122 =
1756 4087 1831 4128 Th.
1848 4088 1887 4139 9,
1904 4097 1962 4138 40,
1978 4097 2015 4130 1:
2040 4090 2160 4143 iunye
2173 4090 2215 4141 7,
2231 4097 2347 4139 62,12
2365 4088 2440 4129 Th.
2461 4089 2525 4138 11,
2539 4094 2599 4138 36,
2615 4095 2631 4127 1
2690 4087 2764 4138 (15)
2778 4105 2833 4120 ===
2852 4086 2926 4126 Th.

1595 4144 1635 4194 9,
1665 4151 1726 4192 40,
1756 4151 1777 4183 2
1918 4144 1993 4195 (16)
2029 4143 2067 4184 si
2093 4145 2186 4196 quis
2214 4144 2260 4184 in
2288 4142 2433 4183 ludum
2461 4141 2590 4183 fuerit
2617 4139 2683 4181 vel
2710 4140 2755 4181 in
2784 4140 2926 4180 metal-

1594 4197 1682 4238 lum
1713 4197 1789 4239 Th.
1874 4200 1950 4251 (17)
1978 4198 2135 4241 cibalis
2164 4199 2381 4242 Tillemone
2462 4199 2538 4250 (18)
2565 4216 2623 4232 ==
2659 4197 2732 4237 ΤΙι.
2757 4197 2797 4246 9,
2820 4205 2880 4247 40,
2906 4206 2926 4237 4

1595 4254 1672 4305 (19)
1703 4252 1769 4293 vel
1797 4252 2042 4305 quibusdam
2070 4285 2082 4296 .
2099 4286 2139 4298 ..
2170 4253 2353 4295 evitandi
2381 4269 2454 4295 om.
2489 4253 2563 4294 Th.
2675 4252 2755 4303 (20)
2785 4251 2834 4291 de
2861 4263 2926 4292 ce-

1596 4310 1699 4359 tero]
1740 4308 1903 4360 quidem
1933 4310 2007 4362 qui
2034 4310 2117 4351 iam
2144 4310 2487 4363 impetraverunt,
2524 4306 2578 4348 ad
2605 4307 2766 4348 veniam
2797 4307 2926 4359 perti·

1596 4365 1734 4417 neant,
1764 4363 1814 4404 (16
1842 4366 1979 4407 cetero
2005 4378 2103 4407 vero
2135 4367 2208 4407 Th.
2329 4364 2405 4417 (21)
2436 4363 2659 4405 Constante
2687 4365 2737 4404 A.
2765 4374 2819 4403 111
2846 4377 2924 4402 scr.

1595 4421 1674 4471 (22)
1704 4439 1759 4455 ==
1789 4419 1864 4461 Th.
1895 4423 1934 4472 9,
1963 4430 2023 4470 40,
2053 4431 2098 4464 ⁹:
2127 4420 2330 4474 {unqenda
2360 4428 2418 4461 est
2447 4420 2519 4461 Th.
2552 4421 2612 4469 14,
2630 4427 2666 4469 3,
2687 4427 2723 4469 9,
2742 4420 2927 4470 sortasse

1597 4477 1712 4516 etiam
1744 4474 1820 4517 Th.
1856 4477 1918 4528 14,
1947 4487 1982 4529 5,
2011 4487 2028 4519 1
2168 4476 2246 4527 (23)
2287 4484 2358 4516 aut
2384 4476 2510 4527 impp.
2539 4473 2857 4515 Valentinianus
2884 4476 2924 4513 et

1596 4529 1748 4571 Valens
1777 4533 1863 4571 AA-
1901 4548 1986 4574 cum
2026 4533 2104 4574 le.
2136 4540 2208 4572 aut
2243 4531 2398 4584 imppp.
2428 4531 2745 4571 Valentinianus
2773 4527 2926 4570 Valens

1597 4589 1638 4628 et
1667 4587 1889 4629 Gratianus
1918 4590 2041 4630 AAA.
2071 4603 2148 4629 scr.
