3034 4776
149 184 214 234 VI
252 184 312 231 23
1455 163 1485 218 2

142 331 338 374 stitutum
368 333 447 370 est.
492 325 594 368 licet
623 324 735 366 enim
761 324 832 367 lex
857 324 1027 380 imperii
1053 319 1333 365 sollemnibus
1355 319 1466 362 iuris

139 387 442 440 imperatorem
471 379 662 428 solverit,
699 378 808 422 nihil
836 384 983 423 tamen
1011 383 1101 419 tam
1128 373 1357 472 proprium
1383 375 1465 418 im-

139 440 262 538 pterliliq
285 441 371 500 est,
410 439 461 479 ut
496 434 664 532 legibus
694 433 850 477 vivere.
911 433 1003 477 ΡΡ.
1036 443 1093 475 Χ]
1162 464 1170 471 .
1205 428 1464 536 [αφῖᾖιέιῇο]

258 506 410 537 aximo
441 504 524 534 con
575 523 582 532 .
1326 518 1335 527 -

137 510 159 540 e
192 550 222 595 4
255 548 365 606 Imp.
400 544 653 589 Gordianus
675 544 726 587 A.
757 542 937 600 Rufino.
983 542 1029 585 Si
1057 541 1102 583 in
1130 540 1307 584 nomine
1335 552 1465 596 prae-

138 606 306 650 nomine
336 615 412 646 seu
442 600 696 655 cognomine
725 602 912 642 testator
940 597 1103 641 erravit
1131 608 1213 639 nec
1235 602 1382 639 tamen
1412 595 1467 639 de

137 675 220 718 quo
264 658 446 703 senserit
494 656 710 699 incertum
762 654 840 704 sit,
896 666 1018 697 error
1065 652 1315 696 huiusmodi
1356 651 1468 695 nihil

136 716 274 760 officit
313 712 494 757 veritati.
565 709 657 753 PF.
690 721 769 753 ΧΗ
805 707 847 753 lc.
879 710 1016 765 Auq.¹
1059 707 1291 752 Gordiano
1332 710 1383 752 A.
1424 714 1468 752 et

136 771 292 816 Aviola
322 782 461 812 conss.
1278 768 1335 818 [a.
1368 767 1465 816 239]

189 827 218 873 5
265 825 408 883 Impp.
461 822 727 867 Valerianus
780 827 823 865 et
866 818 1097 864 Gallienus
1139 822 1231 865 AA.
1277 820 1463 864 Lucillo.

134 884 285 938 Neque
333 878 548 935 professio
600 889 742 933 neque
792 876 1067 921 adseveratio
1111 877 1465 932 nuncupantium

135 939 269 988 filios,
314 935 388 991 qui
426 947 514 977 non
545 939 668 987 sunt,
700 933 875 976 veritati
903 933 1232 991 praeiudicant:
1279 939 1324 976 et
1353 944 1466 988 quae

134 1001 183 1037 ut
224 992 324 1036 filiis
368 995 631 1035 testamento
661 989 988 1044 relinquuntur,
1034 990 1157 1031 iuxta
1198 1001 1249 1032 ea
1287 1002 1401 1044 quae
1440 1001 1468 1031 a

136 1048 405 1106 principibus
449 1052 616 1091 statuta
655 1049 760 1089 sunt
798 1058 886 1088 non
920 1044 1070 1088 deberi
1108 1045 1218 1088 certi
1246 1045 1353 1088 iuris
1384 1047 1464 1089 est.

135 1108 328 1163 Accepta
358 1114 450 1146 ΠΙ]
475 1115 580 1146 non.
608 1100 693 1145 Iul.
720 1101 960 1145 Valeriano
989 1112 1032 1144 11
1060 1108 1104 1144 et
1127 1099 1330 1145 Gallieno
1353 1103 1468 1145 ΛΑ.2

134 1174 273 1206 consa
1293 1170 1334 1200 a.
1367 1161 1447 1201 254

189 1213 219 1263 6
236 1215 380 1273 Impp.
398 1213 709 1258 Diocletianus
728 1218 772 1256 et
786 1211 1098 1256 Maximianus
1113 1213 1203 1256 AA.
1224 1160 1464 1257 Tel-entiael.

137 1273 282 1316 Verba
305 1270 570 1320 testamenti,
596 1269 754 1324 quibus
781 1272 920 1312 mater
944 1272 1090 1312 vestra
1118 1268 1334 1312 decedens
1358 1268 1467 1312 nihil

134 1342 179 1372 se
223 1327 425 1383 cuiquam
469 1325 658 1368 donasse
702 1323 985 1379 significavit,
1038 1324 1078 1368 si
1128 1337 1199 1368 res
1248 1337 1296 1369 se
1338 1325 1468 1369 aliter

132 1385 276 1436 habet,
306 1382 435 1426 fidem
459 1381 550 1425 veri
575 1394 662 1424 non
685 1380 975 1436 perfringunt.
1014 1379 1107 1424 ΡΡ.
1137 1393 1207 1424 III
1229 1394 1334 1425 non.
1351 1381 1465 1426 Nov.

131 1439 414 1484 Diocletiano
445 1440 494 1482 A.
530 1449 573 1480 11
600 1442 644 1481 et
671 1435 930 1481 Aristobulo
961 1450 1104 1480 conss.
1278 1441 1335 1490 [a.
1367 1440 1466 1491 285]

187 1493 215 1541 7
260 1492 383 1539 Idem
422 1495 512 1538 AA.
559 1491 763 1548 Rufinae.
837 1492 1003 1536 Errore
1048 1493 1285 1537 scribentis
1329 1496 1467 1538 testa-

130 1556 323 1595 mentum
351 1550 457 1594 iuris
488 1549 757 1593 sollemnitas
781 1549 978 1592 mutilari
1003 1562 1281 1605 nequaquam
1305 1555 1466 1614 potest,

131 1607 315 1707 ἓὲἃῖἑέἷ
344 1606 487 1706 ᾞὲὲἳέ
523 1605 785 1704 ἓὲζὲἕὲἒέο
800 1605 1470 1717 Pi'iZtonungiffifflffdissssit

134 1719 282 1764 ‘heres
314 1725 408 1762 esto
422 1719 447 1770 ',
490 1729 761 1771 consequens
793 1722 860 1759 est
889 1717 1106 1761 existente
1134 1718 1296 1762 herede
1323 1719 1470 1774 legata

134 1776 224 1818 sive
253 1774 589 1818 fideicommissa
626 1773 749 1816 iuxta
777 1773 1046 1817 voluntatem
1081 1774 1306 1819 testatoris
1336 1788 1467 1831 opor-

132 1835 226 1874 tere
262 1830 370 1874 dari.
436 1827 528 1873 ΡΡ.
561 1840 674 1872 xvn
710 1827 751 1872 lc.
783 1828 911 1872 Febr.
943 1829 1056 1887 nisis
1087 1841 1178 1873 ιιι]
1209 1836 1255 1874 et
1281 1842 1351 1940 [ιιι
1372 1831 1469 1939 ΞΑὲὶΑ]

133 1899 275 1930 conss.
1298 1900 1338 1930 a.
1428 1891 1452 1929 0

191 1939 220 1989 8
252 1940 374 1986 Idem
405 1942 496 1985 AA.
528 1939 810 1985 Marcellino.
884 1939 1023 1985 Casus
1062 1942 1238 1987 maioris
1279 1955 1332 1986 ac
1370 1942 1472 1986 novi

137 1997 427 2052 contingentis
471 1997 642 2040 ratione
687 1996 894 2040 adversus
938 1997 1137 2042 timorem
1184 1999 1470 2054 contagionis,

134 2066 248 2110 quae
284 2056 418 2097 testes
461 2053 670 2106 deterret,
713 2052 878 2107 aliquid
918 2052 971 2096 de
1009 2054 1104 2097 iure
1142 2054 1340 2097 laxatum
1381 2060 1470 2099 est:

135 2123 224 2154 non
255 2114 401 2153 tamen
430 2121 614 2164 prorsus
643 2109 814 2164 reliqua
837 2109 967 2155 etiam
992 2114 1356 2154 testamentorum
1383 2111 1470 2154 sol-

138 2170 156 2209 1
217 2165 418 2209 lemnitas
459 2169 686 2220 perempta
723 2169 802 2208 est.
873 2164 1028 2209 Testes
1066 2166 1181 2209 enim
1219 2166 1472 2210 huiusmodi

134 2221 286 2265 morbo
332 2221 576 2276 oppresso³
629 2233 680 2263 eo
723 2225 919 2276 tempore
962 2221 1085 2275 iungi
1129 2225 1264 2277 atque
1308 2222 1471 2266 sociari

134 2277 363 2320 remissum
394 2282 477 2326 est,
518 2289 606 2318 non
645 2277 776 2319 etiam
807 2277 1089 2320 conveniendi
1118 2278 1289 2321 numeri
1319 2290 1471 2321 eorum

133 2333 376 2376 observatio
407 2332 597 2375 sublata.
658 2329 727 2374 S.⁴
755 2330 797 2374 lc.
831 2330 917 2374 Iul.
947 2332 1061 2389 ipsis
1089 2343 1182 2376 1111
1207 2339 1253 2376 et
1282 2345 1350 2376 111
1375 2333 1469 2377 AA.

131 2401 273 2431 conss.
1296 2403 1334 2431 a.
1369 2391 1450 2432 290

186 2440 216 2489 9
263 2441 386 2486 Idem
428 2442 519 2484 AA.
565 2440 833 2486 Patrocliae.
909 2441 956 2485 Si
991 2454 1081 2485 non
1119 2392 1304 2498 speciali
1334 2391 1468 2499 privil

129 2499 240 2555 legio
283 2498 453 2554 patriae
495 2500 598 2540 tuae
636 2497 745 2541 iuris
782 2497 1029 2542 observatio
1071 2499 1270 2542 relaxata
1315 2505 1383 2544 est
1425 2504 1470 2544 et

128 2560 262 2598 testes
313 2567 402 2597 non
450 2554 497 2596 in
543 2558 785 2608 conspectu
838 2554 1064 2598 testatoris
1114 2555 1469 2600 testimoniorum

131 2610 277 2654 officio
320 2610 463 2653 functi
506 2616 629 2661 sunt,
676 2609 798 2653 nullo
840 2610 939 2654 iure
981 2613 1295 2655 testamentum
1336 2612 1467 2656 valet.

130 2666 223 2710 ΡΡ.
257 2666 322 2710 lc.⁵
351 2665 436 2709 Iul.
468 2666 581 2724 ipsis
611 2678 703 2709 IIII
727 2672 771 2709 et
799 2677 869 2710 111
893 2667 986 2710 AA.
1018 2680 1161 2711 conss.
1280 2672 1335 2720 [a.
1370 2671 1467 2722 290]

189 2722 253 2769 10
286 2720 410 2766 Idem
440 2724 531 2766 AA.
564 2727 609 2765 et
639 2719 716 2765 CC.
747 2720 1103 2780 Menophiliano.
1155 2722 1202 2767 Si
1232 2728 1469 2768 testamen·

132 2786 224 2822 tum
254 2778 348 2821 iure
377 2777 544 2821 factum
575 2778 633 2821 sit
662 2782 706 2820 et
734 2778 862 2821 heres
902 2779 961 2821 sit
1001 2791 1163 2835 capax,
1203 2781 1470 2825 auctoritate

130 2835 335 2890 rescripti
362 2834 505 2877 nostri
533 2833 725 2877 rescindi
754 2848 842 2877 non
873 2838 1061 2890 oportet.
1107 2833 1152 2881 S.
1180 2848 1252 2879 XV
1282 2835 1314 2879 lc
1316 2871 1468 2882 .....

131 2891 221 2934 AA.
254 2890 418 2934 conss.⁰
1282 2897 1338 2944 [a.
1371 2896 1468 2946 293]

189 2944 246 2992 11
286 2944 410 2990 Idem
440 2947 531 2989 AA.
571 2951 616 2990 et
646 2944 722 2990 CC.
759 2946 909 2991 Zetho.
978 2946 1081 2990 Non
1116 2947 1284 2992 idcirco
1325 2949 1470 2992 minus

130 3003 225 3047 iure
264 3002 431 3046 factum
469 3006 780 3046 testamentum
822 3016 925 3046 suas
968 3003 1138 3047 obtinet
1176 3003 1311 3057 vires,
1353 3005 1471 3061 quod

130 3062 232 3114 post
259 3061 444 3102 mortem
468 3058 693 3102 testatoris
719 3058 997 3102 subtract-um
1013 3060 1241 3114 probatur.
1283 3059 1328 3104 S.
1343 3061 1469 3119 prid.

131 3128 222 3158 non
267 3114 374 3158 Iul.⁷
402 3116 493 3158 AA.
525 3127 667 3158 conss.
1281 3121 1337 3170 [a.
1372 3120 1469 3171 293]

190 3168 253 3217 12
286 3169 409 3214 Idem
438 3171 530 3215 AA.
562 3176 607 3215 et
637 3169 713 3215 CC.
745 3170 1016 3216 Matroniae.
1065 3171 1112 3216 Si
1141 3185 1255 3216 unus
1286 3173 1341 3217 de
1370 3186 1469 3230 sep·

131 3232 220 3270 tem
274 3227 460 3270 testibus
515 3226 704 3270 defuerit
744 3227 812 3271 vel
859 3240 1008 3271 coram
1059 3231 1274 3273 testatore
1320 3242 1471 3274 omnes

134 3282 289 3326 eodem
327 3283 422 3326 loco
461 3288 596 3327 testes
638 3296 717 3328 suo
749 3284 816 3327 vel
856 3283 999 3328 alieno
1039 3286 1172 3328 anulo
1204 3299 1294 3329 non
1324 3287 1470 3340 signa-

137 3343 156 3381 1
217 3338 371 3390 verint,
401 3339 495 3382 iure
522 3338 724 3382 deficiat⁸
751 3343 1079 3385 testamentum.
1122 3341 1190 3385 De
1213 3341 1281 3385 his
1308 3347 1469 3397 autem,

136 3407 246 3449 quae
277 3394 508 3438 interleta⁹
537 3395 625 3438 sive
650 3408 785 3451 supra
812 3397 977 3452 scripta
1003 3397 1127 3449 dicis,
1157 3411 1247 3441 non
1277 3399 1335 3441 ad
1359 3398 1470 3442 iuris

136 3450 492 3504 sollemnitatem,
532 3450 608 3493 sed
647 3451 703 3494 ad
741 3451 845 3495 fidei
872 3453 1065 3507 pertinet
1081 3454 1114 3479 ¹⁰
1153 3455 1470 3509 quaestionem,

137 3510 185 3549 ut
220 3511 454 3561 appareat,
494 3510 642 3549 utrum
680 3510 905 3552 testatoris
936 3510 1162 3553 voluntate
1205 3509 1470 3556 emendatio-

136 3574 236 3605 nem
265 3567 531 3615 meruerunt,
562 3562 627 3605 vel
658 3563 713 3606 ab
745 3564 885 3608 altero
911 3566 1160 3609 inconsulte
1182 3566 1327 3611 deleta
1352 3572 1470 3620 sunt,

136 3631 192 3661 an
221 3617 276 3660 ab
309 3617 453 3674 aliquo
483 3617 597 3662 falso
628 3619 738 3662 haec
767 3620 931 3663 fuerint
967 3622 1212 3666 commissa.
1274 3621 1321 3668 S.
1343 3623 1468 3683 prid.

135 3687 237 3716 non.
272 3672 356 3717 Iul.
388 3673 700 3732 Philippopoli
728 3680 818 3719 AA.
852 3690 992 3721 conss.
1284 3684 1340 3732 [a.
1372 3683 1470 3733 293]

194 3726 257 3776 13
294 3728 419 3774 Idem
441 3731 532 3773 AA.
557 3738 600 3773 ec
628 3729 703 3774 CC.
733 3730 956 3776 Eur-isidi.
1010 3734 1224 3779 Testandi
1250 3749 1387 3780 causa
1417 3736 1471 3780 de

134 3785 323 3841 pecunia
361 3799 442 3829 sua
481 3786 649 3841 legibus
682 3787 812 3831 certis
863 3791 1053 3844 acultas,
1086 3804 1175 3835 non
1203 3792 1471 3836 iurisdictio-

136 3842 203 3885 nis
228 3845 397 3886 mutare
423 3842 607 3885 formam
631 3843 699 3886 vel
728 3843 811 3887 iuri
836 3845 1013 3902 publico
1040 3846 1250 3902 derogare
1268 3848 1472 3904 cuiquam

137 3898 395 3953 permissum
427 3902 507 3942 est.
567 3896 612 3942 S.
654 3911 702 3942 VJ
727 3897 769 3942 lc.
801 3898 904 3944 Dec.
940 3902 1016 3946 CC.
1048 3916 1193 3947 conss.
1284 3909 1339 3956 [a.
1373 3908 1470 3958 294]

195 3953 258 3999 14
294 3954 454 3998 ¹¹Idem
483 3956 573 3998 AA.
605 3960 650 3998 et
681 3953 758 3999 CC.
790 3955 1000 4001 Achilleo.
1067 3958 1168 4002 Non
1209 3959 1470 4016 codicillum,

137 4009 213 4053 sed
252 4014 562 4054 testamentum
600 4012 741 4054 aviam
782 4015 970 4055 vestram
1007 4014 1157 4058 facere
1186 4016 1376 4060 voluisse
1405 4018 1470 4061 in·

137 4153 186 4201 (1)
216 4164 304 4203 aug.
346 4153 390 4203 V,
416 4153 498 4191 ian.
528 4153 625 4192 Hal.
714 4153 769 4204 (2)
800 4155 859 4194 sic
890 4154 934 4205 V,
961 4167 1040 4194 acc.
1073 4169 1119 4195 vi
1145 4169 1240 4196 non.
1267 4156 1341 4197 iul.
1359 4158 1468 4198 vale-

137 4207 255 4247 riano
286 4210 326 4246 et
352 4207 532 4259 gallieno
562 4221 623 4250 aa.
653 4222 705 4249 111
735 4212 776 4250 et
804 4222 838 4248 11
868 4211 939 4259 (=
970 4226 1006 4250 a.
1030 4212 1112 4262 255)
1140 4213 1240 4253 Hal.
1328 4214 1383 4265 (3)
1412 4216 1471 4256 sic

146 4263 280 4303 chm
298 4263 354 4313 B,
385 4275 592 4316 oppressos
615 4265 687 4306 CR
756 4267 809 4317 (4)
824 4278 854 4304 ε.
887 4266 930 4315 V,
961 4265 1092 4306 d.xv1
1112 4268 1210 4309 Hal.
1280 4271 1336 4320 (5)
1354 4270 1394 4310 k.
1424 4271 1470 4320 V,

138 4330 169 4357 x
199 4318 238 4357 k.
273 4319 369 4358 Hal.
458 4322 512 4371 (ὅ)
542 4321 582 4360 k.
613 4333 706 4372 aug.
730 4333 857 4362 conss
892 4321 938 4370 V,
969 4321 1008 4360 k.
1035 4334 1127 4373 aug.
1158 4336 1217 4363 aa.
1245 4337 1343 4366 coss.
1369 4325 1468 4366 Hal.

140 4375 194 4422 (Ἰ)
223 4375 280 4414 sic
325 4375 365 4425 V,
395 4388 424 4414 s.
456 4375 557 4428 prid.
592 4375 645 4415 id.
679 4389 770 4417 nov.
805 4377 902 4417 Hal.
1017 4379 1074 4428 (8)
1104 4381 1162 4419 sic
1198 4381 1302 4430 VC⁶‚
1334 4380 1472 4422 deficit

145 4427 243 4467 C⁰R
327 4430 383 4478 (9)
416 4432 473 4470 sic
504 4431 587 4478 CR,
618 4430 751 4471 deleta
775 4432 816 4472 V
897 4432 973 4481 (16)
1004 4436 1061 4472 sic
1087 4433 1132 4484 V,
1163 4435 1372 4486 pertinent
1393 4435 1465 4477 CR

144 4486 208 4527 (11)
236 4485 350 4534 iunqe
369 4486 405 4535 2,
424 4494 457 4533 4,
474 4488 546 4526 36?
576 4489 614 4536 6,
633 4496 684 4534 42,
708 4496 750 4529 29
825 4489 898 4538 (12)
928 4499 975 4526 v1
997 4489 1070 4527 im.
1090 4490 1127 4539 2,
1145 4500 1176 4539 4,
1194 4500 1251 4540 36,
1282 4504 1364 4530 vlu
1388 4493 1462 4531 ins.

143 4538 180 4577 6.
214 4546 268 4586 42,
294 4547 336 4578 22>
466 4542 538 4590 (13)
570 4543 685 4594 {unqe
716 4547 754 4591 6,
786 4552 821 4590 9,
854 4551 888 4583 9.
930 4545 968 4592 6,
1000 4552 1057 4593 37,
1087 4553 1125 4585 21
1253 4550 1326 4597 (14)
1356 4548 1463 4586 Con-

143 4600 346 4638 nantinus
384 4603 588 4652 scripsisse
629 4601 875 4643 luetinianos
909 4602 1084 4654 probari
1116 4604 1273 4643 videtur
1309 4606 1349 4653 ὃ,
1382 4613 1416 4651 9,
1448 4613 1468 4646 9

146 4655 291 4693 collato
326 4671 404 4694 vum
438 4659 475 4703 5,
507 4666 564 4705 70,
596 4666 629 4706 7,
659 4665 734 4697 aa:
771 4658 1000 4698 Constantio
1031 4667 1132 4697 recte
1163 4659 1198 4697 Ιι.
1233 4660 1257 4697 l.
1289 4660 1469 4700 vindica·

1523 162 1556 217 4
1905 177 1982 217 nn
2016 156 2413 219 rnsrmn'ris:
2449 176 2884 225 Quanannonun

1550 316 1723 360 stitutio
1753 318 1800 359 et
1828 315 2111 364 exhor-edatio
2141 317 2262 362 facta
2291 315 2484 372 probant
2511 316 2749 363 evidenter.
2799 314 2888 361 S.¹²

1549 372 1608 414 id.
1640 371 1746 415 Dec.
1780 368 1859 415 00.
1890 385 2034 417 conss.
2699 377 2756 426 [a.
2788 375 2886 424 294]

1609 425 1671 473 15
1710 424 1861 485 ¹³Imp.
1895 425 2218 473 Constantinus
2231 428 2265 454 ¹⁴
2292 427 2344 470 A.
2383 425 2445 470 ad
2474 427 2710 486 populum.
2768 427 2886 484 Quo-

1550 483 1669 526 niam
1696 482 1923 537 indignum
1957 489 2026 528 est
2064 485 2121 529 ob
2151 484 2329 528 inanem
2359 482 2710 528 observationem
2737 484 2886 528 irritas

1548 538 1645 582 fieri
1672 538 1850 582 tabulas
1879 542 1924 583 et
1950 539 2115 584 iudicia
2143 541 2439 590 mortuorum,
2479 538 2646 594 placuit
2673 539 2887 596 ademptis

1549 595 1632 647 his,
1664 606 1851 650 quorum
1878 595 2162 651 imaginarius
2191 608 2299 639 usus
2330 598 2419 646 est,
2458 594 2728 639 institutioni
2759 595 2887 640 here·-

1551 651 1618 694 dis
1662 652 1896 695 verborum
1938 665 2028 696 non
2071 664 2170 696 esse
2214 650 2509 695 necessariam
2554 650 2889 704 observantiam,

1551 710 1699 750 utrum
1734 706 2006 760 imperativis
2045 714 2091 752 et
2120 707 2299 751 directis
2322 706 2475 759 ,verbis
2513 707 2592 749 fiat
2626 719 2684 749 an
2711 703 2888 754 inflexa.

1557 769 1569 805 1
1621 762 1716 806 Nec
1751 762 1866 805 enim
1895 762 2093 816 interest,
2125 764 2163 807 si
2179 764 2368 807 -dicatur
2399 761 2628 806 ‘heredem
2656 761 2794 806 facio’
2823 761 2892 806 vel

1551 818 1778 862 ‘instituo'
1822 817 1890 861 vel
1933 819 2076 863 ‘volo'
2120 820 2189 863 vel
2234 818 2439 862 ‘mando'
2483 818 2552 861 vel
2604 817 2782 874 ‘cupio'
2825 816 2893 860 vel

1552 875 1691 919 ‘esto'
1722 875 1790 918 vel
1822 873 1963 927 ‘erit’,
2001 875 2079 919 sed
2115 875 2387 931 quibuslibet
2416 873 2620 918 confecta
2650 871 2891 925 sententiis,

1551 931 1750 986 quolibet
1791 930 2000 986 loquendi
2042 943 2204 986 genere
2247 931 2439 975 formata
2476 930 2694 974 institutio
2734 928 2892 983 valeat,

1550 988 1588 1032 si
1631 986 1762 1030 modo
1808 999 1888 1043 per
1927 998 2024 1030 eam
2061 987 2247 1044 liquebit
2284 986 2523 1030 voluntatis
2563 985 2772 1038 intentio,
2809 997 2894 1030 nec

1550 1043 1803 1087 necessaria
1832 1042 1922 1086 sint
1948 1049 2170 1087 momenta
2195 1044 2444 1096 verborum,
2475 1055 2589 1098 quae
2617 1042 2735 1085 forte
2763 1040 2891 1086 semi-

1551 1104 1574 1142 2
1634 1099 1757 1142 necis
1787 1103 1832 1141 et
1856 1098 2104 1142 balbutiens
2129 1099 2280 1155 lingua
2301 1099 2516 1155 profudit.
2562 1098 2624 1141 Et
2646 1098 2693 1142 in
2718 1102 2892 1154 postre-

1549 1155 1631 1200 mis
1671 1167 1775 1209 ergo
1812 1153 1986 1198 iudiciis
2022 1155 2277 1198 ordinandis
2316 1161 2465 1199 amota
2500 1155 2584 1199 erit
2620 1153 2894 1198 sollemnium

1551 1225 1799 1256 sermonum
1829 1209 2085 1263 necessitas,
2116 1217 2178 1265 ut,
2209 1212 2284 1266 qui
2311 1211 2549 1255 facultates
2582 1210 2787 1267 proprias
2817 1222 2894 1254 cu-

1549 1270 1679 1324 piunt
1721 1266 1948 1319 ordinare,
1992 1266 2039 1309 in
2075 1280 2352 1324 quacumque
2390 1267 2670 1311 instrumenti
2709 1265 2895 1310 materia

1551 1324 1831 1369 conscribere
1875 1325 1921 1366 et
1937 1324 1971 1349 ¹⁵
2014 1322 2367 1379 quibuscumque
2409 1324 2553 1367 verbis
2603 1323 2668 1366 uti
2710 1323 2896 1367 liberam

1549 1381 1743 1424 habeant
1771 1379 2045 1423 facultatem.
2095 1377 2141 1423 S.
2163 1379 2205 1423 d.
2232 1378 2274 1423 lc.
2301 1378 2429 1423 Febr.
2454 1379 2708 1423 Laodiceae
2723 1379 2756 1405 ¹⁶
2783 1376 2895 1423 Con-

1549 1438 1718 1480 stantio
1751 1438 1801 1480 A.
1836 1447 1881 1479 11
1907 1441 1951 1479 et
1984 1434 2227 1479 Constante
2255 1437 2306 1478 A.
2338 1448 2481 1479 conss.
2705 1438 2763 1488 [a.
2796 1436 2894 1487 339]

1609 1490 1674 1540 16
1713 1491 1881 1551 ¹⁷Impp
1920 1526 1928 1534 .
1966 1489 2214 1535 Gratianus
2242 1490 2585 1535 Valentinianus
2621 1494 2668 1534 et
2696 1488 2897 1534 Theodo-

1549 1551 1645 1593 sius
1683 1550 1815 1593 AAA.
1860 1506 2088 1606 ἔατνορίο
2124 1561 2206 1605 pp.
2276 1547 2379 1591 Non
2417 1547 2600 1591 dubium
2638 1559 2720 1590 nec
2751 1545 2896 1590 incer·

1551 1611 1645 1649 tum
1674 1610 1763 1657 est,
1804 1605 1920 1648 sicut
1947 1603 2309 1660 imperatoribus,
2349 1604 2413 1647 ita
2454 1603 2653 1659 qualibet
2686 1601 2898 1658 dignitate

1551 1662 1619 1706 vel
1659 1665 1881 1717 potestate
1921 1660 2141 1704 decoratis
2173 1659 2278 1704 viris
2317 1665 2409 1703 tam
2447 1659 2738 1703 hereditatem
2795 1671 2898 1702 uam

1559 1723 1571 1761 1
1622 1718 1815 1773 legatum
1845 1730 1923 1761 seu
1952 1715 2340 1760 fideicommissum
2370 1716 2561 1771 relinqui
2589 1728 2737 1772 posse.
2839 1713 2900 1758 ud

1552 1774 1831 1818 adiciendum
1875 1777 1954 1825 est,
1999 1778 2062 1824 ut,
2107 1772 2182 1828 qui
2228 1785 2281 1815 ex
2324 1777 2589 1816 testamento
2626 1771 2696 1815 vel
2735 1771 2792 1815 ab
2829 1771 2897 1816 in-

1551 1835 1715 1874 testato
1754 1830 1882 1873 heres
1918 1828 2132 1880 extiterit,
2176 1829 2259 1871 etsi
2297 1829 2504 1872 voluntas
2545 1828 2742 1872 defuncti
2778 1826 2900 1871 circa

1551 1887 1698 1942 legata
1737 1898 1815 1929 seu
1853 1884 2194 1928 fideicommissa
2232 1897 2311 1927 seu
2347 1884 2575 1928 libertates
2610 1884 2779 1940 legibus
2809 1897 2899 1928 non

1553 1943 1611 1986 sit
1638 1941 1841 1994 subnixa,
1870 1947 2032 1993 tamen,
2063 1940 2102 1984 si
2126 1953 2209 1984 sua
2235 1944 2392 1995 sponte
2418 1940 2659 1995 agnoverit,
2689 1939 2899 1998 implendi

1555 2011 1650 2042 eam
1687 1998 1996 2042 necessitatem
2026 1996 2204 2040 habeat.
2265 1995 2311 2040 S.
2344 1997 2429 2040 d.¹⁸
2468 1995 2511 2039 lc.
2544 1995 2630 2040 Iul.
2666 1994 2898 2040 Thessalo-

1556 2055 1684 2098 nicae
1716 2052 1937 2097 Gratiano
1972 2064 2003 2096 ν
2025 2058 2071 2097 et
2101 2051 2349 2096 Theodosio
2379 2053 2472 2097 AA.
2504 2065 2647 2096 conss.
2709 2055 2766 2104 [a.
2799 2054 2896 2104 380]

1613 2107 1675 2156 17
1714 2108 1896 2173 ²⁹Impp.
1927 2108 2153 2153 Arcadius
2190 2115 2236 2153 et
2270 2107 2507 2152 Honorius
2545 2109 2636 2152 AA.
2668 2106 2898 2152 Aeternali

1544 2165 1814 2223 proconsuli
1847 2165 1993 2208 Asiae.
2054 2164 2386 2208 Testamentum
2425 2177 2514 2207 non
2553 2164 2652 2207 ideo
2685 2162 2900 2206 infirmari

1554 2222 1743 2273 debebit,
1769 2220 1887 2277 quod
1913 2220 2096 2264 diversis
2121 2221 2206 2264 hoc
2233 2220 2440 2263 deficiens
2466 2219 2716 2262 nominibus
2743 2217 2898 2274 appel-

1553 2277 1683 2329 lavit,
1724 2290 1826 2320 cum
1865 2275 2091 2331 superflua
2126 2289 2217 2319 non
2257 2281 2463 2319 noceant.
2522 2287 2712 2330 namque
2745 2286 2898 2319 neces-

1553 2333 1671 2376 saria
1712 2332 2026 2387 praetermissa
2064 2331 2328 2374 imminuunt
2372 2334 2629 2375 contractus
2674 2335 2718 2374 et
2760 2332 2899 2375 testa-

1551 2389 1661 2432 toris
1707 2387 1911 2431 officiunt
1953 2387 2189 2439 voluntati,
2243 2400 2335 2431 non
2378 2387 2613 2431 abundans
2657 2387 2835 2431 cautela
2845 2387 2898 2431 ²⁰.

1554 2443 1606 2488 D.
1639 2456 1718 2488 xl!
1766 2442 1809 2486 lc.
1841 2443 1985 2502 April.
2025 2442 2224 2487 Arcadio
2265 2455 2355 2486 1111
2390 2449 2435 2487 et
2470 2442 2680 2487 Honorio
2711 2454 2783 2487 ιη
2805 2444 2898 2489 AA.

1554 2513 1697 2544 conss.
2727 2513 2768 2543 a.
2801 2502 2883 2544 396

1612 2553 1674 2604 18
1707 2554 1875 2599 2¹Idem
1899 2556 1990 2599 AA.
2008 2555 2236 2613 Africano
2256 2569 2340 2622 pu.
2386 2555 2674 2600 Testamenta
2704 2503 2902 2600 (ξιιιῐιίιι1ιέ

1553 2616 1811 2668 ceteraque,
1868 2624 1981 2667 quae
2025 2610 2147 2666 apud
2191 2610 2387 2655 officium
2432 2611 2640 2656 censuale
2681 2611 2901 2669 publicari

1553 2669 1720 2721 solent,
1761 2668 1805 2711 in
1849 2667 2002 2711 eodem
2031 2669 2357 2711 reserventur2³
2391 2681 2474 2712 nec
2503 2680 2692 2724 usquam
2721 2668 2899 2725 permit-

1552 2729 1676 2768 tatur
1714 2724 1812 2767 fieri
1850 2723 1942 2767 ulla
1981 2723 2230 2767 translatio.
2299 2737 2394 2768 mos
2429 2737 2617 2780 namque
2644 2723 2901 2769 retinendus

1552 2786 1622 2824 est
1650 2780 1932 2824 fidelissimae
1960 2780 2207 2831 vetustatis,
2251 2793 2378 2836 quem
2408 2780 2447 2824 si
2477 2780 2574 2836 quis
2603 2781 2650 2824 in
2678 2781 2764 2825 hac
2791 2781 2901 2825 urbe

1553 2837 1740 2880 voluerit
1777 2836 2012 2879 immutare
2026 2870 2037 2890 ,
2078 2835 2248 2878 irritam
2283 2842 2561 2880 mortuorum
2592 2836 2730 2881 videri
2767 2836 2900 2882 faciet

1554 2893 1835 2937 voluntatem.
1907 2890 1961 2935 D.
2003 2892 2099 2934 VJ2⁴
2144 2890 2187 2935 lc.
2224 2890 2315 2935 Oct.
2361 2891 2756 2951 Constantinopoli
2794 2892 2898 2937 Cae-

1553 2949 1676 2992 sario
1709 2954 1754 2992 et
1782 2948 1932 2992 Attico
1964 2961 2106 2991 conss.
2710 2951 2767 3002 [a.
2801 2952 2898 3002 397]

1613 3002 1676 3052 19
1696 3003 1885 3061 2⁵Jmpp.
1906 3002 2140 3047 Honorius
2156 3010 2201 3047 et
2218 3002 2494 3047 Theodosius
2504 3006 2595 3048 AA.
2610 3002 2808 3048 Iohanni
2811 3019 2896 3064 pp.

1555 3060 1759 3104 Omnium
1803 3064 2168 3103 testamentorum
2208 3059 2547 3104 sollemnitatem
2585 3073 2798 3116 superare
2836 3060 2898 3105 vi-

1553 3117 1732 3169 deatur,
1775 3119 1892 3172 quod
1929 3117 2145 3160 insertum
2183 3128 2306 3159 mera
2337 3115 2424 3160 fide
2450 3115 2660 3182 precibus
2689 3116 2806 3162 inter
2831 3120 2902 3162 tot

1553 3173 1724 3217 nobiles
1775 3174 2077 3228 probatasque
2130 3185 2347 3227 personas
2402 3177 2536 3216 etiam
2579 3172 2900 3220 conscientiam

1560 3235 1572 3273 1
1639 3229 1851 3285 principis
1897 3232 2032 3279 tenet.
2108 3229 2234 3271 Sicut
2275 3228 2410 3284 igitur
2445 3241 2630 3273 securus
2673 3229 2780 3284 erit,
2824 3229 2901 3287 qui

1554 3286 1664 3329 actis
1706 3285 2023 3340 cuiuscumque
2061 3284 2220 3328 iudicis
2252 3290 2331 3328 aut
2367 3284 2641 3341 municipum
2667 3290 2746 3329 aut
2779 3285 2898 3330 auri-

1553 3342 1638 3386 bus
1681 3342 1955 3398 privatorum
1991 3341 2151 3385 mentis
2192 3353 2300 3385 suae
2342 3343 2615 3397 postremum
2654 3340 2902 3406 publicavit

1554 3398 1777 3451 iudicium,
1814 3397 1881 3441 ita
1909 3410 1993 3441 nec
2022 3397 2078 3442 de
2108 3397 2202 3441 eius
2232 3410 2441 3452 umquam
2471 3410 2753 3442 successlone
2780 3402 2898 3442 trac-

1554 3454 1743 3509 tabitur,
1782 3454 1858 3510 qui
1897 3454 2025 3498 nobis
2065 3453 2218 3497 mediis
2251 3459 2295 3497 et
2323 3457 2417 3497 toto
2446 3453 2557 3507 iure,
2590 3453 2707 3508 quod
2735 3455 2898 3499 nostris

1555 3515 1579 3555 2
1639 3515 1707 3554 est
1761 3509 1934 3555 scriniis
1980 3509 2290 3563 constitutum,
2345 3513 2460 3553 teste
2513 3509 2725 3553 succedit.
2803 3509 2899 3555 Nec

1555 3580 1663 3612 sane
1691 3566 1800 3611 illud
1824 3565 2063 3610 heredibus
2088 3578 2250 3610 nocere
2274 3566 2581 3621 permittimus,
2612 3565 2652 3608 si
2679 3565 2896 3623 rescripta

1555 3629 1708 3668 nostra
1746 3622 1856 3666 nihil
1892 3621 1946 3666 de
1986 3622 2139 3666 eadem
2176 3622 2402 3666 voluntate
2440 3621 2763 3677 responderint.
2822 3635 2895 3666 vo-

1554 3681 1750 3723 luntates
1777 3677 1939 3722 etenim
1964 3678 2190 3722 hominum
2213 3677 2366 3721 audire
2381 3677 2597 3729 volumus,
2627 3690 2718 3722 non
2731 3677 2895 3732 iubere,

1556 3749 1611 3780 ne
1640 3740 1741 3792 post
1769 3734 2031 3778 sententiam
2060 3740 2259 3779 nostram
2288 3733 2523 3779 inhibitum
2547 3733 2750 3778 videatur
2779 3746 2896 3778 com-

1554 3791 1810 3836 mutationis
1840 3790 2078 3849 arbitrium,
2112 3804 2212 3834 eum
2243 3790 2327 3834 hoc
2357 3791 2517 3845 ipsum,
2549 3790 2667 3846 quod
2689 3803 2768 3846 per
2792 3803 2895 3847 sup-

1586 3847 1838 3892 licationem
1879 3846 2046 3890 nostris
2091 3847 2274 3890 auribus
2317 3846 2567 3897 intimatur,
2618 3847 2681 3889 ita
2725 3845 2896 3890 demum

1587 3917 1728 3949 rmum
1757 3902 1828 3956 sit,
1859 3903 1897 3946 si
1925 3902 2127 3946 ultimum
2153 3904 2469 3959 comprobatur
2492 3914 2576 3946 nec
2602 3907 2758 3946 contra
2781 3901 2894 3946 iudi-

1557 3966 1580 4005 3
1626 3960 1742 4004 cium
1768 3971 1897 4003 suum
1918 3958 2156 4003 defunctus
2179 3964 2335 4015 postea
2360 3958 2532 4002 venisse
2556 3957 2786 4013 detegitur.
2827 3955 2897 4000 Ne

1555 4016 1660 4072 quid
1691 4027 1798 4059 sane
1826 4015 2175 4071 praetermisisse
2213 4014 2447 4059 credamur
2483 4013 2736 4058 huiusmodi
2770 4012 2894 4057 insti-

1554 4159 1611 4199 vit
1640 4157 1673 4197 I.
1711 4155 1983 4210 Gothofredus
2120 4159 2194 4208 (15)
2226 4162 2266 4196 et
2301 4156 2344 4208 C,
2375 4172 2448 4196 om.
2482 4157 2520 4195 R
2658 4152 2734 4206 (16)
2762 4153 2875 4195 laodl

1555 4225 1648 4253 oeae
1678 4215 1718 4262 6,
1749 4221 1786 4264 9,
1817 4222 1853 4263 9,
1882 4213 2063 4253 serdicae
2093 4213 2209 4262 Hal„
2245 4227 2317 4253 om.
2351 4214 2391 4264 6,
2422 4220 2479 4262 37,
2509 4220 2548 4253 21
2672 4209 2746 4260 (17)
2777 4211 2895 4264 iunqe

1555 4271 1597 4317 5,
1630 4278 1657 4319 1,
1688 4276 1708 4310 3
1740 4277 1777 4309 et
1805 4283 1908 4321 quae
1939 4271 1997 4310 ibi
2026 4269 2246 4309 laudantur
2400 4267 2477 4318 (18)
2516 4279 2547 4306 s.
2578 4277 2639 4306 xv
2674 4266 2779 4320 [eyes
2809 4268 2894 4307 iun-

1554 4326 1710 4378 yendae
1796 4326 1874 4375 (19)
1892 4345 1943 4360 =
1966 4325 2035 4365 Th.
2056 4326 2095 4376 4,
2114 4334 2147 4375 4,
2165 4333 2205 4366 3:
2237 4326 2355 4376 {unqe
2371 4324 2409 4373 3,
2427 4332 2479 4373 31,
2497 4331 2529 4363 11
2617 4321 2696 4372 (2ο)
2713 4325 2893 4374 praeter-

1554 4380 1677 4421 missa
1706 4392 1882 4430 namque
1906 4380 2146 4432 necessaria,
2177 4392 2261 4420 non
2287 4377 2499 4419 abundans
2523 4375 2684 4417 cautela
2707 4377 2771 4417 vel
2797 4390 2893 4419 con-

1556 4438 1712 4476 tractus
1764 4436 1976 4475 imminuit
2018 4435 2083 4475 vel
2136 4435 2343 4476 testatoris
2391 4432 2521 4473 officit
2565 4431 2772 4473 voluntati
2820 4434 2891 4475 ΤΙι.

1555 4492 1629 4542 (21)
1658 4507 1714 4523 =
1748 4489 1821 4532 Th.
1854 4494 1891 4540 4,
1924 4501 1956 4541 4,
1989 4502 2006 4533 4
2132 4494 2212 4544 (22)
2242 4489 2425 4532 omnium
2459 4488 2529 4530 Th.
2657 4490 2736 4541 (23)
2765 4501 2891 4531 reser-

1556 4549 1705 4587 ventur
1735 4544 1807 4588 Mt
1845 4563 1929 4588 cum
1970 4547 2085 4589 libris
2115 4547 2349 4601 quibusdam
2385 4545 2455 4586 Th.
2493 4554 2530 4585 et
2563 4544 2744 4652 Grae3is‚
2787 4557 2891 4642 τῗὴε-

2615 4604 2674 4650 (24
2723 4613 2770 4642 vi
2867 4631 2889 4649 .,

1870 4660 1948 4710 (25)
1978 4660 2095 4712 iunye
2130 4658 2201 4699 Th.
2238 4660 2272 4710 1,
2305 4666 2337 4710 2,
2368 4665 2422 4698 12.
2454 4656 2494 4709 2,
2525 4665 2579 4707 19,
2612 4666 2645 4697 s.
2678 4658 2716 4708 δ,
2747 4665 2799 4708 17,
2831 4665 2849 4696 4

1555 4605 1701 4644 rentur
1737 4601 1884 4643 CRM⁰
1914 4618 1998 4644 cum
2030 4604 2066 4644 S
2094 4613 2131 4644 et
2161 4603 2254 4643 aliis
2285 4601 2398 4643 libris
2433 4601 2504 4641 Th.

1555 4670 1622 4699 xu
1654 4658 1754 4699 Hal.
