3086 4732
167 202 255 253 13

170 355 194 396 3
239 347 417 448 &endiis
453 350 698 406 erogentur.
766 344 893 400 Quod
916 345 955 389 si
981 347 1189 401 testator,
1237 346 1310 402 qui
1344 345 1494 388 huius·

165 417 234 448 mo
270 404 280 415 ‘
310 403 351 448 le
381 407 503 448 atum
531 405 600 448 vel
627 401 1007 446 fideicommissum
1034 415 1124 447 non
1147 402 1371 457 designata
1393 413 1494 456 per-

166 472 275 503 sona
303 472 351 503 re
371 460 490 516 quit,
520 460 735 503 barbarae
771 456 831 500 sit
857 456 1045 502 nationis
1075 462 1120 502 et
1149 458 1204 502 de
1232 458 1324 501 eius
1352 456 1498 520 patria

165 515 311 570 aliqua
339 515 562 560 emerserit
591 511 865 567 ambiguitas,
894 511 960 556 vir
982 514 1355 558 reverentissimus
1382 525 1495 567 01118-

165 583 302 626 copus
341 570 529 614 civitatis
569 570 674 622 eius,
714 569 759 610 in
788 579 876 622 qua
903 567 1019 612 idem
1046 572 1234 614 testator
1263 568 1496 612 defunctus

166 631 252 681 est,
290 625 470 670 itidem¹
508 626 670 668 habeat
707 623 840 678 legati
868 635 946 667 seu
973 623 1293 669 fideicommissi
1324 623 1495 679 petitio-

165 694 264 725 nem
293 681 490 725 defuncti
519 678 794 735 propositum
821 679 961 722 modis
995 680 1196 724 omnibus
1224 680 1495 736 impleturus.

165 742 191 780 4
249 736 375 791 Quod
402 738 438 780 si
475 737 520 779 in
549 735 643 778 vico
673 734 741 778 vel
768 734 815 777 in
851 734 1072 779 territorio
1101 739 1288 780 testator
1316 738 1498 778 mortem

166 792 343 846 obierit,
380 792 496 834 illius
537 790 724 833 civitatis
763 789 829 833 vir
864 791 1235 835 reverentissimus
1267 791 1499 846 episcopus

165 847 436 891 exactionem
474 845 673 899 habebit,
715 846 796 889 sub
827 846 943 900 110οἳ
980 845 1103 890 vicus
1134 847 1203 891 vel
1229 847 1499 890 territorium

166 908 189 947 5
249 915 345 946 esse
383 901 666 957 dignoscitur.
724 901 786 943 Et
821 913 876 944 00
914 901 1034 957 pium
1063 901 1367 946 defunctorum
1397 914 1498 957 pro-

165 957 355 1013 positum
370 957 570 1012 improba
585 956 887 1000 fraudatorum
903 957 1141 1002 calliditate
1163 958 1342 1010 celetur,
1372 956 1498 1012 quid—

166 1013 268 1068 quid
296 1026 376 1067 pro
406 1011 656 1055 huiusmodi
686 1024 822 1056 causa
850 1025 877 1055 a
898 1016 1111 1057 testatore
1130 1014 1332 1057 relictum
1353 1012 1498 1065 fuerit,

159 1068 372 1119 universi,
405 1069 479 1124 qui
503 1068 548 1112 id
572 1081 849 1124 quocumque
876 1069 1006 1114 modo
1034 1070 1334 1125 cognoverint,
1365 1071 1434 1115 vel
1461 1070 1505 1112 in

157 1125 238 1168 viri
264 1125 495 1169 clarissimi
520 1124 707 1168 rectoris
769 1124 990 1169 revinciae
1019 1126 1090 1170 vel
1116 1126 1164 1170 in
1193 1125 1316 1170 urbis
1328 1127 1359 1151 ²⁸
1388 1126 1505 1183 epis-

167 1178 267 1233 copi
304 1179 505 1220 notitiam
535 1177 714 1221 deferen
747 1192 762 1220 1
790 1178 984 1222 habeant
1011 1179 1193 1221 liberam
1223 1179 1499 1222 facultatem:

165 1246 246 1276 nec
277 1233 482 1276 delatoris
513 1246 670 1277 nomen
701 1233 1078 1289 suspicionemque
1110 1234 1360 1287 formident,
1401 1247 1500 1277 cum

165 1289 273 1332 fides
313 1293 444 1343 atque
481 1288 698 1333 industria
737 1302 889 1332 eorum
925 1293 1014 1332 tam
1043 1289 1174 1333 laude
1205 1302 1335 1345 quam
1363 1290 1499 1333 hone-

165 1348 279 1388 state
314 1358 404 1388 non
440 1349 591 1388 careat
629 1357 682 1388 00
718 1344 884 1400 pariter
910 1344 1095 1400 pietate,
1137 1358 1236 1388 cum
1275 1345 1501 1388 veritatem

163 1401 208 1442 in
224 1400 424 1455 publicas
440 1412 568 1443 aures
584 1400 813 1456 lucemque
829 1399 1100 1443 deduxerint.
1150 1399 1205 1443 1).
1224 1412 1297 1444 XV
1315 1399 1358 1444 lc.
1377 1399 1498 1458 Sept.

167 1453 554 1513 Constantinopoli
582 1454 816 1499 Anthemio
848 1467 893 1498 ΙΙ
919 1469 1038 1499 cons.
1306 1456 1367 1512 [a.
1398 1455 1499 1510 468]

222 1508 286 1557 29
319 1507 669 1570 3Αὖτοκράτορες
707 1513 845 1552 Λέων
887 1515 961 1552 καὶ
995 1507 1228 1567 Ἀνθέμιος
1266 1514 1376 1554 ΛΑ.
1419 1509 1500 1564 Ζὴ·

165 1582 277 1609 νωνι
305 1564 558 1625 στρατηγῷ.
629 1566 683 1609 Οἱ
710 1568 759 1609 ἐν
788 1569 879 1608 τοῖς
911 1571 1224 1624 μοναστηρίοις
1252 1564 1501 1626 διατρίβον-

165 1636 235 1664 τες
269 1620 331 1677 μὴ
369 1624 594 1675 ἐχέτωσαν
633 1622 835 1672 ἐξουσίαν
874 1622 1035 1672 ἐξιέναι
1063 1624 1159 1665 τῶν
1186 1628 1504 1682 μοναστηρίων

165 1675 191 1731 ἢ
220 1680 293 1719 καὶ
322 1679 372 1719 ἐν
398 1678 453 1736 τῇ
480 1674 742 1730 Ἀντιοχέων
767 1673 794 1731 ἢ
818 1681 891 1719 καὶ
920 1679 970 1720 ἐν
995 1677 1162 1737 ἑτέραις
1185 1674 1371 1721 πόλεσιν
1397 1675 1502 1720 ἀνα-

166 1733 467 1792 στρέφεσθαι,
496 1729 886 1791 ὖπεξαιρουμένων
912 1731 1067 1789 μόνων
1096 1734 1192 1776 τῶν
1220 1732 1503 1789 καλουμένων

165 1785 281 1831 ἀποκ
311 1793 541 1847 ισιαρίων,
584 1787 645 1830 οἷς
682 1787 837 1831 ἄδειαν
875 1792 1123 1847 παρέχομεν
1157 1787 1392 1832 ἐθέλουσι4
1410 1786 1502 1842 ,διὰ

169 1848 189 1886 1
247 1805 386 1899 μΞνας
423 1840 663 1902 ἀναγκαίας
698 1840 946 1911 ἀποκρίσεις
982 1844 1179 1887 εἰσιέναι.
1257 1848 1346 1886 Καὶ
1382 1844 1503 1887 οὗτοι

167 1896 221 1940 δέ
245 1895 371 1940 αὐτοὶ
409 1898 453 1940 οἱ
489 1895 744 1954 ποιούμενοι
781 1915 859 1943 τας
894 1896 1086 1942 εἰσόδους
1115 1898 1505 1957 φυλαττέσθωσαν

166 1956 268 2011 περὶ
296 1954 536 2011 θρησκείας
564 1951 591 2008 ἢ
620 1951 837 2013 δόγματος
861 1952 1163 2013 διαλέγεσθαι,
1193 1951 1220 2009 ἢ
1243 1954 1505 2011 συμβουλαῖς

165 2022 258 2052 τισι
286 2008 395 2068 πρὸς
423 2006 581 2052 στάσιν
609 2006 636 2064 ἢ
664 2009 861 2069 ταραχὴν
882 2007 1074 2069 ὁρώσαις
1104 2010 1181 2054 τὰς
1206 2007 1504 2070 ἁπλουστέρας

229 2062 305 2117 χάς
333 2066 410 2106 τοῦ
442 2062 578 2121 δήμου
608 2070 932 2124 παρατρέπειν·
970 2063 1275 2125 γινώσκοντες,
1317 2063 1376 2109 ὥς
1403 2063 1503 2122 ἀμε-

168 2079 344 2164 Εἷντες
381 2121 477 2162 τῶν
505 2125 906 2187 προστεταγμένων
935 2120 1057 2180 παρὰ
1086 2123 1163 2176 τῆς
1201 2118 1409 2181 ἡμετέρας
1438 2119 1502 2163 εὗ-

168 2180 340 2231 σεβείας
391 2177 446 2235 τῇ
490 2191 586 2218 των
637 2172 789 2231 νόμων
829 2173 1229 2231 ὖποβληθὴσονται
1274 2175 1503 2231 αὐστηοίᾳ.

168 2230 222 2274 D.
259 2230 302 2275 k.
333 2229 434 2275 Iun.
468 2231 856 2290 Constantinopoli
892 2232 1041 2276 Leone
1075 2235 1126 2277 Α.
1159 2234 1275 2276 11115
1310 2238 1355 2276 et
1388 2217 1502 2276 Pro—

169 2284 301 2330 biano
333 2299 476 2330 conss.
1307 2289 1368 2344 [a.
1400 2287 1502 2344 471]

224 2338 289 2388 30
321 2338 424 2396 (31)
464 2340 589 2386 Idem
627 2343 749 2386 AA.⁶
787 2343 993 2387 Armasio
1016 2357 1099 2407 pp.
1169 2343 1214 2387 Si
1245 2356 1502 2399 quemquem

166 2397 233 2440 vel
261 2396 307 2440 in
335 2397 420 2439 hac
449 2398 558 2441 urbe
586 2397 707 2453 regia
735 2397 802 2441 vel
831 2398 876 2440 in
906 2402 1064 2441 ceteris
1093 2398 1348 2453 provinciis,
1391 2411 1503 2453 quae

166 2457 259 2495 toto
290 2452 396 2495 orbe
426 2452 609 2496 diffusae
638 2456 754 2505 sunt,
785 2453 841 2495 ad
870 2453 1150 2508 episcopatus
1187 2453 1371 2508 gradum
1399 2466 1502 2508 pro-

165 2506 263 2550 vehi
292 2506 373 2550 deo
403 2511 583 2551 auctore
613 2508 853 2562 contigerit,
884 2508 1008 2562 puris
1032 2508 1257 2551 hominum
1282 2509 1502 2552 mentibus

165 2561 284 2604 nuda
312 2562 534 2606 electionis
577 2563 874 2606 00080100110·1
916 2563 1087 2607 8100010
1118 2563 1311 2606 omnium
1338 2563 1500 2607 iudicio

170 2622 186 2660 1
247 2616 508 2673 proferatur.
565 2617 705 2662 Nemo
734 2618 918 2673 gradum
947 2618 1182 2662 sacerdotii
1209 2619 1340 2674 pretii
1369 2632 1501 2663 vena-

164 2672 286 2716 litate
313 2677 546 2717 mercetur:
580 2673 767 2728 qualiter
790 2674 974 2729 quisque
994 2678 1227 2728 mereatur,
1253 2687 1341 2718 non
1359 2687 1501 2730 quan-

166 2732 191 2771 2
246 2732 340 2771 tum
367 2728 472 2772 dare
497 2728 692 2772 sufficiat
711 2731 977 2774 aestimetur.
1035 2730 1242 2774 Profecto
1275 2731 1389 2773 enim
1404 2731 1500 2786 quis

164 2783 288 2827 locus
322 2787 445 2827 tutus
485 2788 530 2827 et
566 2797 679 2838 quae
716 2797 852 2828 causa
891 2797 986 2829 esse
1017 2786 1179 2840 poterit
1208 2790 1433 2838 excusata,
1464 2787 1503 2830 si

166 2838 411 2880 veneranda
449 2839 518 2880 dei
556 2840 719 2892 templa
756 2840 951 2893 pecuniis
981 2842 1319 2895 expugnantur?
1376 2854 1502 2896 quem

167 2905 338 2934 murum
376 2892 614 2947 integritati
649 2898 728 2936 aut
766 2894 925 2936 vallum
961 2895 1063 2937 fidei
1091 2895 1426 2949 providebimus,
1465 2896 1503 2940 si

167 2946 264 2989 auri
315 2959 442 2990 sacra
491 2947 629 2991 fames
677 2949 920 3003 penetralia
962 2950 1209 2993 veneranda
1249 2951 1502 3007 proserpit?

168 3001 272 3056 quid
316 3002 500 3058 denique
543 3004 721 3046 cautum
752 3016 846 3047 esse
886 3005 1051 3060 poterit
1088 3010 1166 3048 aut
1202 3018 1425 3058 securum,
1464 3006 1502 3050 si

168 3061 191 3100 3
261 3058 471 3101 sanctitas
489 3058 746 3114 incorrupta
758 3060 1082 3115 corrumpitur?
1120 3060 1272 3105 Cesset
1289 3061 1501 3106 altaribus

166 3112 389 3155 imminere
417 3112 629 3168 profanus
659 3114 791 3158 ardor
818 3115 1028 3159 avaritiae
1062 3120 1106 3159 et
1134 3128 1161 3159 a
1190 3116 1328 3160 sacris
1359 3117 1501 3173 adytis

165 3167 402 3222 repellatur
429 3168 653 3223 piaculare
681 3169 907 3224 flagitium.
965 3170 1029 3213 ita
1067 3176 1216 3216 castus
1253 3177 1298 3215 et
1325 3173 1501 3216 humilis

165 3223 326 3266 nostris
365 3223 636 3280 temporibus
676 3224 863 3279 eligatur
902 3225 1155 3282 episcopus,
1193 3231 1264 3279 ut,
1303 3228 1501 3272 locorum

165 3291 438 3334 quocumque
465 3280 730 3344 pervenerit,
772 3280 917 3324 omnia
945 3281 1060 3325 vitae
1087 3282 1292 3337 propriae
1320 3283 1499 3338 integri-

164 3338 188 3375 4
246 3338 337 3378 tate
377 3334 593 3389 purificet.
661 3335 762 3379 Non
790 3336 945 3391 pretio,
985 3337 1063 3380 sed
1091 3338 1296 3393 precibus
1327 3338 1498 3383 ordine-

163 3392 238 3432 tur
276 3389 472 3434 antistes.
541 3394 712 3434 tantum
748 3391 804 3435 ab
841 3392 1009 3436 ambitu
1049 3393 1178 3437 debet
1205 3406 1302 3438 esse
1332 3395 1498 3449 seposi—

163 3449 249 3497 tus,
279 3449 330 3488 ut
357 3450 595 3511 quaeratur
619 3447 850 3501 cogendus,
876 3453 1055 3503 rogatus
1078 3448 1266 3501 recedat,
1290 3450 1499 3494 invitatus

165 3504 188 3543 5
247 3499 438 3555 effugiat.
498 3501 602 3545 Sola
623 3501 687 3544 illi
710 3503 972 3557 suffragetur
993 3504 1229 3549 necessitas
1245 3505 1497 3549 excusandi.

164 3555 363 3610 profecto
408 3557 522 3600 enim
563 3556 767 3612 indignus
811 3564 878 3602 est
919 3560 1189 3614 sacerdotio,
1240 3561 1323 3604 nisi
1365 3561 1500 3606 fuerit

163 3610 391 3654 ordinatus
427 3612 612 3666 invitus,
651 3625 749 3655 0010
788 3626 895 3658 8000
924 3615 1121 3670 quisquis
1155 3615 1270 3659 hanc
1299 3621 1497 3661 sanctam

163 3669 207 3708 et
243 3667 535 3710 venerandam
573 3667 779 3712 antistitis
819 3669 965 3713 sedem
1001 3671 1212 3725 pecuniae
1250 3672 1494 3717 interventu

163 3720 348 3766 subiisse
374 3726 452 3765 aut
467 3722 503 3766 si
520 3723 629 3778 quis,
660 3728 710 3767 ut
738 3725 920 3767 alterum
955 3726 1177 3769 ordinaret
1204 3727 1271 3771 vel
1301 3728 1493 3783 eligeret,

156 3862 209 3913 (1)
244 3861 284 3901 et
311 3859 421 3902 idem
446 3862 488 3915 C,
518 3862 626 3904 idem
655 3861 698 3903 R
767 3863 822 3915 (2)
853 3874 935 3914 qua
963 3862 1006 3903 R
1036 3877 1120 3903 cum
1146 3863 1329 3916 Graecis,
1360 3877 1443 3917 quo
1468 3866 1504 3908 C
1575 3865 1767 3918 fuderint
1795 3879 1878 3905 cum
1909 3865 2117 3905 consulatu
2141 3864 2355 3906 Marciani
2377 3846 2431 3915 ’(0.
2448 3871 2513 3906 81.
2530 3892 2540 3903 .
2559 3864 2643 3916 ,34)

155 3919 233 3968 (2⁸)
264 3919 316 3971 cf.
336 3932 381 3970 p.
406 3928 437 3961 V
488 3920 542 3970 (3)
572 3935 603 3960 0.
622 3926 680 3968 29,
701 3935 806 3973 quae
830 3927 939 3960 extat
962 3919 1002 3959 in
1023 3918 1120 3962 Coll.
1139 3918 1197 3971 B,
1225 3921 1315 3963 huic
1337 3922 1421 3963 loco
1438 3937 1497 3962 re-

153 3974 293 4014 stituta
314 3983 372 4015 est
388 3976 624 4017 auctoritate
647 3976 801 4016 Consi„-
830 3987 1028 4016 numerum
1044 3983 1089 4016 29
1108 3977 1345 4027 confirmant
1360 3977 1495 4018 Para—

156 4029 246 4070 titla
268 4030 326 4070 ad
349 4031 481 4071 Consi.
498 4040 529 4082 1,
553 4041 567 4073 1
652 4031 782 4083 .1242)
810 4039 847 4073 et
877 4031 972 4072 libri
991 4030 1177 4084 plerique
1205 4031 1370 4076 Nomoc.
1387 4041 1437 4082 11,
1461 4041 1496 4085 4,

155 4100 241 4125 cum
265 4086 343 4126 alii
370 4087 543 4129 habeant
571 4102 619 4128 κε
637 4121 645 4130 .
666 4089 852 4141 temporis
882 4087 1037 4141 quidem
1059 4089 1216 4129 ratione
1235 4088 1375 4130 habita
1398 4103 1432 4130 0.
1450 4097 1493 4130 29

155 4149 192 4180 et
213 4148 258 4182 80
290 4144 503 4195 transponi
526 4144 690 4185 debent.-
718 4145 923 4185 videamus
950 4151 1091 4193 tamen,
1121 4157 1168 4183 ne
1192 4159 1305 4185 error
1323 4146 1377 4186 sit
1393 4159 1495 4185 com-

152 4198 385 4249 pilatorum,
413 4199 486 4252 qui
508 4201 751 4240 consulatum
769 4199 946 4240 Zenonis
966 4207 1003 4239 et
1019 4198 1232 4239 Marciani
1248 4201 1297 4250 (c.
1315 4202 1376 4251 30)
1403 4215 1494 4241 con-

1507 189 1575 249 22

2520 205 2596 243 Dm
2630 203 2914 244 EPISCOPIS

1579 339 1747 441 011ῗὲ1111
1776 339 2000 395 accepisse
2029 340 2260 398 detegitur,
2291 342 2348 386 ad
2376 341 2517 385 instar
2532 340 2698 398 publici
2720 338 2913 385 0110110111

1579 402 1624 442 01
1691 408 1794 441 0800
1812 396 2054 441 maiestatis
2078 398 2360 442 accusatione
2381 396 2611 453 proposita
2633 409 2661 440 a
2679 396 2821 453 gradu
2841 407 2913 441 80-

1581 459 1606 498 6
1649 451 1832 497 cerdotii
1844 451 2109 497 retrahatur.
2147 452 2242 498 Nec
2262 454 2349 498 hoc
2373 453 2513 497 solum
2530 452 2734 508 deinceps
2748 453 2916 496 honore

1579 508 1757 566 privari,
1783 506 1862 552 sed
1875 510 2116 563 perpetuae
2130 522 2302 565 quoque
2318 508 2525 552 infamiae
2547 507 2747 551 damnari
2763 507 2914 552 decer·

1580 566 1734 618 nimus,
1764 567 1816 606 ut
1839 574 1928 627 eos,
1955 575 2063 618 quos
2087 563 2260 608 facinus
2281 578 2364 620 par
2394 563 2646 619 coinquinat
2667 566 2713 607 et
2738 572 2768 608 a
2822 566 2915 616 uat,

1581 626 1791 675 utrosque
1819 617 1971 662 similis
2033 631 2144 665 oena
2178 621 2420 665 comitetur.
2479 619 2533 664 D.
2573 630 2667 663 VJJJ
2690 617 2750 663 id.
2829 620 2915 662 art.

1584 674 1875 721 Constantino
1912 673 1975 718 oli
2027 688 2168 720 enone
2183 680 2228 721 et
2240 675 2478 720 Marciano
2497 675 2663 719 conss.⁸
2733 673 2795 731 [a.
2812 671 2916 730 469]

1639 728 1699 777 31
1735 727 1835 783 (32)
1893 729 1991 773 dem
2004 731 2118 774 AA.⁹
2145 730 2368 776 Dioscoro
2416 745 2467 789 p.
2527 728 2918 786 Orphanotrophos

1582 788 1710 831 huius
1749 785 1927 829 inclitae
1961 785 2085 830 urbis
2114 786 2235 830 nulla
2264 787 2384 832 subti
2404 787 2507 830 ‘tate
2543 786 2651 830 iuris
2681 785 2920 830 obsistente

1583 855 1734 887 eorum
1763 840 1940 897 quidem
1969 842 2044 896 qui
2069 842 2228 907 pupilli
2257 848 2360 886 sunt
2375 842 2503 898 quasi
2529 846 2714 894 tutores,
2744 839 2918 905 01111108-

1583 898 1773 943 centium
1811 909 1914 940 vero
1954 909 2082 951 quasi
2110 902 2336 942 curatores
2365 899 2460 943 81110
2495 898 2586 942 0110
2624 896 2920 940 fideiussionis

1581 953 1830 1010 gravamine
1857 952 1904 995 in
1933 953 2252 1008 emergentibus
2273 954 2417 998 causis
2440 957 2531 997 tam
2550 953 2597 997 in
2611 950 2774 996 iudicio
2789 962 2921 1017 quam

1585 1014 1706 1054 extra
1742 1007 1974 1059 iudicium,
2011 1013 2063 1051 ut
2099 1020 2211 1064 opus
2251 1010 2462 1065 exegerit,
2502 1009 2559 1053 ad
2596 1006 2920 1072 similitudmem

1582 1065 1740 1109 tutoris
1784 1067 1829 1108 et
1873 1063 2088 1107 curatoris
2131 1077 2343 1119 personas
2380 1069 2425 1108 et
2461 1064 2636 1120 negotia
2674 1075 2837 1115 eorum,
2882 1074 2921 1106 81

1586 1134 1672 1176 qua
1700 1119 1872 1186 possint
1899 1119 2076 1171 habere,
2108 1119 2339 1164 defendere
2367 1132 2421 1164 00
2449 1120 2670 1164 vindic-are
2696 1119 2919 1163 iubemus:

1584 1179 1645 1220 ita
1681 1175 1904 1226 V1delicct‚
1944 1178 1996 1217 ut
2031 1176 2339 1230 praesentibus
2377 1176 2564 1231 publicis
2612 1174 2835 1231 personis,
2875 1173 2922 1216 id

1585 1236 1651 1277 081
1678 1230 1920 1282 10110101118,
1952 1234 2029 1273 001
2056 1230 2443 1274 intervenientibus
2471 1231 2603 1287 gestis
2637 1230 2684 1274 in
2710 1230 2796 1273 1100
2825 1229 2921 1284 qui-

1587 1289 1683 1332 dem
1720 1287 1873 1330 inclita
1914 1286 2024 1329 urbe
2053 1285 2172 1342 apud
2199 1287 2338 1329 virum
2380 1285 2748 1342 perfectissimum
2788 1284 2922 1340 magi-

1586 1347 1725 1388 strum
1755 1355 1933 1394 census,
1969 1341 2017 1384 in
2053 1341 2291 1397 provinciis
2319 1355 2423 1386 vero
2459 1341 2579 1397 apud
2624 1341 2922 1386 moderatores

1586 1412 1738 1443 earum
1766 1399 1834 1442 vel
1864 1397 2116 1441 defensores
2144 1397 2346 1441 locorum
2372 1409 2443 1441 res
2473 1410 2624 1441 eorum
2652 1397 2715 1441 eis
2741 1394 2922 1440 tradan-

1585 1460 1672 1508 tur,
1709 1467 1736 1497 a
1774 1454 1930 1510 quibus
1961 1457 2064 1497 sunt
2093 1452 2426 1497 custodiendae:
2465 1455 2527 1506 ut,
2558 1452 2597 1497 si
2625 1464 2734 1508 quas
2763 1463 2923 1496 earun-

1588 1511 1684 1554 dem
1713 1523 1859 1554 rerum
1886 1513 2070 1565 propter
2107 1509 2235 1553 fenus
2265 1508 2452 1552 forsitan
2480 1508 2550 1553 vel
2579 1508 2709 1552 aliam
2735 1518 2923 1563 urguen-

1586 1572 1674 1610 tem
1696 1578 1874 1609 causam
1887 1565 1955 1608 vel
1981 1577 2032 1609 eo
2057 1564 2175 1620 quod
2198 1564 2364 1608 servari
2379 1577 2468 1608 non
2482 1567 2670 1620 possunt
2685 1562 2925 1607 alienare¹⁰

1587 1621 1912 1678 perspexerint,
1966 1620 2090 1675 prius
2133 1620 2286 1664 habita
2328 1620 2631 1664 aestimatione
2670 1618 2822 1663 licebit
2861 1617 2925 1662 018

1588 1676 1864 1721 alienationis
1893 1676 2005 1719 inire
2021 1679 2308 1728 contractum,
2338 1680 2389 1719 ut
2416 1675 2558 1732 pretia
2582 1675 2783 1720 eorum¹¹
2811 1685 2925 1730 quae

1588 1733 1742 1777 exinde
1780 1732 2067 1787 colliguntur,
2109 1732 2164 1775 ab
2205 1731 2342 1775 isdem
2371 1731 2572 1787 personis
2603 1729 2922 1775 custodiantur.

1591 1794 1609 1832 1
1670 1787 1930 1832 Huiusmodi
1958 1790 2107 1831 autem
2133 1787 2254 1843 pium
2291 1791 2424 1842 atque
2452 1786 2702 1842 religiosum
2731 1785 2925 1830 officium

1585 1857 1666 1900 pro
1703 1848 1900 1899 tempore
1936 1843 2319 1899 orphanotrophos
2357 1843 2421 1886 ita
2457 1854 2668 1898 peragere
2707 1840 2923 1892 convenit,

1586 1904 1637 1944 ut
1673 1899 1848 1942 minime
1886 1898 2126 1942 ratiociniis
2162 1898 2424 1943 tutelaribus
2465 1911 2543 1941 seu
2572 1897 2874 1942 curationibus
2890 1897 2926 1922 ¹²

1586 1955 1765 2000 obnoxii
1794 1955 1892 1998 sint.
1961 1967 2092 2010 grave
2121 1954 2235 1998 enim
2265 1958 2396 2009 atque
2423 1954 2622 2009 iniquum
2658 1957 2726 1997 est
2755 1951 2925 1997 callidis

1587 2010 1882 2067 quorundam,
1922 2011 1962 2055 si
1996 2010 2060 2053 ita
2104 2010 2357 2065 contigerit,
2408 2008 2806 2053 machinationibus
2849 2020 2924 2053 008

1586 2066 1752 2120 vexari,
1793 2066 1868 2130 qui
1904 2070 2087 2121 propter
2124 2065 2323 2109 timorem
2353 2064 2422 2109 dei
2451 2077 2478 2108 a
2505 2063 2764 2120 parentibus
2794 2067 2926 2119 atque

1587 2121 1844 2166 substantiis
1870 2121 2104 2165 destitutos
2133 2121 2323 2165 minores
2352 2124 2602 2165 sustentare
2630 2132 2684 2165 ac
2698 2119 2818 2164 velut
2877 2131 2925 2163 a·

1586 2182 1712 2221 terna
1740 2176 1989 2221 adfectione
2016 2177 2207 2221 educare
2230 2176 2455 2221 festinant.
2513 2175 2569 2220 D.
2585 2175 2628 2220 lc.
2647 2174 2792 2220 Iun.²⁸
2847 2188 2926 2220 on-

1585 2233 1785 2277 stantino
1821 2233 1884 2277 oli
1911 2231 2149 2276 Marciano
2180 2245 2300 2276 cons.
2728 2230 2790 2288 [a.
2821 2229 2925 2287 472]

1629 2287 1695 2337 32
1727 2286 1774 2341 (3
1815 2290 1832 2339 )»
1866 2283 2136 2329 ¹⁷1demAA.
2156 2285 2472 2352 Erythrszp.
2519 2283 2696 2337 Omnes,
2725 2283 2803 2340 qui
2826 2284 2924 2328 ubi-

1588 2344 1820 2398 cumque¹⁴
1858 2346 1964 2387 sunt
2000 2342 2070 2387 vel
2106 2341 2292 2398 posthac
2320 2342 2484 2387 fuerint
2512 2341 2784 2386 orthodoxae
2823 2339 2924 2386 fidei

1588 2397 1841 2443 sacerdotes
1872 2402 1918 2442 et
1947 2398 2108 2450 clerici,
2140 2398 2453 2453 cuiuscumque
2481 2397 2644 2452 gradus
2675 2401 2791 2450 sunt,
2830 2409 2924 2440 mo-

1587 2453 1717 2496 nachi
1756 2465 1932 2508 quoque
1966 2453 2013 2496 in
2053 2453 2199 2497 causis
2239 2453 2436 2497 civilibus
2477 2466 2531 2497 ex
2558 2452 2720 2497 nullius
2749 2451 2924 2508 penitus

1588 2508 1765 2552 maioris
1794 2508 2028 2552 minorisve
2064 2508 2281 2552 sententia
2309 2508 2466 2552 iudicis
2495 2507 2554 2551 ad
2581 2511 2792 2552 extranea
2812 2506 2924 2552 iudi-

1587 2564 1656 2607 cia
1692 2563 2010 2619 pertrahantur
2048 2568 2127 2606 aut
2160 2563 2435 2619 provinciam
2462 2563 2531 2607 vel
2567 2563 2713 2608 locum
2750 2565 2830 2608 aut
2856 2575 2925 2606 re·-

1585 2619 1758 2673 gionem
1787 2632 1918 2675 quam
1946 2619 2150 2663 habitant
2177 2620 2297 2663 exire
2327 2623 2554 2675 cogantur.
2599 2619 2746 2663 nullus
2775 2631 2926 2664 eorum

1587 2675 1794 2719 ecclesias
1830 2675 1900 2719 vel
1936 2675 2202 2719 monasteria
2229 2675 2430 2731 propria,
2469 2686 2581 2730 quae
2609 2674 2830 2730 religionis
2858 2674 2926 2718 in-

1585 2730 1701 2774 tuitu
1725 2730 1942 2782 habitant,
1964 2731 2211 2785 relinquere
2234 2730 2472 2774 miserabili
2496 2730 2758 2775 necessitate
2772 2730 2924 2776 iubea-

1586 2790 1671 2838 tur,
1712 2786 1791 2829 sed
1829 2785 1948 2842 apud
1987 2799 2091 2830 suos
2129 2786 2295 2830 iudices
2326 2785 2585 2838 ordinarios,
2615 2785 2701 2830 hoc
2730 2789 2798 2830 est
2824 2798 2925 2841 pro-

1585 2841 1823 2884 vinciarum
1846 2845 2055 2893 rectores,
2081 2841 2190 2885 locis
2214 2841 2373 2896 quibus
2397 2841 2559 2896 degunt
2583 2844 2627 2885 et
2641 2841 2926 2886 ecclesiarum

1585 2896 1837 2940 ministeriis
1868 2896 2171 2940 obsecundant
2188 2899 2232 2951 ¹⁵,
2263 2896 2505 2940 01001011116
2534 2899 2691 2941 contra
2719 2908 2768 2942 se
2795 2909 2924 2952 agen-

1584 2951 1694 2994 tium
1732 2951 1978 3007 suscipiant
2015 2952 2235 3004 actiones,
2275 2956 2326 2996 ut
2361 2952 2429 2995 his
2458 2952 2615 2996 saltem
2642 2952 2764 2997 horis
2793 2957 2925 3010 atque

1585 3007 1868 3062 temporibus,
1909 3007 2067 3063 quibus
2104 3007 2332 3062 religiosos
2360 3008 2477 3052 viros
2507 3020 2534 3050 a
2562 3008 2818 3052 turbulenta
2845 3007 2924 3053 ob-

1585 3061 1832 3106 servatione
1861 3063 2074 3118 praetorii
2098 3075 2256 3107 vacare
2287 3063 2518 3118 contigerit
2548 3076 2734 3119 cumque
2763 3076 2838 3108 008
2867 3063 2923 3107 011

1584 3122 1758 3173 1010ρο8
1794 3118 2033 3174 petitorum
2068 3119 2253 3163 intentio
2295 3119 2566 3164 calumniosa
2592 3119 2826 3172 laxaverit,
2866 3119 2925 3163 ad

1585 3186 1666 3217 sua
1695 3186 1742 3218 se
1771 3175 2038 3218 monasteria
2076 3178 2120 3218 et
2147 3175 2416 3219 venerabiles
2452 3174 2664 3220 ecclesias
2694 3173 2922 3219 conferen-

1583 3233 1651 3273 tes
1681 3229 1871 3284 sapienti
1900 3230 2061 3282 animo‚
2091 3230 2346 3285 precatione
2369 3230 2557 3275 sollicita
2580 3229 2842 3286 faciliusque
2868 3229 2923 3274 de

1584 3284 1783 3339 proximo
1819 3286 2116 3330 sacrosanctis
2155 3285 2370 3329 altaribus
2408 3285 2709 3330 obsecundent
2741 3284 2789 3330 in
2829 3284 2923 3331 suis

1589 3345 1602 3381 1
1666 3339 1835 3384 laribus
1880 3346 1924 3384 et
1967 3340 2194 3386 domiciliis
2239 3341 2479 3386 constituti.
2555 3341 2609 3385 In
2650 3341 2735 3386 hac
2778 3344 2924 3386 autem

1582 3395 1703 3451 regia
1739 3396 1850 3440 urbe
1887 3396 1926 3440 si
1965 3397 2141 3452 quando
2181 3397 2497 3453 cuiuscumque
2531 3397 2597 3441 rei
2636 3409 2773 3441 causa
2806 3396 2923 3452 epis-

1584 3464 1719 3507 copos
1748 3452 1817 3496 vel
1845 3452 2128 3510 presbyteros
2159 3458 2416 3509 ceterosque
2445 3452 2643 3505 clericos,
2669 3452 2746 3508 qui
2773 3464 2922 3497 sacro-

1583 3507 1749 3551 sanctis
1778 3507 1976 3552 ecclesiis
2007 3509 2324 3564 obsequuntur,
2354 3508 2445 3553 sive
2473 3509 2714 3552 monachos
2743 3520 2799 3553 ex
2825 3507 2921 3552 aliis

1583 3562 1932 3618 quibuscumque
1982 3564 2217 3619 provinciis
2276 3563 2506 3618 contigerit
2553 3563 2756 3619 reperiri,
2810 3571 2921 3619 quos

1580 3622 1728 3662 tamen
1765 3618 1811 3662 in
1849 3619 1969 3662 litem
2005 3619 2234 3675 quisquam
2272 3630 2429 3662 vocare
2467 3618 2679 3671 voluerit,
2717 3617 2765 3662 in
2798 3617 2920 3662 nullo

1581 3674 1667 3718 0110
1706 3673 1764 3718 811
1800 3674 1970 3717 11011001
1997 3676 2260 3719 memoratos
2302 3674 2503 3730 cuiquam
2539 3673 2717 3729 pulsare
2742 3673 2920 3726 iudicio,

1580 3729 1662 3772 nisi
1691 3728 1738 3772 in
1767 3732 1869 3773 tuae
1906 3729 2187 3774 sublimitatis
2227 3729 2456 3772 dumtaxat
2489 3728 2703 3783 examine,
2745 3729 2823 3775 uhi
2857 3729 2919 3774 eis

2784 3864 2839 3915 (4)
2864 3863 2926 3906 εἰς

1582 3916 1662 3964 τὰς
1690 3915 1840 3965 πόλεις
1869 3921 1946 3964 ins.
1977 3919 2023 3962 Β
2108 3921 2164 3973 (5)
2196 3933 2226 3961 v
2258 3920 2352 3961 libri
2445 3920 2501 3970 (6)
2531 3930 2567 3961 a.
2597 3919 2693 3960 libri
2785 3918 2839 3971 (7)
2865 3919 2924 3960 sic

1585 3978 1678 4018 dett.
1707 3991 1791 4017 cum
1822 3974 2006 4029 Graecis,
2027 3975 2200 4016 scientia
2223 3974 2340 4018 PCR
2415 3975 2471 4027 (8)
2503 3990 2551 4016 ne
2576 3983 2709 4016 muta:
2738 3975 2924 4028 ‹finnt-8

1583 4033 1640 4083 (9)
1672 4044 1708 4072 0.
1741 4031 1838 4072 libri
1928 4034 2002 4082 (10)
2032 4030 2208 4073 alienari
2237 4030 2384 4083 debere
2411 4045 2490 4072 scr.
2576 4032 2644 4082 (11)
2675 4041 2816 4071 earum
2842 4044 2923 4072 scr.

1584 4090 1657 4139 (12)
1695 4086 1915 4128 curatoriis
1955 4087 2173 4129 Mommsen
2216 4102 2302 4130 cum
2345 4087 2478 4128 Consi.
2615 4087 2689 4136 (18)
2728 4087 2781 4140 qs:
2813 4100 2860 4139 p.
2896 4093 2926 4128 V

1584 4148 1654 4191 (14)
1685 4144 1744 4184 sie
1762 4142 1814 4192 L,
1845 4141 2000 4194 ubique
2023 4142 2143 4185 PCR
2198 4143 2272 4195 (15)
2299 4139 2579 4183 obsecundent
2610 4142 2705 4183 libri
2758 4141 2834 4193 (10)
2861 4141 2922 4182 eie

1582 4198 1643 4240 M
1655 4213 1740 4240 cum
1768 4197 1951 4250 Graecis,
1981 4198 2248 4250 omniumque
2278 4197 2394 4239 PCR
2451 4197 2522 4249 (17)
2554 4197 2672 4252 iunye
2701 4211 2733 4238 0.
2756 4204 2799 4239 83
2830 4196 2869 4239 11.
2891 4203 2918 4239 t.

1555 4299 1559 4301 -
1569 4295 1689 4303 ,ι---ω-Δ-4

160 4304 240 4312 ...ν

218 4351 281 4401 29
321 4354 467 4421 Impp.
512 4355 603 4400 Leo
653 4360 698 4401 et
734 4355 992 4400 Anthemius
1018 4356 1111 4400 ΑΑ.
1158 4355 1329 4401 Zenoni
1378 4356 1492 4402 duci.

163 4408 241 4461 Iis,
271 4411 348 4467 qui
374 4425 423 4455 m
450 4411 732 4456 monasteriis
760 4411 949 4469 dequnt,
987 4423 1080 4455 non
1115 4410 1247 4456 liceat
1274 4418 1494 4457 monaste-

163 4463 245 4506 riis
273 4466 423 4521 eqredi
460 4466 530 4511 vel
557 4466 691 4511 etiam
725 4466 773 4509 in
801 4465 1079 4510 Antiochena
1108 4465 1262 4511 aliisve
1304 4467 1495 4514 eivitati-

164 4518 244 4560 bus
272 4522 465 4565 versari:
491 4522 692 4580 exeeptis
719 4520 828 4565 solis
857 4520 1190 4579 aproorisiariis
1228 4523 1304 4578 qui
1332 4536 1495 4568 vocan-

1576 4356 1667 4455 ipslfi
1726 4356 1773 4400 ui
1799 4355 2137 4457 iniqrgdiuntiurt
2146 4359 2460 4455 00111000ξὶάῖἒὲ
2468 4352 2915 4454 deuzzliffsgegautgu

1577 4426 1676 4511 iiim
1706 4424 2053 4512 ἶὲἵῑῗιιῖηιιιίῗῧῖι
2062 4422 2586 4529 θὸηέἕητοὲφρίίοίὲνεε
2611 4475 2680 4529 1²⁰
2716 4463 2780 4528 uli
2800 4463 2914 4528 'ani-

1578 4535 1674 4566 mos
1694 4526 1974 4581 pervertant,
2003 4534 2102 4566 cum
2129 4521 2290 4574 sciant,
2318 4533 2357 4563 si
2375 4523 2560 4564 nostrae
2580 4532 2660 4583 pte
2679 4522 2770 4563 aas
2791 4531 2914 4562 tussa

166 4577 261 4626 tur,
311 4575 468 4629 quibus
519 4576 741 4621 licentiam
793 4575 972 4629 damus,
1025 4575 1066 4619 si
1107 4575 1263 4630 velint,
1276 4582 1496 4676 ‘Zropter
1570 4577 1971 4636 praetermiserint,
2002 4575 2143 4635 lequm
2175 4574 2404 4622 severitati
2430 4588 2477 4619 se
2506 4573 2657 4618 subiet.

170 4631 183 4670 1
247 4630 518 4674 necessarias
558 4636 701 4675 tamen
740 4631 969 4689 apocrises
1004 4630 1216 4675 intrandi.
1336 4647 1421 4689 que
1449 4631 1496 4675 1ιὶ
