3080 4770
180 182 301 237 VIII
343 181 399 228 10

172 339 466 385 superponere
494 327 633 381 potes,
666 323 899 367 observata
928 327 1072 366 tamen
1102 321 1284 382 forman
1306 328 1393 371 qua
1424 327 1495 359 ce-

170 386 253 429 teri
279 394 411 438 super
439 382 597 424 balnea
622 377 854 421 aedificare
887 378 1199 434 permittuntur
1216 376 1241 424 ¹,
1271 372 1317 415 1d
1350 374 1420 415 est
1447 375 1499 414 ut

170 436 484 485 concamaratis
521 433 851 489 superinstruas
888 437 932 476 et
959 432 1057 488 ipsa
1096 440 1376 491 concameres
1415 439 1497 491 nec

167 493 342 539 modum
376 492 585 536 usitatum
624 487 869 544 altitudinis
909 487 1109 531 excedas.
1176 482 1269 526 ΡΡ.
1301 497 1396 527 sine
1425 482 1498 527 die

167 557 210 595 et
223 562 683 662 {offl.eAleaeander
710 598 761 642 A.
794 597 998 655 Dioqeni.
1058 594 1326 650 Negotiandi
1362 606 1498 661 cau-sa

166 660 363 706 aedificia
400 656 596 701 demoliri
634 659 936 702 et.marmora
969 651 1202 695 detrahere
1232 650 1377 694 edicto
1408 650 1497 694 divi

165 715 423 773 Vespasiani
452 717 496 756 et
524 714 703 755 senatus
736 709 937 752 consulto
964 707 1146 751 vetitum
1171 709 1252 751 est.
1301 710 1496 751 ceterum

165 774 217 817 de
260 772 346 815 alia
390 771 515 815 domo
559 769 603 810 in
647 766 777 809 aliam
820 763 1062 807 transferre
1106 763 1324 819 quaedam
1362 763 1495 807 licere

165 831 392 882 exceptum
431 828 517 868 est:
562 822 639 866 sed
677 833 758 865 nec
796 819 982 864 dominis
1011 819 1076 863 ita
1105 819 1349 863 transferre
1377 819 1494 871 licet,

163 890 214 928 ut
247 881 424 938 integris
464 878 672 924 aedificiis
711 876 922 933 depositis
969 875 1176 933 publicus
1225 875 1496 920 deformetur

163 941 410 995 adspectus.
455 934 547 979 ΡΡ.
565 946 623 977 XI
634 933 675 977 lc.
697 932 795 976 Ian.
813 932 1079 977 Alexandro
1096 933 1146 975 A.
1165 945 1286 976 cons.
1319 936 1376 985 [a.
1397 935 1493 983 222]

219 993 247 1042 3
293 993 434 1037 ²Iclem
476 991 527 1034 A.
568 991 694 1048 Apro
739 993 924 1033 evocato
938 989 967 1031 ³.
1040 989 1112 1030 An
1157 988 1203 1031 in
1246 992 1389 1032 totum
1442 999 1495 1030 ex

161 1051 288 1094 ruina
327 1049 477 1092 domus
517 1045 694 1090 licuerit
723 1058 813 1088 non
843 1044 1025 1089 eandem
1054 1044 1212 1087 faciem
1242 1044 1287 1088 in
1318 1043 1495 1087 civitate

161 1107 402 1158 restituere,
433 1103 508 1147 sed
537 1103 582 1145 in
610 1102 787 1145 hortum
817 1104 1084 1153 convertere,
1116 1104 1161 1143 et
1189 1112 1246 1142 an
1276 1100 1362 1143 hoc
1388 1112 1492 1143 con-

162 1176 290 1207 sensu
332 1164 436 1204 tunc
479 1159 814 1212 magistratuum
859 1170 948 1200 non
990 1155 1344 1212 prohibentium,
1388 1156 1494 1199 item

159 1219 398 1261 vicinorum
427 1215 594 1258 factum
624 1213 702 1266 sit,
733 1225 932 1269 praeses,
973 1211 1175 1268 probatis
1205 1212 1274 1256 1118
1306 1224 1418 1266 quae
1446 1212 1494 1255 in

160 1274 317 1330 oppido
357 1271 607 1326 frequenter
644 1270 691 1312 in
722 1269 875 1313 eodem
903 1280 1064 1324 genere
1094 1267 1494 1312 controversiarum

160 1333 331 1373 servata
373 1330 496 1380 sunt,
539 1338 676 1369 causa
720 1325 896 1380 cognita
940 1326 1121 1368 statuet.
1193 1323 1287 1367 ΡΡ.
1337 1336 1410 1368 vl]
1449 1324 1491 1367 lc.

156 1385 297 1443 April.
332 1383 510 1427 Iuliano
541 1387 584 1426 et
616 1379 822 1439 Crispino
853 1394 997 1425 conss.
1305 1384 1361 1433 [a.
1394 1383 1492 1433 224]

212 1439 243 1485 4
289 1439 400 1497 Imp.
447 1438 689 1496 Philippus
731 1440 783 1480 A.
828 1442 873 1480 et
914 1435 1158 1537 Philippus
1204 1435 1246 1480 C.
1306 1436 1490 1481 Victori.

156 1496 216 1550 Si,
246 1499 296 1539 ut
325 1495 555 1551 proponis,
596 1493 743 1537 socius
775 1492 963 1537 aedificii
993 1505 1020 1536 a
1078 1491 1366 1537 refectionem
1398 1493 1492 1536 eius

156 1556 355 1608 sumptus
399 1550 598 1595 conferre
642 1549 881 1603 detractat,
936 1562 1026 1592 non
1071 1549 1323 1593 necessarie
1368 1553 1493 1592 extra

156 1608 350 1652 ordinem
389 1607 470 1650 tibi
509 1605 734 1650 subveniri
773 1605 1011 1649 desideras.
1086 1605 1247 1649 etenim
1290 1605 1327 1648 si
1371 1605 1491 1649 solus

155 1663 454 1707 aedificaveris
492 1675 573 1706 nec
616 1662 734 1705 intra
776 1664 987 1717 quattuor
1024 1674 1254 1705 mensuum
1293 1667 1492 1716 tempora

155 1734 253 1763 cum
283 1718 530 1763 centesimis
566 1731 770 1761 nummus
799 1730 880 1773 pro
909 1717 1115 1772 portione
1143 1716 1256 1761 socii
1286 1722 1492 1773 erogatus

154 1776 384 1819 restitutus
427 1774 561 1817 fuerit
601 1774 689 1827 vel,
735 1773 967 1829 quominus
1011 1773 1057 1816 id
1096 1772 1241 1826 fieret,
1298 1787 1377 1829 per
1419 1787 1490 1818 80-

156 1832 272 1874 cium
314 1831 390 1874 111*
435 1830 609 1873 stetisse
654 1829 920 1883 constiterit,
966 1829 1034 1872 ius
1078 1828 1259 1873 dominii
1301 1843 1382 1885 pro
1419 1843 1491 1873 so-

155 1887 245 1931 lido
273 1886 495 1930 vindicare
522 1886 591 1930 vel
621 1885 818 1930 obtinere
852 1885 977 1928 iuxta
1005 1885 1218 1940 placitum
1248 1886 1492 1941 antiquitus

154 1943 335 1998 poteris.
394 1941 488 1986 ΡΡ.
520 1953 610 1986 IIII
645 1941 688 1986 lc.
719 1941 864 1999 April.
904 1940 1119 2000 Philippo
1150 1943 1200 1985 A.
1238 1947 1282 1985 ec
1313 1941 1490 2051 Titiam}

155 2011 297 2042 conss.
1302 2002 1357 2050 [a.
1391 2002 1469 2041 245

212 2052 242 2099 5
277 2052 440 2111 ¹⁵Impp.
458 2052 767 2096 Diocletianus
792 2058 835 2096 et
849 2051 1162 2097 Maximianus
1176 2054 1268 2096 AA.
1290 2054 1488 2098 Octavio.

155 2109 201 2153 Si
238 2109 298 2162 is,
340 2113 494 2152 contra
533 2121 662 2164 quem
689 2120 866 2163 precem
894 2108 1057 2163 fundis,
1099 2108 1244 2153 sciens
1273 2109 1489 2165 prudens-

154 2178 239 2220 que
277 2165 360 2208 soli
396 2169 567 2220 partem
605 2164 662 2207 ad
691 2167 736 2207 te
763 2164 1006 2220 pertinere,
1046 2178 1136 2208 non
1175 2165 1302 2220 quasi
1341 2166 1489 2210 socius

152 2222 220 2264 vel
265 2221 431 2275 collega
475 2220 715 2263 communis
770 2220 915 2275 operis
968 2220 1263 2264 sollicitudine
1304 2221 1489 2265 solidam

151 2276 408 2320 balneorum
447 2275 766 2318 extructionem
803 2288 856 2318 ea
890 2280 1056 2329 mente,
1097 2280 1148 2318 ut
1176 2282 1376 2331 sumptus
1405 2290 1488 2332 pro

149 2330 352 2386 portione
380 2336 458 2374 tua
486 2331 714 2386 reciperet,
746 2331 980 2386 adgressus
1009 2335 1092 2384 est,
1128 2332 1205 2374 sed
1235 2332 1371 2375 totius
1401 2333 1487 2377 loci

149 2386 386 2430 dominium
426 2397 644 2441 usurpare
683 2389 727 2430 et
766 2386 1011 2451 collapsum
1051 2386 1259 2430 balneum
1299 2387 1487 2431 refabri-

149 2454 250 2486 care
279 2442 427 2486 enisus
457 2446 548 2494 est,
583 2454 682 2484 cum
721 2441 923 2485 aedificla
959 2454 1074 2497 quae
1102 2442 1247 2487 alieno
1275 2443 1376 2487 loco
1404 2443 1485 2486 im-

147 2503 372 2553 ponuntur
401 2498 494 2542 solo
525 2497 684 2541 cedant
711 2510 795 2541 nec
824 2498 1051 2553 impensae
1076 2497 1147 2542 his
1185 2499 1259 2553 qui
1287 2500 1345 2542 im
1378 2500 1487 2543 robe

147 2554 191 2596 id
220 2554 406 2598 fecerint
432 2554 607 2598 restitui
637 2553 845 2606 debeant,
885 2553 1117 2610 antiquato
1154 2554 1243 2598 divi
1270 2555 1342 2599 Ha
1374 2556 1486 2599 riani

148 2610 289 2654 edicto
319 2622 497 2666 praeses
527 2609 780 2666 provinciae
807 2622 974 2655 memor
1007 2610 1116 2654 iuris
1147 2611 1314 2666 publici
1342 2612 1390 2656 in
1420 2612 1484 2655 di-

146 2666 344 2710 rimenda
366 2666 686 2722 disceptatione
706 2666 851 2722 legum
872 2666 1038 2722 placita
1054 2667 1288 2711 custodiet.
1319 2666 1413 2712 PP.
1439 2680 1490 2712 VI

148 2736 252 2766 non.
288 2721 378 2767 Oct.
409 2723 426 2764 i
459 2724 522 2765 sis
552 2734 642 2765 1111
668 2727 713 2766 et
742 2734 810 2765 ΙΙΙ
835 2723 929 2766 AA.
961 2735 1102 2766 conss.
1295 2727 1353 2776 [a.
1385 2728 1484 2778 290]

205 2776 235 2823 6
265 2777 378 2835 Imp.
434 2778 718 2821 onstantinus
738 2779 790 2821 A.
819 2777 1033 2845 Helpidio
1064 2780 1217 2836 aqenti
1245 2780 1383 2824 vicem
1399 2795 1483 2838 pp.

147 2834 195 2877 Si
233 2834 330 2889 quis
366 2838 470 2889 post
507 2833 623 2877 hanc
661 2833 799 2889 legem
838 2834 1015 2878 civ1tate
1047 2834 1236 2890 spoliata
1265 2840 1483 2890 ornatum,

147 2890 232 2934 hoc
262 2894 328 2933 est
355 2888 574 2933 marinora
602 2890 671 2932 vel
701 2890 942 2944 columnas,
974 2890 1030 2933 ad
1059 2904 1167 2934 rura
1191 2892 1483 2944 transtulerit,

151 2952 165 2987 1
228 2945 426 3002 privetur
454 2958 507 2989 ea
535 2947 837 3001 possessione,
880 2959 1011 3001 quam
1048 2947 1113 2990 ita
1143 2948 1378 2991 ornaverit.
1439 2949 1486 2991 Si

146 3002 243 3057 quis
286 3006 433 3045 autem
477 3015 531 3045 ex
572 3001 660 3045 alia
701 3001 749 3045 in
792 3002 924 3046 aliam
970 3003 1191 3047 civitatem
1241 3004 1484 3049 labentium

142 3058 362 3156 {arietum
398 3070 618 3101 marmora
653 3058 722 3101 vel
763 3059 988 3102 columnas
1024 3058 1080 3103 de
1116 3060 1310 3125 propriis
1346 3060 1484 3104 domi-

175 3128 226 3157 us
255 3115 301 3157 in
329 3114 533 3170 proprias
564 3114 807 3158 transferre
837 3114 1045 3169 voluerit,
1107 3129 1283 3160 uomam
1313 3117 1484 3161 utrobi-

145 3183 228 3224 que
256 3170 395 3214 haec⁶
426 3182 521 3214 esse
550 3170 777 3227 publicum
807 3171 942 3214 decus
974 3176 1054 3224 est,
1104 3172 1272 3216 icenter
1300 3172 1386 3217 hoc
1416 3173 1483 3216 fa-

147 3227 254 3268 ciat:
297 3226 400 3268 data
439 3226 638 3270 similiter
676 3227 892 3270 facultate
933 3227 1066 3271 etiam
1106 3228 1160 3272 de
1201 3229 1483 3283 possessione

147 3286 349 3324 ornatum
386 3282 636 3326 huiusmodi
680 3283 736 3326 ad
779 3284 1103 3339 possessionem
1153 3285 1284 3328 aliam
1337 3290 1482 3329 trans-

147 3336 334 3388 ferendi,
375 3339 567 3392 quamvis
605 3352 684 3394 per
722 3353 872 3384 muros
912 3341 982 3384 vel
1019 3341 1152 3384 etiam
1187 3354 1267 3397 per
1297 3341 1483 3385 mediam

149 3393 366 3436 civitatem
398 3406 448 3436 ea
478 3395 704 3438 transferri
734 3408 914 3440 necesse
944 3397 1024 3449 sit,
1064 3397 1128 3440 ita
1157 3404 1207 3440 ut
1236 3410 1290 3441 ea
1318 3398 1481 3443 solum-

146 3448 275 3492 modo
330 3462 441 3504 quae
493 3450 617 3493 illata
667 3450 831 3494 fuerint
880 3453 1132 3497 civitatibus
1176 3459 1480 3509 exportentur.

149 3503 201 3547 D.
240 3515 290 3547 VJ
315 3503 356 3547 k.
390 3504 488 3548 Iun.
524 3506 758 3549 Viminacii
790 3507 947 3566 Crispo
981 3521 1023 3552 11
1051 3515 1096 3553 et
1117 3508 1411 3554 Constantino
1438 3522 1485 3554 ΙΙ

147 3573 287 3603 conss.
1294 3570 1350 3619 [a‚
1382 3570 1480 3619 321]

144 3702 194 3753 (1)
225 3703 283 3743 sic
319 3702 361 3752 C,
392 3701 536 3743 ceteris
568 3734 576 3741 .
596 3733 604 3742 .
624 3733 633 3743 .
663 3703 918 3756 permittitur
948 3705 989 3746 R
1073 3706 1129 3758 (2)
1160 3716 1332 3749 extrema
1358 3711 1480 3749 verba

144 3762 338 3799 iterantur
366 3760 407 3799 in
438 3761 477 3811 8,
506 3768 564 3811 52,
596 3769 634 3801 1:
666 3762 784 3814 iunqe
813 3764 852 3812 8,
882 3771 911 3812 1,
942 3772 953 3803 1
1081 3766 1135 3815 (3)
1172 3777 1272 3816 apro
1310 3768 1479 3804 evocato

145 3816 309 3868 scripsi,
348 3827 447 3867 apro
487 3816 526 3866 8,
558 3823 616 3866 52,
646 3825 677 3867 1,
717 3822 882 3856 evocato
919 3818 1015 3859 libri
1051 3828 1089 3859 et
1127 3821 1200 3860 hoc
1237 3821 1322 3861 loco
1359 3829 1395 3860 et
1426 3822 1482 3860 ad

144 3872 181 3921 8,
215 3881 242 3920 1,
273 3881 285 3911 1
374 3872 430 3921 (4)
460 3870 505 3910 id
535 3872 609 3912 del.
642 3872 744 3913 Hal.
837 3872 891 3924 (5)
922 3876 971 3926 cf.
1006 3878 1043 3925 5,
1074 3884 1130 3926 16,
1162 3884 1202 3917 14
1290 3877 1348 3927 (6)
1378 3877 1480 3915 haec

146 3928 258 3976 dett,
297 3926 402 3965 hanc
440 3926 558 3969 PCR
679 3926 733 3979 (Ἶ)
774 3929 891 3981 ἰαη90
927 3930 997 3970 Th.
1028 3933 1068 3981 8,
1099 3942 1134 3983 5,
1166 3941 1215 3973 15.
1263 3935 1326 3982 11,
1358 3941 1417 3981 28,
1449 3942 1477 3973 1.

147 3985 209 4033 15,
228 3991 260 4033 3,
279 3991 297 4021 2
359 3985 415 4034 (8)
431 3984 490 4024 sic
507 3985 610 4036 leyes
627 3985 865 4037 iunyendae,
882 3985 1084 4026 vitianum
1110 3989 1205 4028 libri
1259 3989 1315 4039 (9)
1332 3988 1478 4028 Antio-

144 4038 272 4081 chiae.
316 4051 398 4077 acc.
428 4051 490 4077 xv
526 4039 567 4078 k.
599 4039 732 4091 April.
763 4039 1020 4091 Karthagine
1061 4045 1134 4083 ins.
1171 4044 1242 4084 Th.
1278 4046 1340 4095 11,
1373 4054 1431 4095 28,
1462 4054 1477 4085 1

143 4093 404 4140 (Antiochiae
443 4104 550 4135 extat
589 4098 705 4136 etiam
744 4097 786 4136 in
828 4096 900 4136 Th.
931 4098 968 4148 8,
1001 4108 1033 4147 5,
1065 4102 1121 4149 15)
1264 4101 1339 4151 (10)
1378 4112 1480 4150 quas

143 4148 242 4189 olim
258 4150 317 4190 M
323 4164 406 4190 cum
427 4150 609 4202 Graecis,
641 4163 722 4203 qua
735 4150 866 4190 solum
888 4153 930 4204 0,
947 4164 1047 4203 quas
1063 4154 1139 4194 soli
1154 4156 1195 4196 R
1253 4155 1323 4207 (11)
1339 4158 1398 4196 sic
1415 4156 1478 4207 M,

143 4204 401 4246 retinendum
424 4206 488 4256 Ca,
505 4207 721 4247 retinendo
736 4207 814 4257 Ra,
831 4206 1046 4248 retinenda
1068 4208 1181 4251 OERb
1238 4214 1311 4263 (12)
1330 4232 1382 4247 ===
1405 4212 1475 4252 Th.

147 4263 210 4310 15,
241 4270 272 4313 1,
301 4269 364 4302 46:
396 4263 514 4316 iunye
550 4264 620 4302 Th.
657 4266 718 4315 15,
749 4272 779 4314 1,
809 4272 851 4304 45
966 4266 1039 4315 (13)
1067 4266 1102 4304 si
1132 4267 1203 4317 qui
1234 4267 1478 4308 aedificandi

142 4316 169 4357 i.
194 4329 234 4367 p.
259 4329 295 4356 a.
320 4316 477 4371 animos
506 4318 576 4358 Th.
649 4320 724 4370 (14)
750 4317 942 4359 fabricati
964 4318 1048 4359 loci
1077 4322 1149 4362 Th.
1222 4324 1297 4375 (15)
1324 4325 1477 4363 ostroe-

144 4383 237 4411 nam
269 4373 363 4412 libri
467 4375 541 4424 (16)
571 4387 640 4425 pu.
675 4375 946 4427 Gothosredus
1048 4377 1121 4427 (17)
1152 4393 1185 4418 c.
1216 4387 1256 4420 12
1285 4380 1475 4432 suppedi-

203 4537 265 4583 12
312 4538 423 4598 Imp.
471 4540 635 4585 Caesar
680 4542 799 4586 Zeno
835 4544 946 4602 pius
990 4543 1131 4588 victor
1177 4546 1479 4605 triumphator

147 4605 316 4648 semper
347 4597 569 4639 maoeimus
597 4612 769 4655 semper
798 4599 1078 4643 venerandus
1103 4601 1331 4656 Auqustus
1356 4602 1475 4646 Ada-

149 4650 314 4691 mantio
339 4663 417 4706 pu.
477 4651 536 4693 Et
567 4652 707 4695 licium
731 4667 847 4710 pace
874 4655 974 4710 frui
1003 4660 1047 4698 et
1075 4655 1128 4697 ab
1161 4658 1361 4699 externis
1391 4657 1476 4700 bel-

1483 158 1593 220 334

2218 180 2294 218 DE
2330 178 2626 219 AEDIFICIIS
2661 180 2915 220 PRIVATIS

1639 312 1668 359 7
1702 313 1836 373 ⁷Imp.
1865 313 2071 362 Iulianus
2095 318 2146 362 A.
2172 315 2234 361 ad
2255 314 2542 360 Avitianum⁸
2558 317 2773 363 vicarium
2789 317 2917 378 Afri-

1581 383 1671 413 cae.
1730 369 1905 415 Nemini
1927 373 2153 418 columnas
2183 373 2252 417 vel
2281 374 2452 415 statuas
2484 371 2795 431 cuiuscumque
2824 388 2915 419 ma-

1580 425 1717 468 teriae
1758 438 1812 469 ex
1846 427 1935 472 alia
1963 429 2202 485 eademque
2230 427 2456 484 provincia
2486 427 2554 470 vel
2582 429 2757 474 auferre
2785 430 2919 476 liceat

1579 481 1646 524 vel
1675 494 1862 526 movere.
1920 483 1974 528 D.
2014 497 2064 528 ν]
2089 485 2132 529 lc.
2166 485 2301 528 Nov.⁹
2331 482 2512 527 Iuliano
2542 483 2594 527 A.
2626 496 2719 529 ΗΠ
2744 492 2788 530 et
2817 486 2918 531 Sal-

1579 537 1715 580 lustio
1746 550 1888 582 conss.
2604 543 2660 592 [a.
2692 544 2786 586 362.
2818 546 2916 595 363]

1637 589 1667 640 8
1701 590 1768 635 Im
1794 606 1876 652 pp.
1906 594 2068 640 Valens
2089 595 2335 640 Gratianus
2357 600 2400 639 et
2426 594 2769 640 Valentinianus
2782 599 2916 642 AAA.

1580 648 1641 691 ad
1665 607 1919 694 Mofiscum
1943 664 2022 708 pp.
2068 652 2346 708 Singularum
2373 649 2549 694 urbium
2576 650 2765 696 curiales
2786 653 2918 701 etiam

1578 704 1703 747 inviti
1741 705 1812 749 vel
1848 717 2056 761 reparare
2093 708 2211 751 intra
2249 708 2450 751 civitates
2490 719 2600 762 quas
2642 707 2744 750 olim
2759 707 2796 734 ¹⁰
2837 707 2917 753 ha-

1578 760 1758 804 buerint
1787 761 1943 805 domus
1971 763 2040 806 vel
2069 775 2123 807 ex
2151 777 2264 808 novo
2296 763 2530 806 aedificare
2561 768 2799 818 cogantur,
2828 763 2920 809 11110

1578 829 1754 871 semper
1781 817 1942 860 muniis
1971 818 2226 864 inservituri
2255 824 2300 864 et
2326 819 2500 862 aucturi
2524 819 2806 875 propriarum
2830 819 2919 864 fre-

1581 878 1598 916 1
1664 873 1888 927 quentiam
1927 873 2166 918 civitatum.
2233 876 2522 920 Possessores
2551 886 2675 929 vero,
2716 876 2792 932 qui
2831 888 2920 920 non

1578 933 1708 971 erunt
1747 929 1958 983 curiales,
1997 930 2044 972 in
2081 930 2281 986 urbibus,
2320 931 2367 975 in
2400 931 2559 987 quibus
2589 930 2746 975 domus
2777 932 2920 988 possi-

1578 985 1700 1038 dent,
1743 984 1919 1028 easdem
1959 985 2115 1030 domos
2152 987 2323 1031 dirutas
2357 988 2668 1042 neglectasque
2697 991 2919 1043 reparent,

1576 1041 1807 1084 iudiciaria
1847 1040 1904 1084 ad
1942 1043 2288 1087 conservandum
2326 1044 2411 1087 hoc
2449 1048 2734 1099 praeceptum
2763 1045 2920 1088 aucto-

1576 1098 1707 1140 ritate
1736 1096 1954 1141 retinendi
1972 1099 2017 1141 ¹¹.
2077 1097 2132 1141 1).
2156 1111 2263 1142 XIII
2290 1098 2332 1143 lc.
2359 1099 2470 1144 Nov.
2497 1097 2719 1143 Gratiano
2749 1101 2800 1144 A.
2833 1111 2924 1144 1111

1577 1159 1621 1197 et
1649 1152 1927 1198 Merobaude
1956 1166 2100 1197 conss.
2651 1180 2653 1183 ν
2731 1155 2789 1213 [a.
2821 1159 2920 1209 377]

1634 1207 1663 1256 9
1701 1208 1916 1267 ¹²Imppp.
1936 1209 2161 1253 Arcadius
2178 1208 2414 1254 Honorius
2432 1216 2477 1256 et
2493 1210 2772 1255 Theodosius
2785 1211 2920 1256 AAA.

1575 1264 1828 1309 Aemiliano
1865 1280 1947 1323 pu.
2022 1264 2069 1309 Si
2114 1265 2186 1308 cui
2227 1265 2316 1309 loci
2358 1267 2612 1322 proprietas
2659 1267 2923 1312 aedificandi

1576 1321 1701 1364 iuxta
1739 1321 1943 1377 publicas
1981 1321 2112 1365 aedes
2149 1321 2342 1365 animum
2358 1324 2394 1350 ¹³
2432 1323 2624 1376 dederit,
2671 1323 2922 1380 quindecim

1577 1377 1738 1433 pedum
1792 1378 1936 1433 spatio
1989 1377 2222 1422 interiecto
2268 1378 2383 1422 inter
2425 1379 2605 1434 publica
2651 1393 2704 1423 ac
2743 1379 2923 1446 privata

1576 1433 1777 1477 aedificia
1814 1435 1879 1477 ita
1909 1434 1994 1478 sibi
2023 1433 2194 1478 noverit
2222 1433 2550 1488 fabricandum,
2591 1439 2642 1479 ut
2675 1435 2757 1479 tah
2784 1436 2920 1480 inter·

1567 1491 1690 1533 ‘vallo
1737 1495 1781 1534 et
1824 1490 2031 1546 publicae
2075 1489 2206 1533 aedes
2253 1502 2280 1533 a
2318 1490 2519 1546 periculo
2556 1491 2836 1536 vindicentur
2878 1496 2924 1536 et

1575 1546 1772 1601 privatus
1811 1545 2073 1590 aedificator
2101 1546 2220 1590 velut
2290 1558 2491 1603 erperam
2523 1547 2743 1593 fabricato
2771 1547 2872 1592 1000
2888 1549 2923 1575 ¹⁴

1576 1603 1892 1646 destructionis
1939 1603 2205 1659 quandoque
2270 1606 2426 1646 uturae
2466 1616 2557 1647 non
2595 1604 2749 1648 timeat
2787 1603 2922 1648 detri·
2952 1644 2953 1647 ,

1575 1664 1784 1702 mentum.
1854 1659 1908 1702 D.
1951 1671 2009 1702 XI
2050 1658 2092 1703 lc.
2126 1659 2239 1703 Nov.
2291 1658 2685 1718 Constantinopoli
2723 1659 2921 1705 Arcadio

1575 1716 1625 1758 A.
1667 1727 1717 1758 VJ
1743 1721 1788 1759 et
1815 1714 1968 1759 Probo
2000 1729 2144 1759 consS.
2733 1720 2790 1770 [a.
2823 1719 2921 1770 406]

1635 1770 1698 1817 10
1716 1770 1861 1836 Impp.
1883 1771 2122 1816 Honorius
2137 1776 2181 1816 et
2198 1770 2476 1816 Theodosius
2489 1773 2580 1816 AA.
2600 1771 2828 1818 Monaoeio
2841 1786 2922 1832 pp.

1577 1827 1662 1871 Per
1699 1828 1949 1883 provmcias
1983 1827 2352 1884 Mesopotamiam
2383 1827 2627 1872 Osroenam
2641 1830 2676 1856 ¹⁵
2712 1828 2922 1886 Euphra-

1576 1888 1745 1926 tensem
1800 1883 1969 1940 Syriam
2028 1883 2268 1927 secundam
2319 1884 2572 1927 Phoenicen
2625 1885 2923 1930 Libanensem

1577 1939 1775 1983 Ciliciam
1829 1940 2067 1984 secundam
2103 1944 2352 1994 ,utramque
2395 1941 2650 1983 Armeniam
2689 1943 2923 1998 utramque

1577 1995 1904 2051 Cappadociam
1933 1996 2126 2040 Pontum
2155 1995 2514 2039 Polemoniacum
2547 2000 2682 2052 atque
2710 1997 2919 2042 Helleno-

1575 2057 1775 2107 pontum,
1815 2052 1895 2095 ubi
1923 2052 2061 2107 magis
2090 2052 2177 2096 hoc
2208 2052 2496 2106 desideratur,
2531 2057 2788 2118 ceterasque
2848 2067 2920 2098 ro-

1574 2107 1741 2151 vincias
1771 2107 1944 2152 cunctis
1975 2108 2224 2152 volentibus
2253 2109 2538 2163 permittatur
2564 2110 2724 2152 murali
2753 2121 2824 2153 am
2856 2110 2922 2154 itu

1574 2162 1735 2207 fundos
1795 2164 1967 2219 roprios
2007 2176 2087 2207 seu
2116 2164 2218 2207 loca
2251 2165 2320 2207 sui
2351 2164 2529 2207 dominii
2559 2165 2802 2208 constituta
2830 2166 2922 2209 val-

1574 2219 1680 2263 lare.
1750 2177 1805 2263 B.
1839 2231 1907 2262 η]
1942 2233 2046 2263 non.
2078 2218 2189 2264 Mai.
2236 2218 2629 2277 Constantinopoli
2669 2219 2921 2266 steodosio

1573 2276 1624 2319 A.
1665 2286 1784 2318 VIIII
1809 2279 1855 2318 et
1885 2273 2148 2319 Constantio
2179 2286 2250 2318 III
2275 2287 2418 2318 conss.
2733 2279 2789 2329 [a.
2822 2281 2920 2331 420]

1633 2329 1691 2376 11
1743 2329 1869 2374 Idem
1912 2330 2005 2374 AA.
2052 2329 2266 2374 Severino
2304 2331 2431 2395 pp.¹⁶
2502 2330 2760 2388 Maeniana,
2806 2346 2921 2390 quae

1575 2385 1746 2430 Graece
1775 2383 1975 2435 ἐξώστης
2002 2386 2246 2442 appellant,
2282 2399 2372 2430 slve
2403 2387 2508 2431 olim
2541 2391 2800 2433 constructa
2829 2390 2921 2434 sive

1571 2441 1618 2484 in
1647 2446 1876 2497 posterum
1910 2442 1955 2484 in
1979 2442 2220 2497 provinciis
2251 2443 2576 2494 construenda,
2610 2444 2698 2488 nisi
2727 2445 2920 2502 spatium

1571 2498 1687 2542 inter
1711 2510 1761 2541 se
1784 2510 1866 2554 per
1890 2497 2040 2542 decem
2061 2498 2196 2554 pedes
2220 2499 2347 2543 liberi
2366 2499 2482 2543 aeris
2502 2500 2752 2556 habuerint,
2776 2502 2920 2547 modis

1577 2558 1594 2596 1
1658 2554 1861 2598 omnibus
1893 2554 2227 2599 detruncentur.
2278 2554 2331 2598 In
2359 2555 2428 2599 his
2458 2568 2562 2601 vero
2592 2557 2716 2611 locis,
2746 2558 2793 2602 in
2823 2559 2918 2614 qui·

1571 2610 1656 2654 bus
1700 2610 1903 2655 aedificia
1945 2611 2219 2666 privatorum
2262 2611 2435 2656 horreis
2479 2613 2670 2668 publicis
2716 2614 2920 2659 videntur

1572 2666 1760 2722 obiecta,
1786 2667 2091 2711 obstructione
2115 2667 2447 2711 maenianorum
2480 2669 2728 2724 quindecim
2756 2671 2918 2727 pedum

1572 2727 1595 2764 2
1654 2723 1886 2766 intervalla
1911 2729 2156 2768 serventur.
2203 2723 2341 2778 Quem
2366 2724 2713 2781 intercapedinis
2740 2727 2919 2772 modum

1570 2779 1871 2822 aedificaturis
1893 2792 2068 2834 quoque
2092 2781 2396 2836 proponimus,
2427 2781 2491 2824 ita
2519 2786 2582 2833 ut,
2613 2782 2653 2826 si
2678 2782 2776 2838 quis
2800 2783 2920 2828 intra

1571 2833 1798 2879 definitum
1838 2836 2054 2890 spatium,
2091 2835 2138 2878 id
2176 2839 2246 2879 est
2281 2836 2432 2879 decem
2459 2838 2622 2892 pedum
2650 2851 2916 2894 mensuram,

1570 2891 1806 2935 aedificare
1852 2891 1922 2934 vel
1962 2891 2083 2934 intra
2125 2891 2372 2947 quindecim
2422 2893 2585 2947 pedum
2635 2895 2916 2939 maenianum

1570 2947 1798 3004 possidere
1827 2947 2119 3003 temptaverit,
2161 2948 2273 2991 sciat
2304 2961 2392 2992 non
2422 2948 2564 2993 solum
2592 2948 2808 2994 fabricam
2839 2951 2916 2996 de·

1571 3003 1847 3057 moliendam,
1879 3003 1956 3047 sed
1982 3003 2114 3047 etiam
2143 3004 2284 3060 ipsam
2314 3004 2490 3048 domum
2519 3005 2628 3050 fisco
2657 3010 2812 3051 nostro
2835 3007 2915 3051 ad·

1571 3059 1862 3104 scribendam.
1931 3058 1986 3103 D.
2020 3072 2089 3104 III
2124 3059 2166 3104 lc.
2202 3059 2294 3105 Oct.
2336 3061 2657 3119 Asclepiodoto
2694 3067 2741 3106 et
2772 3061 2915 3107 Mari-

1571 3116 1709 3160 niano
1741 3129 1884 3160 conss.
2725 3122 2782 3171 [a.
2814 3123 2912 3174 423]

1629 3170 1694 3218 12
1730 3168 2071 3229 ΠΑὐτοκράτωρ
2103 3176 2280 3227 Καῖσαρ
2322 3169 2484 3226 Ζήνων
2520 3168 2700 3229 εὐσεβὴς
2736 3174 2916 3229 νικητὴσ

1568 3229 1861 3285 τροπαιοῦχος
1899 3224 1968 3270 ἀεὶ
2000 3234 2211 3287 μέγιστος
2248 3229 2315 3270 ἀεὶ
2356 3227 2621 3284 σεβαστός18
2655 3228 2916 3288 Αὔγουστος

1565 3282 1868 3340 Ἀὃαμαντίῳ
1920 3281 2099 3342 ἐπάρχῳ
2157 3282 2339 3328 πόλεως.
2414 3289 2504 3326 Καὶ
2560 3282 2701 3328 δικῶν
2743 3283 2915 3345 εἰρήνης

1567 3337 1812 3383 ἀπολαύειν
1829 3342 1863 3366 ¹⁹
1906 3344 1981 3382 καὶ
2024 3343 2122 3383 τῶν
2167 3342 2347 3392 ἔξωθεν
2389 3339 2600 3397 πολεζιιων
2637 3338 2913 3386 ἀπαλλάττε-

1569 3398 1684 3439 σθαι
1727 3395 1829 3438 τοὺς
1871 3392 2087 3451 ὑπηκόους
2123 3394 2388 3452 βουλόμενοι
2427 3397 2666 3440 νουθετεῖν
2703 3397 2912 3442 ἑκάστοτε

1568 3449 1949 3510 προθυμούμεθα.
1996 3450 2066 3496 διὸ
2098 3456 2171 3494 καὶ
2201 3452 2284 3496 τὸν
2313 3449 2520 3510 παρόντα
2551 3457 2743 3513 φέρομεν
2771 3451 2912 3512 νόμον

1569 3509 1732 3552 ἱκανῶς
1774 3505 2120 3560 ἀποδεικνύντα,
2166 3505 2224 3551 ὡς
2267 3513 2341 3551 καὶ
2386 3510 2413 3562 ἦ
2456 3508 2511 3562 σὴ
2541 3509 2911 3578 ,μεγᾳλοσῖρέπεια

2141 3560 2150 3574 l

1567 3563 1752 3608 δικαίως
1790 3562 1995 3616 ἐδίδαξεν
2023 3568 2098 3606 καὶ
2127 3569 2247 3618 ημεῖς
2276 3579 2582 3623 προνοητικωε
2610 3582 2667 3608 τα
2695 3583 2780 3620 την
2808 3564 2910 3610 δυσ-

1567 3715 1751 3749 taverunt
1795 3706 1891 3748 libri
1927 3709 2025 3748 iuris
2069 3706 2458 3756 Graeco-Romani}
2504 3723 2523 3747 e
2564 3709 2705 3760 quibus
2742 3710 2910 3752 adhibui

1565 3764 1884 3805 Laurentianum
1922 3764 1980 3816 pl.
2022 3764 2098 3804 IX
2138 3778 2170 3803 c.
2203 3772 2223 3804 8
2263 3778 2367 3803 saec.
2411 3763 2502 3811 XI,
2543 3764 2802 3807 Marcianum
2842 3775 2906 3808 17⁹

1563 3835 1668 3861 saec.
1698 3819 1841 3868 XIII,
1879 3819 2016 3860 Paris.
2055 3819 2250 3861 Graecum
2282 3828 2368 3861 1385
2400 3819 2440 3860 A
2477 3836 2583 3861 saec.
2615 3821 2719 3861 XV.
2762 3837 2810 3862 ex
2849 3823 2908 3863 in-

1563 3877 1794 3930 scriptionis
1812 3877 1955 3928 forma
1987 3877 2164 3916 conicias
2194 3890 2280 3916 eam
2310 3891 2386 3916 non
2425 3891 2473 3916 ex
2500 3877 2728 3918 Iustiniano
2763 3877 2907 3919 Codice

1565 3933 1805 3985 descriptam
1835 3946 1941 3980 esse,
1981 3933 2054 3972 sed
2082 3932 2198 3972 talem
2230 3932 2420 3982 exhiberi,
2461 3932 2597 3984 qualis
2627 3934 2678 3974 ab
2708 3933 2796 3986 ipso
2824 3933 2905 3974 Ze-

1563 4003 1664 4029 none
1700 3988 1844 4027 emissa
1879 3989 2013 4037 fuerit.
2073 3996 2176 4028 recte
2208 3996 2336 4028 tamen
2368 3988 2562 4042 inteqram
2595 3989 2904 4030 constitutionem

1565 4045 1656 4085 huic
1687 4043 1770 4083 loco
1798 4045 2016 4083 restitutam
2041 4059 2124 4084 esse
2147 4044 2351 4098 colliqitur
2377 4053 2454 4084 tam
2481 4059 2529 4085 ex
2552 4045 2750 4085 indicibus
2772 4043 2901 4085 Grae-

1563 4102 1642 4150 cis,
1682 4100 1753 4152 qui
1789 4099 1921 4139 omnia
1950 4099 2214 4140 Zenonianae
2244 4101 2534 4141 constitutionis
2564 4101 2702 4152 capita
2729 4100 2770 4139 in
2801 4100 2904 4140 hunc

1569 4156 1747 4197 Codicem
1780 4156 1972 4196 transisse
1997 4157 2194 4208 probant,
2236 4169 2353 4208 quam
2384 4170 2432 4196 ea·
2462 4157 2609 4196 ambitu
2639 4169 2770 4196 eorum
2801 4170 2903 4207 quae

1562 4213 1603 4252 in
1643 4211 1683 4251 V
1708 4211 1990 4251 desiderantur
2090 4212 2164 4261 (18)
2196 4212 2373 4265 Καῖσαρ
2403 4220 2439 4251 et
2468 4206 2648 4264 εὐσεβὴς
2676 4239 2686 4250 .
2703 4239 2714 4250 .
2732 4243 2740 4251 .
2773 4212 2901 4264 σεβα-

1561 4261 1666 4308 στός
1695 4268 1894 4307 omiserint
1923 4268 2145 4308 Iustiniani
2231 4269 2305 4318 (19)
2336 4261 2578 4308 ἀπολαύειν
2606 4267 2763 4318 scripsi,
2794 4261 2901 4309 ἀπο-

1562 4318 1742 4363 λαύοντι
1759 4322 1888 4362 Laur.
1914 4323 2061 4371 Mara,
2080 4317 2311 4376 ἀπολάβον
2336 4324 2588 4375 sequentibus
2613 4323 2765 4362 omissis
2786 4322 2899 4373 Par.,

1560 4373 1869 4419 ἀπολαύοντας
1899 4379 2145 4432 Auqustinus

1562 4547 1617 4590 lis
1657 4547 1838 4590 liberari
1876 4545 2080 4591 subditos
2109 4545 2335 4604 cupientes
2355 4556 2655 4602 praemonere
2683 4557 2761 4588 eos
2787 4556 2898 4587 sem-

1555 4616 1641 4658 per
1671 4603 1717 4644 in
1748 4603 1896 4645 animo
1938 4601 2159 4646 habemus.
2219 4614 2310 4666 qua
2345 4604 2502 4657 ropter
2539 4603 2583 4642 et
2609 4603 2897 4658 praesentem

1558 4658 1749 4713 serimus
1789 4658 1949 4713 leqem,
1990 4671 2107 4714 quae
2143 4662 2256 4700 satis
2323 4660 2440 4707 ovet,
2481 4655 2704 4712 quomodo
2746 4661 2790 4699 et
2819 4664 2895 4698 tua
