3138 4732
49 1560 134 1638 '2¹²5
188 1594 191 1595 ’
240 1579 384 1635 Haec,
416 1594 528 1638 quae
558 1581 810 1625 necessario
842 1580 1101 1636 corrigenda
1131 1593 1227 1624 esse
1241 1579 1390 1623 multis
1420 1582 1539 1622 retro

194 1658 222 1685 „1
242 1639 334 1691 zgci
366 1639 466 1682 ibus
504 1637 598 1681 visa
633 1642 757 1688 sunt,
798 1638 966 1681 interea
1004 1641 1151 1679 tamen
1191 1636 1340 1679 nullus
1387 1647 1540 1678 eorum

30 1706 36 1719 ¹
61 1692 70 1704 '
119 1699 126 1705 ”
165 1694 216 1745 “js
382 1693 586 1738 effectum
609 1691 771 1736 ducere
794 1705 929 1737 ausus
957 1698 1043 1745 est,
1076 1692 1122 1735 in
1150 1692 1372 1747 praesenti
1405 1691 1539 1734 rebus

136 1791 146 1803 „
167 1746 193 1779 s*
255 1796 258 1798 ,
288 1761 356 1793 re
385 1748 687 1794 communibus
717 1749 881 1793 auxilio
918 1748 988 1792 dei
1025 1747 1335 1804 omnipotentis
1368 1746 1540 1790 censui-

31 1807 35 1815 ’
160 1855 162 1857 ‚
327 1806 398 1849 et³
435 1804 733 1861 prolixitatem
774 1805 915 1848 litium
957 1810 1208 1860 amputare,
1260 1803 1541 1847 multitudine

55 1852 77 1870 ⁴¹
167 1875 169 1881 ⁴
186 1861 365 1919 quidem
395 1859 771 1915 constitutionum,
803 1873 918 1917 quae
945 1861 1090 1905 tribus
1121 1860 1348 1904 codicibus
1375 1859 1539 1915 Grego-

158 1937 162 1964 ι
189 1918 314 1962 riano
351 1920 398 1961 et
431 1916 783 1972 Hermogeniano
823 1921 954 1972 atque
992 1916 1304 1961 Theodosiano
1342 1916 1540 1960 contine-

150 1976 154 1984 ’
189 1975 375 2027 bantur,
417 1972 591 2016 illarum
631 1973 786 2026 etiam,
831 1986 944 2029 quae
985 1978 1090 2029 post
1137 1973 1315 2018 eosdem
1364 1972 1539 2016 codices

189 2043 218 2074 a
253 2027 504 2074 Theodosio
542 2028 714 2073 divinae
743 2029 1062 2074 recordationis
1093 2029 1279 2085 aliisque
1308 2034 1412 2086 post
1441 2041 1540 2072 eum

39 2095 44 2098 ’
97 2085 151 2140 Ῐῖ”
188 2089 307 2131 retro
346 2084 640 2142 principibus,
681 2098 709 2128 a
746 2090 902 2129 nostra
937 2086 1066 2130 etiam
1107 2086 1340 2130 clementia
1368 2085 1541 2142 positae

189 2147 312 2195 sunt,
340 2141 604 2193 resecanda,
642 2155 729 2185 uno
759 2146 907 2186 autem
948 2142 1101 2186 codice
1138 2143 1220 2187 sub
1250 2142 1372 2186 felici
1401 2141 1542 2186 nostri

21 2242 26 2246 ,
189 2197 376 2243 nominis
411 2198 628 2256 vocabulo
669 2198 993 2254 componendo,
1029 2199 1078 2242 in
1115 2212 1243 2255 quem
1274 2199 1420 2254 colligi
1448 2202 1540 2241 tam

21 2283 41 2308 .-
190 2258 528 2300 memoratorum
575 2254 709 2298 trium
763 2255 966 2298 codicum
1014 2268 1144 2311 quam
1199 2255 1396 2300 novellas
1438 2259 1543 2310 post

28 2334 37 2347 ι
89 2318 130 2367 ’μ
193 2317 212 2356 1
273 2323 349 2355 eos
394 2309 564 2367 positas
604 2311 942 2356 constitutiones
990 2316 1178 2368 oportet.
1253 2311 1447 2367 Ideoque
1484 2310 1541 2354 ad

34 2374 35 2379 ’
70 2407 78 2410 ,,
191 2367 276 2416 hoc
313 2367 550 2412 maximum
586 2371 630 2410 et
670 2367 728 2410 ad
755 2368 896 2423 ipsius
926 2368 990 2411 rei
1018 2368 1226 2424 publicae
1253 2367 1541 2412 sustentatio·

192 2434 292 2468 nem
346 2423 588 2479 respiciens
641 2436 753 2478 opus
811 2424 1089 2467 efficiendum
1149 2424 1358 2479 elegimus
1416 2428 1540 2466 tanto

30 2475 37 2491 ⁴
66 2483 67 2486 ’
112 2515 118 2538 .;
191 2478 396 2536 fastigio⁴
430 2479 630 2522 laborum
667 2483 906 2534 tantaeque
946 2479 1235 2523 sollicitudini
1271 2479 1542 2523 sufficientes

25 2550 28 2555 ’
191 2537 451 2580 IOHANNEM
471 2534 611 2578 virum
641 2535 1053 2579 excellentissimum
1079 2548 1134 2579 ex
1164 2540 1398 2591 quaestore
1426 2535 1543 2578 sacri

52 2597 58 2604 ‘
115 2590 117 2595 '
193 2591 334 2636 nostri
361 2590 516 2647 palatii
546 2591 823 2634 consularem
840 2595 973 2646 atque
997 2591 1247 2647 patricium,
1279 2591 1542 2635 LEONTIUM

193 2647 333 2692 virum
361 2646 719 2692 sublimissimum
747 2648 1004 2702 magistrum
1027 2648 1213 2691 militum
1238 2661 1292 2692 ex
1314 2647 1541 2703 praefecto

192 2702 416 2760 praetorio
447 2703 724 2747 consularem
750 2709 883 2758 atque
905 2704 1154 2759 patricium,
1170 2703 1378 2748 PnocAM
1401 2703 1542 2746 virum

194 2758 579 2803 eminentissimum
608 2758 864 2813 magistrum
895 2759 1079 2803 militum
1103 2760 1381 2803 consularem
1411 2764 1544 2814 atque

192 2815 426 2872 patricium
439 2848 450 2870 ‚
503 2815 779 2858 BASILIDEM
831 2815 973 2858 virum
1028 2816 1441 2860 excellentissimum
1489 2828 1542 2858 ex

192 2870 418 2928 praefecto
471 2871 694 2928 praetorio
735 2870 926 2915 Orientis
957 2875 1002 2915 et
1030 2871 1283 2928 patricium,
1326 2872 1543 2915 THOMAM

193 2929 334 2972 virum
361 2926 720 2983 gloriosissimum
761 2932 1037 2982 quaestorem
1077 2928 1192 2972 sacri
1221 2928 1362 2971 nostri
1390 2927 1544 2983 palatii

193 2989 239 3028 et
287 2995 342 3028 ex
395 2983 626 3036 consule⁵,
689 2983 1038 3030 TRIBONIANUM
1081 2985 1218 3027 virum
1264 2983 1543 3040 magnificum

193 3040 446 3096 magisteria
484 3039 693 3095 dignitate
735 3040 850 3083 inter
889 3045 1066 3096 agentes
1105 3041 1381 3091 decoratum,
1420 3041 1542 3084 CON-

194 3107 474 3142 STANTINUM
523 3096 663 3140 virum
712 3096 928 3140 illustrem
979 3097 1208 3141 comitem⁶
1262 3097 1544 3153 largitionum

194 3153 309 3196 inter
338 3156 516 3208 agentes
555 3157 600 3196 et
639 3153 898 3208 magistrum
929 3153 1077 3196 scrinii
1114 3153 1362 3197 libellorum
1393 3166 1543 3197 sacra-

194 3222 379 3264 rumque
409 3208 718 3264 cognitionum,
750 3208 1081 3254 THEOPHILUM
1098 3210 1239 3252 virum
1255 3210 1545 3253 clarissimum

197 3266 398 3310 comitem
428 3265 545 3310 sacri
567 3265 709 3308 nostri
739 3265 989 3308 consistorii
1029 3270 1073 3308 et
1101 3266 1210 3308 iuris
1238 3267 1285 3308 in
1313 3266 1399 3309 hac
1429 3265 1546 3308 alma

198 3322 307 3364 urbe
332 3319 570 3374 doctorem,
599 3319 890 3364 Dmscomm
920 3325 965 3363 et
994 3322 1378 3365 PnAnanTmUM
1408 3321 1545 3364 diser-

198 3381 223 3420 2
257 3376 449 3421 tissimus
463 3381 639 3432 togatos
654 3376 743 3419 fori
759 3375 1016 3431 amplissimi
1030 3377 1314 3432 praetoriani.
1346 3376 1515 3431 Quibus
1528 3378 1545 3403 ⁷

193 3523 244 3575 (1)
272 3522 349 3563 ifffi
379 3521 538 3562 domini
566 3521 699 3562 nostri
727 3521 817 3562 ih’u
854 3522 1000 3563 christi
1039 3522 1191 3563 codicis
1223 3523 1391 3577 dompni
1419 3523 1539 3564 iusti—

194 3579 312 3620 niani
340 3579 514 3631 repetite
540 3578 831 3633 praelectionis
859 3578 933 3620 lib.
964 3579 993 3619 i.
1023 3579 1152 3631 incip.
1182 3577 1228 3621 R
1256 3580 1305 3621 de
1334 3593 1442 3620 novo
1472 3593 1539 3620 co-

195 3635 284 3676 dice
313 3635 593 3687 componendo
628 3636 664 3676 Ο
689 3637 756 3690 (ff
769 3650 813 3688 p.
832 3637 884 3688 5),
919 3635 1071 3688 incipit
1098 3636 1204 3677 liber
1234 3636 1392 3677 domini
1420 3636 1538 3676 iusti-

195 3691 313 3732 niani
337 3691 490 3732 codicis
507 3693 632 3744 repet.
648 3690 777 3744 prael.
797 3691 846 3733 de
865 3692 1004 3732 codice
1019 3692 1208 3734 faciendo
1229 3694 1284 3735 W
1350 3695 1402 3744 (2)
1422 3706 1539 3734 sena-

196 3751 286 3788 tum
320 3747 436 3788 urbis
465 3746 947 3800 Constantinopolitanae
977 3749 1077 3790 Hal.

1222 3750 1275 3801 (3)
1306 3750 1539 3790 censuimus

197 3807 237 3846 et
275 3803 383 3855 WU,
421 3802 611 3844 volumus
640 3816 847 3845 censemus
886 3804 1018 3856 igitur
1052 3806 1087 3846 C

1223 3807 1277 3858 (4)
1306 3806 1473 3845 fastidio
1509 3807 1544 3847 C

666 1153 811 1231 DE
879 1152 1175 1232 NOVO
1241 1148 1636 1229 CODIOE
1708 1145 2520 1227 COMPONEN‘DOn

633 1429 1043 1484 IMPERATOR
1079 1425 1538 1483 IUS'TINIANUS
1574 1425 1961 1481 AUGUSTUS
1997 1426 2096 1480 AD
2137 1425 2477 1482 SENATUM
2490 1429 2521 1482 ².

1627 1578 1878 1634 specialiter
1932 1580 2208 1636 permisimus
2267 1580 2480 1624 resecatis
2538 1588 2629 1624 eam
2679 1580 2975 1636 supervacuis,

1627 1640 1840 1690 quantum
1870 1635 1928 1679 ad
1957 1637 2106 1691 legum
2137 1636 2401 1681 soliditatem
2439 1637 2653 1693 pertinet,
2693 1636 2977 1692 praefationi-

1626 1692 1710 1734 bus
1754 1704 1886 1747 quam
1930 1693 2145 1737 similibus
2189 1699 2234 1736 et
2278 1694 2536 1746 contrariis,
2584 1699 2894 1749 praeterquam
2942 1693 2978 1737 si

1625 1747 1734 1792 iuris
1765 1748 1913 1804 aliqua
1929 1749 2141 1794 divisione
2171 1749 2456 1803 adiuventur,
2496 1749 2586 1793 illis
2617 1751 2760 1803 etiam,
2792 1762 2904 1804 quae
2932 1749 2979 1793 in

1627 1804 1961 1848 desuetudinem
1991 1806 2211 1858 abierunt,
2244 1808 2390 1849 certas
2421 1810 2467 1849 et
2495 1805 2618 1849 brevi
2642 1817 2844 1850 sermone
2874 1818 2979 1848 con-

1627 1861 1818 1916 scriptas
1865 1874 1919 1904 ex
1959 1862 2099 1906 isdem
2137 1861 2280 1905 tribus
2326 1861 2574 1915 codicibus,
2618 1861 2803 1905 novellis
2847 1861 2979 1904 etiam

1627 1917 2019 1962 constitutionibus
2048 1919 2166 1974 leges
2197 1931 2460 1974 componere
2490 1923 2534 1961 et
2565 1918 2770 1974 congruis
2795 1917 2980 1961 subdere

1626 1973 1789 2026 titulis,
1834 1974 2076 2018 adicientes
2121 1975 2294 2029 quidem
2341 1979 2385 2018 et
2428 1975 2730 2028 detrahentes,
2767 1974 2899 2018 immo
2940 1980 2982 2016 et

1626 2034 1848 2074 mutantes
1877 2031 2015 2075 verba
2044 2043 2217 2084 earum,
2251 2031 2329 2075 ubi
2359 2031 2446 2074 hoc
2476 2031 2539 2074 rei
2572 2029 2858 2074 commoditas
2889 2030 2980 2074 exi-

1626 2086 1772 2142 gebat,
1804 2086 2060 2142 colligentes
2085 2100 2187 2131 vero
2211 2088 2256 2130 in
2290 2099 2424 2130 unam
2448 2087 2734 2140 sanctionem,
2766 2099 2879 2142 quae
2907 2087 2983 2130 in⁸

1627 2142 1759 2186 variis
1786 2143 2176 2187 constitutionibus
2203 2143 2404 2200 dispersa
2429 2148 2544 2195 sunt,
2572 2148 2616 2187 et
2638 2156 2816 2188 sensum
2832 2155 2980 2186 earum

1629 2199 1860 2243 clariorem
1899 2198 2162 2253 efficientes,
2198 2202 2262 2243 ita
2298 2205 2464 2250 tamen,
2505 2204 2556 2242 ut
2593 2199 2700 2244 ordo
2735 2204 2983 2255 temporum

1629 2255 1866 2300 earundem
1883 2256 2247 2300 constitutionum
2266 2270 2355 2300 non
2387 2257 2528 2299 solum
2545 2268 2599 2299 ex
2620 2256 2802 2299 adiectis
2828 2255 2982 2299 diebus

1627 2317 1673 2355 et
1703 2312 1974 2365 consulibus,
2005 2313 2084 2356 sed
2113 2312 2245 2356 etiam
2273 2325 2328 2356 ex
2361 2313 2458 2367 ipsa
2488 2312 2804 2368 compositione
2831 2325 2981 2355 earum

1629 2369 1866 2423 clarescat,
1902 2369 2052 2424 primis
2091 2369 2264 2424 quidem
2304 2369 2350 2411 in
2389 2369 2528 2424 primo
2566 2370 2688 2422 loco,
2727 2367 2981 2424 posteriori-

1627 2425 1710 2467 bus
1749 2437 1854 2468 vero
1891 2425 1939 2467 in
1978 2425 2172 2468 secundo
2216 2424 2431 2480 ponendis
2476 2430 2541 2478 et,
2594 2425 2632 2468 si
2675 2436 2788 2480 quae
2831 2437 2982 2467 earum

1629 2479 1722 2523 sine
1771 2479 1842 2523 die
1890 2485 1935 2523 et
1981 2481 2162 2524 consule
2206 2480 2253 2523 in
2298 2480 2520 2524 veteribus
2567 2480 2792 2524 codicibus
2831 2480 2900 2523 vel
2935 2480 2981 2523 in

1626 2535 1717 2587 his,
1761 2535 1808 2578 in
1839 2536 1996 2590 quibus
2026 2536 2230 2579 novellae
2262 2536 2599 2580 constitutiones
2629 2541 2833 2591 receptae
2863 2540 2980 2588 sunt,

1626 2590 1928 2646 inveniantur,
1989 2591 2054 2635 ita
2096 2592 2165 2636 his
2218 2591 2432 2647 ponendis
2484 2592 2693 2647 nullaque
2755 2591 2982 2635 dubietate

1628 2660 1763 2702 super
1803 2648 1999 2703 generali
2036 2660 2187 2691 earum
2215 2649 2374 2692 robore
2411 2660 2465 2691 ex
2508 2648 2593 2691 hoc
2625 2647 2827 2702 orienda,
2866 2648 2983 2692 sicut

1627 2708 1672 2747 et
1713 2703 1811 2747 illas
1859 2704 1946 2748 vim
1988 2705 2205 2759 generalis
2246 2704 2571 2748 constitutionis
2605 2704 2804 2748 obtinere
2832 2704 2980 2759 palam

1628 2763 1708 2811 est,
1741 2772 1854 2814 quae
1883 2760 1941 2803 ad
1971 2765 2115 2804 certas
2130 2773 2345 2817 personas
2359 2760 2632 2816 rescriptae⁹
2655 2761 2724 2802 vel
2752 2773 2833 2816 per
2849 2773 2979 2816 prag-
3016 2769 3025 2778 ·

1627 2815 1881 2859 maticam¹⁰
1911 2817 1967 2859 ab
1997 2816 2122 2860 initio
2153 2816 2285 2860 datae
2315 2816 2454 2859 eidem
2484 2829 2597 2859 novo
2630 2816 2770 2859 codici
2799 2819 2983 2872 propter

1629 2875 1652 2914 3
1711 2872 1946 2915 utilitatem
1962 2872 2202 2916 sanctionis
2225 2872 2438 2915 inditae¹¹
2468 2870 2646 2915 fuerint.
2705 2872 2828 2915 Haec
2849 2872 2982 2926 igitur

1629 2926 1685 2970 ad
1722 2932 1914 2971 vestram
1953 2928 2156 2972 notitiam
2193 2928 2311 2972 ferre
2338 2928 2684 2985 properavimus,
2729 2933 2779 2971 ut
2817 2929 2980 2981 sciatis,

1629 2988 1794 3038 quanta
1810 2997 1891 3028 nos
1907 2984 2107 3028 diurna¹2
2121 2998 2255 3040 super
2268 2997 2415 3028 rerum
2433 2986 2465 3011 ¹³
2482 2984 2775 3028 communium
2792 2985 2982 3027 utilitate

1630 3052 1739 3083 cura
1761 3041 1995 3094 sollicitat,
2035 3041 2263 3085 studentes
2302 3045 2446 3085 certas
2483 3045 2527 3084 et
2554 3041 2827 3084 indubitatas
2864 3046 2908 3084 et
2935 3041 2981 3084 in

1629 3109 1766 3139 unum
1796 3097 1990 3140 codicem
2021 3098 2229 3141 collectas
2260 3110 2356 3141 esse
2386 3097 2440 3140 de
2464 3102 2610 3140 cetero
2630 3097 2979 3149 constitutiones,

1629 3157 1680 3195 ut
1717 3165 1774 3196 ex
1819 3166 1870 3196 eo
1916 3153 2220 3196 tantummodo
2259 3156 2410 3196 nostro
2450 3152 2570 3196 felici
2606 3153 2781 3195 nomine
2809 3166 2978 3196 nuncu-

1630 3209 1775 3264 pando
1822 3208 1973 3253 codice
2014 3209 2216 3252 recitatio
2270 3209 2634 3252 constitutionum
2677 3209 2724 3251 in
2775 3209 2978 3252 omnibus

1629 3264 1687 3307 ad
1726 3265 1902 3308 citiores
1946 3265 2091 3308 litium
2135 3265 2377 3308 decisiones
2397 3265 2427 3290 ¹⁴
2466 3263 2547 3307 fiat
2587 3264 2774 3308 iudiciis.
2854 3264 2980 3309 Data

1629 3320 1688 3363 id.
1732 3320 1860 3364 Febr.
1910 3319 2304 3379 Constantinopoli
2344 3320 2415 3363 dn.
2441 3318 2700 3364 Iustiniano
2731 3335 2816 3380 pp.
2857 3322 2907 3365 A.
2936 3333 2981 3364 11

1631 3389 1752 3420 cons.
2789 3381 2847 3429 [a.
2881 3380 2977 3430 528]

1632 3519 1684 3569 (5)
1730 3516 1989 3558 exconsulem
2037 3519 2138 3560 libri

1629 3574 1729 3627 Diy.
1772 3589 1805 3614 c.
1839 3575 1974 3615 Tama
2004 3573 2036 3623 '§
2069 3577 2110 3621 9)

1630 3645 1704 3671 om.
1743 3630 1787 3671 U

2278 3521 2330 3566 (6)
2373 3531 2580 3559 sacrarum
2618 3521 2692 3560 ins.
2723 3519 2846 3569 (edd,
2885 3520 2976 3560 vide

2241 3575 2295 3626 (ἲ)
2326 3575 2516 3614 omnibus
2556 3578 2617 3616 ins
2673 3576 2726 3616 W
2847 3577 2902 3626 (8)
2931 3575 2974 3615 in

1945 3633 2001 3682 (9)
2040 3633 2100 3672 sic
2137 3631 2186 3679 U,
2222 3632 2473 3683 perscriptae
2516 3631 2548 3672 C
2559 3632 2612 3673 W
2746 3632 2822 3683 (10)
2860 3644 2974 3671 sanc-

1629 3686 1783 3726 tionem
1821 3687 2002 3728 inserunt
2042 3685 2199 3728 CWU⁶
2357 3691 2423 3738 (11)
2462 3687 2620 3727 inditae
2659 3688 2706 3738 U,
2745 3687 2891 3727 inclite
2932 3688 2975 3735 G,

1628 3741 1790 3781 indulte
1831 3743 1886 3784 W
2002 3745 2074 3793 (12)
2115 3745 2175 3784 sic
2206 3742 2294 3791 GU,
2335 3742 2535 3782 diuturna
2581 3744 2631 3783 W
2736 3745 2809 3795 (13)
2839 3756 2974 3783 rerum

1629 3813 1701 3838 om.
1741 3798 1798 3838 Ua
1914 3800 1984 3852 (14)
2014 3801 2073 3840 sic
2115 3800 2174 3851 W,
2206 3799 2427 3838 divisiones
2463 3799 2544 3840 GU
