3094 4732
133 187 252 240 VIII
290 182 488 234 53--55

128 332 254 376 unius
284 328 445 371 assium
474 327 698 380 quattuor,
737 322 913 377 penitus
972 330 1067 363 esse
1096 310 1312 359 reicienda
1342 322 1449 354 cen·

126 398 278 431 semus.
351 380 456 436 quid
497 380 610 423 enim
653 377 796 422 verbis
840 390 950 443 opus
998 377 1085 425 est,
1138 379 1250 425 quae
1300 377 1451 408 rerum

125 441 303 485 effectus
327 437 470 479 nullus
494 433 718 489 sequitur?
762 444 982 476 sancimus
1007 429 1155 482 itaque
1178 419 1449 487 nullomodo

125 507 273 539 eorum
301 490 561 534 mentionem
590 488 657 531 vel
693 487 765 530 in¹
804 484 1102 542 imperialibus
1134 475 1450 541 donationibus

123 551 189 592 vel
218 549 262 592 in
291 547 385 590 aliis
417 544 615 589 omnibus
646 542 698 585 de
729 545 873 585 cetero
903 539 1022 590 fieri,
1063 534 1138 579 sed
1176 537 1220 598 et
1258 544 1305 597 si·
1325 543 1451 595 quis-

124 617 251 660 quam
289 614 366 658 per
394 599 698 645 verbositatem
734 596 900 652 aliquid
938 594 1027 638 tale
1055 591 1329 644 inscripserit
1357 598 1452 630 sive

124 658 349 710 remiserit,
380 656 502 700 nulla
530 652 771 702 differentia
801 651 897 695 sit2.

617 796 753 843 L1111
789 790 952 855 (LV).³

126 884 201 924 DE
230 878 639 923 DONATIONIBUS
670 876 818 922 QUAE
858 873 959 915 SUB
989 871 1144 912 MODO
1174 868 1288 910 VEL
1319 867 1452 907 CON-

126 938 357 980 DICIONE
409 935 521 975 VEL
575 931 909 1028 EXOIglEXI'tr'ItYffi.
936 925 1203 969 TEMPORE
1259 922 1452 964 CONFI-

186 1074 206 1120 1
255 1073 397 1130 Impp.
450 1069 711 1114 Valerianus
749 1073 793 1111 et
836 1065 1062 1109 Gallienus
1100 1062 1190 1107 ΑΛ.
1230 1059 1450 1104 Gamicae.

127 1131 172 1174 Si
202 1130 374 1179 doceas,
406 1131 454 1170 ut
482 1125 706 1177 adfirmas,
723 1121 862 1178 -nepti
890 1126 993 1163 tuae
1023 1132 1074 1163 ea
1103 1118 1196 1171 lege
1225 1129 1253 1159 a
1281 1118 1326 1158 te
1356 1125 1454 1179 esse

126 1186 352 1233 donatum,
397 1186 445 1225 ut
483 1182 602 1224 certa
631 1179 711 1222 tibi
742 1177 947 1220 alimenta
975 1175 1233 1236 praeberet&
1255 1169 1452 1236 vindica-

126 1241 284 1282 tionem
313 1238 443 1281 etiam
471 1235 556 1278 hoc
587 1247 693 1277 casu
724 1230 871 1276 utilem
903 1244 975 1284 eo,
1007 1228 1122 1285 quod
1150 1229 1236 1282 legi
1264 1226 1341 1269 illa
1373 1225 1452 1268 ob-

125 1299 367 1349 temperare
397 1290 596 1343 noluerit,
627 1290 859 1343 impetrare
889 1289 1027 1342 potes,
1059 1284 1104 1327 id
1129 1288 1196 1327 est
1218 1282 1451 1332 actionem,

130 1355 142 1391 1
242 1360 300 1390 ua
335 1345 571 1391 dominium
609 1344 841 1399 pristinum
880 1342 1139 1385 restituatur
1175 1337 1270 1382 tibi.
1336 1335 1452 1380 Nam

124 1417 205 1447 con
237 1403 341 1446 ictio
398 1400 542 1444 uidem
565 1399 650 1443 hoc
675 1411 782 1442 casu
811 1397 871 1451 (id
895 1396 1021 1440 estin
1037 1406 1270 1451 personam
1285 1391 1404 1436 actio
1419 1393 1452 1445 ⁴)

122 1460 216 1502 iure
238 1416 459 1514 procedit:
490 1467 639 1499 verum
660 1452 997 1498 vindicationem
1024 1462 1196 1506 quoque
1218 1448 1304 1493 divi
1359 1446 1451 1491 rin·

121 1515 240 1612 IncipeDs
278 1512 445 1611 inThoc
477 1523 615 1609 ca5uB
613 1508 801 1553 dandam
831 1520 927 1552 esse
956 1510 1213 1550 sanxerunt.
1264 1503 1317 1613 [ξ
1353 1514 1457 1610 ὲῧξῖ

154 1603 163 1612 .
237 1581 295 1613 ec.
364 1580 470 1611 usco
499 1580 523 1610 e
616 1578 719 1608 asso
750 1576 893 1608 conss.
1312 1595 1319 1603 .

177 1622 208 1668 2
240 1622 402 1681 ‘Impp
433 1620 741 1666 Diocletianus
778 1624 823 1663 et
849 1617 1160 1662 Maximianus
1189 1616 1281 1660 ΑΑ.
1313 1616 1453 1659 Aure-

122 1679 211 1723 ίίοο
240 1678 419 1722 Zenoni.
479 1676 524 1720 Si
553 1674 861 1731 praediorum⁷
891 1672 1202 1730 proprietatem
1231 1672 1345 1715 dono
1376 1670 1452 1715 de·

121 1735 223 1779 disti
251 1734 335 1784 ita,
376 1735 425 1776 ut
453 1735 554 1788 post
581 1736 763 1774 mortem
797 1730 889 1774 eius
919 1730 993 1784 qui
1021 1728 1196 1784 accepit
1224 1727 1280 1771 ad
1308 1730 1354 1771 te
1382 1739 1452 1770 re-

122 1790 252 1841 diret,
293 1788 472 1832 donatio
511 1788 645 1839 valet,
687 1799 786 1829 cum
823 1786 953 1829 etiam
988 1784 1046 1827 ad
1082 1788 1256 1839 tempus
1286 1788 1454 1827 certum

122 1846 189 1889 vel
225 1845 440 1888 incertum
480 1855 532 1886 ea
574 1842 668 1885 fieri
707 1846 854 1897 potest
917 1841 1011 1895 lege
1050 1839 1222 1883 scilicet
1263 1850 1376 1893 quae
1415 1837 1455 1881 ei

123 1900 325 1956 imposita
339 1903 406 1943 est
420 1897 718 1942 conservanda
730 1900 758 1940 ⁸.
804 1874 897 1940 Pi).
918 1908 947 1940 v
961 1896 1020 1939 id.
1032 1894 1168 1939 Mart.
1186 1893 1393 1938 Maximo
1414 1904 1458 1936 11

124 1963 166 1999 et
194 1954 403 2011 Aquilino
435 1966 576 1997 conss.
1267 1954 1323 2001 [a.
1357 1952 1453 2001 286]

181 2008 210 2056 3
254 2009 395 2053 ⁹Iden2
433 2010 523 2053 ΛΑ.
566 2007 712 2052 Iuliae
727 2008 761 2034 ¹⁰
799 2005 1055 2051 Marcellae.
1125 2005 1336 2061 Quotiens
1376 2004 1454 2048 do·

124 2067 244 2110 natio
283 2065 346 2108 ita
384 2063 636 2115 conficitur,
675 2067 724 2106 ut
759 2066 861 2118 post
893 2066 1066 2118 tempus
1096 2061 1142 2105 id
1170 2060 1288 2117 quod
1318 2061 1454 2104 ‹lona-

123 2127 215 2165 tum
245 2123 312 2165 est
340 2119 415 2163 alii
442 2119 719 2170 restituatur,
759 2117 919 2161 veteris
956 2117 1062 2161 iuris
1093 2117 1358 2161 auctoritate
1386 2128 1453 2159 re-

122 2177 209 2222 scri
241 2179 334 2220 tum
364 2179 442 2226 est,
473 2174 512 2218 si
540 2175 577 2218 is
606 2173 652 2216 in
685 2186 811 2228 quem
841 2172 1120 2217 liberalitatis
1150 2171 1455 2228 compendium

123 2246 206 2275 con
227 2231 431 2275 erebatur
461 2229 697 2284 stipulatus
727 2242 816 2272 non
847 2229 923 2281 sit,
961 2228 1112 2283 placiti
1142 2227 1228 2271 fide
1256 2241 1346 2271 non
1374 2228 1453 2271 im-

152 2287 240 2329 leta
256 2287 302 2336 ¹¹,
341 2285 380 2328 ei
420 2285 492 2338 qui
529 2282 807 2327 liberalitatis
838 2287 997 2326 auctor
1024 2282 1157 2325 fuit¹²
1185 2283 1254 2325 vel
1281 2281 1453 2326 heredi-

118 2300 201 2384 ΕΗΒ
245 2340 338 2383 eius
383 2338 670 2382 condicticiae
712 2337 900 2381 actionis
943 2338 1293 2392 persecutionem
1335 2350 1454 2381 com-

124 2403 139 2438 1
209 2398 371 2451 petere.
440 2393 525 2438 Sed
565 2406 663 2436 cum
701 2396 858 2448 postea
896 2390 1086 2447 benigna
1101 2394 1137 2420 ¹³
1172 2392 1283 2436 iuris
1319 2392 1453 2436 inter-

118 2450 362 2506 pretatione
404 2448 489 2493 divi
532 2448 752 2504 principes
797 2448 838 2491 ei
877 2448 952 2503 qui
991 2447 1229 2503 stipulatus
1268 2460 1358 2491 non
1398 2448 1456 2492 sit

118 2506 268 2550 utilem
309 2506 526 2548 actionem
565 2505 689 2547 iuxta
720 2503 945 2547 donatoris
974 2503 1246 2547 voluntatem
1277 2516 1454 2559 compe-

120 2565 210 2605 tere
224 2563 257 2588 ¹⁴
282 2560 548 2611 admiserint,
573 2559 702 2612 actio,
734 2572 847 2614 quae
873 2559 1014 2603 sorori
1038 2561 1155 2613 tuae,
1188 2560 1223 2604 si
1248 2558 1295 2603 in
1320 2560 1455 2604 rebus

121 2617 319 2662 humanis
348 2621 510 2672 ageret,
541 2615 880 2670 competebat¹⁶,
920 2614 1002 2659 tibi
1030 2614 1453 2659 accommodabitur.

119 2671 211 2716 ΡΡ.
231 2671 367 2716 Sirmi
382 2670 495 2715 nic.
510 2669 637 2715 Oct.i
671 2671 735 2713 sis
752 2673 1086 2716 1111e1111AA.
1105 2685 1247 2715 conss.
1281 2675 1337 2724 [a.
1356 2675 1454 2724 290]

176 2726 206 2772 4
238 2726 362 2770 Idem
391 2727 482 2770 AA.
549 2725 635 2768 Per
655 2730 753 2769 ecta
780 2725 958 2770 donatio
989 2726 1270 2770 condiciones
1300 2730 1457 2782 postea

120 2796 207 2827 non
233 2783 363 2838 capit.
409 2794 543 2836 quare
571 2781 609 2825 si
637 2783 766 2836 pater
793 2785 897 2824 tuus
922 2780 1160 2826 donatione
1183 2781 1305 2826 facta
1324 2795 1455 2847 quas·

122 2839 222 2882 dam
266 2841 367 2893 post
409 2837 680 2893 aliquantum
724 2836 933 2892 temporis
970 2836 1130 2881 fecisse
1175 2837 1456 2882 condiclones

120 2893 303 2946 videtur,
334 2891 513 2937 officere
541 2893 627 2936 hoc
655 2892 892 2948 nepotibus
922 2892 1015 2936 eius
1041 2893 1189 2937 fratris
1215 2893 1282 2937 tui
1297 2894 1330 2921 ¹⁶
1355 2893 1457 2939 filiis

120 2949 294 2993 minime
322 2961 450 3004 posse
479 2961 569 2992 non
598 2947 779 2992 dubium
809 2953 889 2992 est.
935 2947 989 2992 D.
1021 2947 1063 2992 lc.
1094 2948 1186 2993 Oct.
1218 2948 1456 2994 Tiberiano

120 3010 164 3048 et
190 3003 336 3047 Dione
364 3016 506 3048 conss.
1267 3009 1324 3058 [a.
1358 3009 1455 3058 291]

175 3058 204 3105 5
238 3058 361 3124 Isiem
377 3060 468 3103 AA.
501 3064 545 3103 et
576 3056 652 3104 CC.
676 3058 904 3118 Dexippo.
965 3058 1011 3103 Si
1042 3059 1147 3116 quid
1176 3065 1317 3104 mater
1336 3060 1456 3105 filiae

119 3127 225 3158 suae
263 3128 309 3159 ιιι
347 3116 567 3170 potestate
605 3115 744 3170 patris
786 3114 1054 3159 constitutae
1099 3116 1183 3160 sub
1223 3116 1311 3161 hac
1351 3130 1454 3162 con-

119 3170 312 3222 dicione,
344 3170 382 3213 si
417 3170 551 3214 fuerit
587 3171 707 3214 intra
735 3170 959 3215 biennium
990 3171 1284 3228 emancipata,
1316 3172 1454 3218 dona-

119 3226 199 3278 vit,
236 3226 340 3269 licet
376 3228 459 3270 hoc
495 3226 647 3270 matris
675 3227 902 3271 voluntate
939 3227 1010 3272 sui
1039 3227 1148 3272 iuris
1178 3228 1337 3272 effecta
1365 3242 1457 3274 non

120 3281 275 3331 tenuit,
303 3283 450 3324 tamen
479 3283 601 3338 prius
630 3282 786 3326 marito
817 3282 1026 3327 defuncto
1044 3283 1078 3311 ¹⁷
1107 3284 1177 3328 sui
1204 3283 1314 3329 iuris
1345 3298 1455 3342 quo-

123 3347 306 3398 cumque
342 3337 470 3380 modo
500 3337 655 3381 effecta
683 3338 741 3382 ad
769 3338 1098 3384 similitudinem
1128 3339 1265 3395 legati
1292 3341 1356 3385 ita
1384 3353 1454 3385 re-

122 3389 213 3433 heti
252 3403 343 3434 rem
367 3391 586 3454 ‚donatam
623 3393 806 3438 firmiter
833 3394 999 3439 habere
1026 3396 1094 3440 vel
1122 3396 1347 3441 vindicare
1375 3410 1453 3453 po-

122 3448 223 3489 test.
282 3444 326 3488 S.
358 3446 415 3489 id.
447 3446 550 3490 Dec.
583 3448 868 3494 Nicomediae
900 3450 977 3495 CC.
1010 3464 1154 3495 conss.
1268 3457 1325 3505 [a.
1356 3457 1454 3506 294]

624 3588 708 3636 Lv
746 3590 949 3652 (Lv1).¹⁸

330 3669 403 3709 DE
432 3669 787 3711 REVOGANDIS
818 3674 1246 3717 DONATIONIBUS.

179 3749 199 3794 1
244 3748 391 3807 ¹⁹Imp.
418 3749 569 3810 Philip
605 3766 658 3796 us
685 3755 736 3797 A.
765 3754 914 3811 Aqilio
928 3756 966 3782 ²⁰
998 3756 1274 3802 Cosmiano..
1306 3759 1452 3803 Etsi²¹

119 3804 325 3859 perfectIs
349 3805 577 3852 donatiom
608 3820 661 3852 us
687 3808 733 3852 in
758 3811 1080 3867 possessionem
1100 3814 1306 3859 inductus
1320 3814 1453 3860 liber-

120 3945 170 3995 (1)
199 3946 243 3984 in
270 3947 382 3997 dete„-
402 3962 474 3989 om.
499 3948 570 3989 GR
664 3950 720 3999 (2)
751 3950 806 3990 sit
828 3948 891 3991 R⁶
916 3967 997 3994 cum
1024 3955 1081 4005 B,
1111 3970 1184 3996 om.
1222 3955 1266 4006 0,
1296 3956 1454 3997 inc-R0

120 4000 174 4051 (3)
209 4001 250 4041 Β
279 4003 346 4052 47,
376 4011 406 4054 1,
435 4012 479 4044 70
508 4019 618 4057 seqq.
732 4006 787 4058 (4)
826 4007 870 4047 id
903 4011 962 4048 est
999 4009 1043 4049 in
1081 4023 1185 4063 pers.
1226 4011 1336 4052 actio
1375 4012 1454 4053 del.

125 4057 233 4118 Hal..
333 4058 387 4108 (5)
416 4079 470 4094 =
508 4059 598 4100 Vat.
631 4069 698 4103 283
821 4062 878 4113 (6)
913 4064 1070 4105 aurelio
1110 4068 1213 4116 ναι,
1252 4082 1326 4109 om.
1360 4067 1457 4108 libri

121 4112 172 4171 (7)
191 4123 237 4173 ἐι
268 4112 559 4164 [praediorum]
589 4115 950 4168 stipendiariorum
990 4121 1083 4161 Vat.
1197 4124 1255 4174 (8)
1285 4121 1454 4163 donatio

121 4169 246 4227 inrita
276 4169 469 4232 esa-cum
498 4169 550 4209 ad
578 4172 736 4223 tempus
765 4172 833 4223 (ad
863 4175 903 4213 te
932 4176 1035 4226 cod.)
1063 4179 1293 4230 proprietas
1322 4180 1453 4218 trans-

122 4220 220 4259 fern
249 4226 480 4272 nequiverit
518 4225 607 4266 Vat.
721 4228 778 4279 (9)
808 4249 863 4263 ==
903 4229 991 4270 Vat.
1023 4239 1094 4273 286
1215 4234 1290 4284 (ιο)
1320 4233 1454 4274 Iuliae

126 4275 235 4334 Van,
266 4292 335 4338 qm.
368 4278 463 4319 libri
599 4282 668 4333 (ιι)
695 4285 855 4323 servata
893 4284 982 4325 Vae.
1125 4289 1200 4340 (ιι)
1235 4289 1318 4330 fuit
1346 4290 1452 4340 odd„

123 4330 311 4371 interfuit
340 4333 436 4373 libri
543 4336 617 4387 (13)
646 4338 704 4378 εἰσ
735 4340 838 4389 edd„
868 4338 1038 4391 benigni
1073 4342 1168 4384 libri
1278 4345 1353 4397 (14)
1383 4343 1453 4385 de-

124 4386 361 4447 cernendam
379 4399 460 4428 esse
492 4391 575 4430 Vat.
631 4392 705 4443 (15)
722 4395 859 4445 potuit
874 4393 1039 4435 decerni
1065 4397 1154 4437 Vat.
1214 4401 1289 4451 (16)
1303 4401 1362 4441 eie
1377 4397 1452 4451 feb,

123 4437 240 4478 fratri
256 4442 328 4481 tuo
350 4443 390 4493 0,
408 4443 603 4485 fratribus
618 4446 700 4486 tuis
723 4449 813 4488 13⁰?
871 4449 946 4501 (17)
963 4450 1080 4503 prius
1094 4454 1242 4494 marito
1258 4453 1453 4495 defuneto

125 4492 273 4534 colloca
289 4510 421 4559 ‘supra
440 4507 532 4551 post
551 4499 649 4541 lieet
734 4505 811 4554 (18)
839 4504 881 4544 Β
905 4506 972 4552 47,
1003 4514 1022 4546 2
1107 4508 1184 4559 (19)
1203 4529 1258 4545 ==
1276 4511 1367 4551 Vat.
1384 4518 1453 4552 272

126 4546 206 4594 (2ο)
234 4549 361 4597 agillo
397 4552 503 4603 Vua,
531 4569 602 4595 om.
635 4557 729 4598 libri
838 4560 912 4610 (21)
942 4559 1135 4602 Cominio
1163 4576 1236 4604 suo
1264 4563 1452 4606 salutem.

127 4598 239 4638 Inter
276 4607 466 4653 patronos
504 4610 543 4648 et
579 4609 747 4652 libertos
787 4613 835 4653 de
864 4615 958 4656 iure
987 4614 1254 4659 donationum
1283 4620 1453 4661 tractari

1445 155 1551 215 366

2339 168 2414 206 DE
2448 168 2863 210 DONATIONIBUS

1531 308 1605 351 tus
1649 305 1923 362 quantolibet
1964 311 2159 368 tempore
2203 318 2255 349 ea
2294 316 2406 360 quae
2444 303 2528 347 sibi
2566 302 2732 349 donata
2763 306 2868 348 sunt

1532 362 1664 418 pleno
1694 360 1791 405 iure
1819 366 1870 405 ut
1898 363 2098 408 dominus
2128 358 2386 419 possederit,
2416 360 2578 410 tamen,
2609 359 2649 403 si
2669 359 2866 416 ingratus

1533 418 1590 461 sit
1599 418 1652 470 2²,
1693 415 1833 462 omnis
1877 417 2057 464 donatio
2100 421 2272 463 mutata
2314 420 2601 470 patronorum
2640 413 2867 459 voluntate

1538 478 1553 515 1
1615 472 1865 516 revocanda
1903 473 1972 518 sit.
2080 474 2170 519 uod
2207 469 2513 516 observabitur
2555 473 2600 513 et
2638 469 2756 513 circa
2799 482 2866 522 ea,

1534 540 1647 584 quae
1675 527 1932 572 libertorum
1960 542 2150 582 nomme,
2190 526 2378 584 pecunia
2405 528 2555 569 tamen
2582 526 2869 580 patronorum

1533 588 1558 627 2
1617 587 1661 627 et
1688 583 1901 628 beneficio
1932 588 2187 641 comparata
2216 587 2333 627 sunt.
2394 580 2509 625 Nam
2545 580 2620 635 qui
2649 579 2870 635 obsequiis

1533 639 1625 684 suis
1669 638 1978 683 liberalitatem
2021 645 2309 696 patronorum
2352 638 2724 693 provocaverunt,
2780 647 2870 680 non

1535 697 1638 739 sunt
1681 693 1814 749 digni,
1865 694 1940 750 qui
1951 695 1988 722 ²³
2031 708 2127 740 eam
2139 697 2177 723 ²⁴
2219 695 2458 745 retineant,
2505 703 2606 735 cum
2645 691 2873 747 coeperint

1535 750 1744 805 obsequia
1774 749 2013 805 neglegere,
2045 764 2144 795 cum
2174 751 2310 806 magis
2337 749 2385 793 in
2396 749 2434 775 ²⁵
2464 759 2539 791 eos
2570 747 2733 790 collata
2761 746 2870 792 libe-

1535 806 1687 849 ralitas
1724 804 1783 848 ad
1816 805 2075 860 obsequium
2101 806 2314 850 inclinare
2345 804 2477 847 debet
2488 804 2526 829 ²⁶
2555 814 2689 858 quam
2718 801 2776 845 ad
2805 801 2871 845 in-

1536 866 1558 905 3
1618 859 1847 904 solentiam
1891 861 2066 915 erigere.
2140 861 2239 906 Hoc
2281 866 2428 904 tamen
2472 859 2540 902 ius
2583 857 2721 902 stabit
2755 857 2874 901 intra

1534 918 1654 972 ipsos
1685 918 1878 966 tantum,
1920 916 1994 970 qui
2020 916 2330 961 liberalitatem
2340 917 2376 942 ²⁷
2417 913 2693 958 dederunt²⁸.
2755 915 2872 957 cete-

1534 986 1631 1016 rum
1674 983 1817 1026 neque
1858 970 1938 1014 filii
1982 983 2134 1015 eorum
2175 985 2318 1028 neque
2363 981 2642 1015 successores
2687 967 2744 1011 ad
2789 968 2874 1013 hoc

1534 1026 1796 1072 beneficium
1825 1026 2177 1082 pertinebunt²⁹z
2219 1040 2361 1083 neque
2398 1026 2512 1070 enim
2540 1025 2609 1069 fas
2638 1028 2708 1068 est
2734 1023 2875 1068 ullo³⁰

1535 1083 1663 1127 modo
1701 1081 1937 1138 inquietari
1976 1081 2256 1136 donationes,
2299 1095 2409 1139 quas
2446 1082 2483 1125 is
2523 1081 2600 1139 qui
2637 1079 2876 1124 donaverat

1534 1140 1578 1184 in
1611 1139 1723 1183 diem
1753 1138 1867 1181 vitae
1897 1150 2005 1182 suae
2034 1151 2123 1181 non
2150 1139 2407 1183 retractavit
2419 1139 2469 1181 ³¹.
2529 1137 2583 1181 D.
2616 1147 2688 1180 JV
2711 1131 2754 1179 lc.
2787 1133 2874 1179 Iul.

1534 1194 1784 1239 Aemiliano
1814 1198 1860 1238 et
1886 1196 1925 1237 A
1959 1193 2101 1237 uilino
2133 1206 2276 1237 conss.
2687 1194 2745 1244 [a.
2777 1193 2874 1242 249]

1592 1248 1622 1295 2
1668 1247 1781 1308 Imp.
1828 1247 1923 1293 Pro
1955 1262 2009 1292 us
2051 1248 2102 1292 A.
2148 1249 2299 1293 Felici.
2374 1248 2422 1292 Si
2465 1247 2585 1304 apud
2627 1245 2899 1303 provinciae

1533 1305 1782 1363 praesidem
1821 1304 1962 1349 aviam
1998 1303 2117 1348 filiae
2155 1308 2259 1348 tuae
2297 1304 2424 1360 quasi
2458 1301 2730 1360 paenitentia
2768 1301 2875 1346 duc·

1533 1367 1624 1406 tam
1653 1361 1885 1406 subtracta
1909 1362 2204 1404 instrumenta
2226 1360 2513 1404 donationum
2536 1359 2627 1414 igni
2655 1357 2877 1402 exussisse

1536 1417 1806 1472 constiterit,
1837 1417 1978 1461 vereri
2006 1420 2051 1460 te
2079 1430 2171 1460 non
2200 1418 2394 1472 oportet,
2435 1428 2490 1460 ne
2524 1415 2591 1469 id,
2630 1412 2748 1471 quod
2783 1414 2879 1458 iure

1534 1475 1649 1518 vires
1688 1478 1944 1530 acceperat,
1986 1485 2040 1516 ex
2073 1478 2176 1528 post
2203 1471 2324 1516 facto
2353 1471 2495 1527 possit
2521 1470 2568 1514 in
2600 1469 2782 1514 dubium
2808 1482 2877 1514 re-

1535 1529 1697 1574 vocari.
1757 1528 1850 1573 ΡΡ.
1884 1541 1954 1573 111
1979 1542 2083 1573 non.
2116 1527 2226 1573 Mai.
2259 1526 2396 1571 Sirmi
2423 1526 2576 1571 Probo
2602 1528 2653 1570 A.
2685 1530 2731 1570 et
2749 1523 2878 1570 Pau-

1535 1585 1629 1630 lino
1661 1598 1806 1629 conss.
2689 1586 2746 1636 [a.
2779 1583 2878 1633 277]

1594 1639 1624 1688 3
1670 1640 1849 1700 Imppp.
1893 1638 2035 1685 Carus
2081 1638 2272 1684 Carinus
2315 1643 2361 1683 et
2403 1637 2705 1682 Numerianus
2745 1637 2879 1682 AAA.

1537 1696 1758 1742 Ianuario
1812 1701 1858 1741 et
1898 1695 2050 1741 Felici.
2126 1694 2478 1746 Possessionem,
2532 1705 2661 1749 quam
2710 1692 2758 1737 in
2803 1705 2880 1737 vos

1537 1752 1836 1808 emancipatos
1865 1765 1946 1809 per
1974 1751 2254 1796 donationem
2283 1755 2424 1794 mater
2454 1749 2660 1803 contulit,
2691 1762 2747 1794 ex
2775 1761 2880 1804 pae-

1537 1808 1725 1853 nitentia
1763 1808 1859 1852 sola
1898 1808 2092 1851 alienare
2132 1820 2222 1852 non
2260 1806 2419 1862 potuit.
2490 1805 2583 1848 ΡΡ.
2616 1816 2662 1849 11
2688 1804 2747 1850 id.
2780 1803 2880 1849 Ian.

1541 1864 1704 1909 Carino
1737 1876 1782 1908 II
1808 1869 1854 1908 et
1882 1863 2158 1907 Numeriano
2189 1862 2280 1906 ΛΑ.
2313 1875 2455 1906 conss.
2694 1865 2751 1914 [a.
2783 1863 2882 1913 284]

1595 1918 1627 1965 4
1658 1919 1803 1978 Impp.
1834 1918 2145 1963 Diocletianus
2179 1923 2226 1962 et
2253 1917 2566 1962 Maximianus
2593 1917 2685 1960 AA.
2727 1921 2773 1961 et
2802 1913 2879 1960 CC.

1537 1975 1775 2021 Proculae.
1829 1974 2042 2018 Confiteri
2054 1975 2093 2001 ³2
2120 1973 2168 2018 in
2191 1973 2392 2017 fraudem
2416 1977 2458 2016 te
2483 1972 2666 2016 alterius
2693 1971 2883 2016 donasse

1538 2031 1856 2087 professionem
1894 2030 2177 2074 inhonestam
2223 2029 2448 2073 continere
2486 2028 2729 2083 intellegas.
2796 2027 2881 2071 ita-

1538 2099 1624 2143 que
1652 2086 1692 2130 si
1720 2086 2002 2131 donationem
2030 2085 2281 2141 perfecisti,
2319 2098 2417 2128 eam
2446 2096 2655 2129 revocare
2683 2097 2773 2127 non
2803 2096 2882 2138 po-

1537 2146 1607 2186 tes
1647 2155 1701 2186 ex
1737 2144 1980 2186 memorata
2018 2140 2296 2195 adlegatione
2326 2140 2408 2183 sub
2439 2140 2623 2183 obtentu
2652 2138 2883 2195 paeniten-

1538 2199 1642 2242 tiae.
1701 2196 1797 2241 PP.
1828 2196 1870 2241 lc.
1902 2197 2048 2255 April.
2083 2196 2323 2240 Heracliae
2352 2195 2444 2239 ΛΑ.
2477 2208 2620 2238 conss.
2696 2199 2752 2247 [a.
2785 2196 2883 2246 293]

1594 2253 1624 2300 5
1658 2251 1784 2297 Idem
1808 2254 1898 2296 ΑΑ.
1931 2257 1977 2297 et
2002 2251 2079 2296 CO.
2109 2250 2367 2309 Epaqatlzo.
2414 2250 2460 2294 Si
2489 2250 2772 2294 donationem
2800 2249 2886 2294 rite

1537 2309 1697 2362 fecisti,
1727 2308 1845 2352 hanc
1875 2307 2142 2352 auctoritate
2169 2306 2376 2371 rescripti
2404 2306 2545 2351 nostri
2573 2304 2766 2350 rescindi
2794 2318 2885 2350 non

1539 2368 1728 2420 oportet.
1789 2362 1834 2406 S.
1875 2375 1904 2405 V
1927 2362 1970 2406 lc.
1995 2361 2104 2406 Mai.
2132 2361 2373 2407 Heracliae
2394 2363 2487 2406 AA.
2519 2375 2662 2406 conss.
2709 2366 2765 2414 [a.
2786 2364 2884 2415 293]

1596 2417 1626 2465 6
1659 2419 1784 2463 Idem
1827 2419 1918 2462 AA.
1965 2423 2009 2462 et
2054 2417 2131 2462 CC.
2179 2416 2448 2463 Herenniae.
2514 2416 2664 2462 Velles
2703 2430 2786 2462 nec
2829 2429 2886 2462 ne

1537 2475 1629 2519 filio
1659 2478 1737 2518 tuo
1767 2473 1951 2530 praedia
1974 2474 2166 2528 itemque
2190 2473 2414 2530 mancipia
2436 2473 2616 2526 donare,
2646 2473 2732 2517 fuit
2759 2472 2884 2518 initio

1538 2531 1620 2575 tibi
1650 2530 1862 2585 liberum.
1938 2529 2089 2574 desine
2132 2529 2283 2585 itaque
2326 2529 2575 2586 postulare,
2615 2532 2668 2573 ut
2705 2529 2884 2574 donatio

1539 2599 1671 2642 quam
1711 2585 1964 2642 perfeceras
2004 2589 2237 2630 revocetur
2275 2587 2358 2629 sub
2395 2587 2630 2641 praetextu
2657 2584 2803 2630 mariti
2831 2597 2887 2630 ac

1539 2643 1775 2687 liberorum
1828 2641 2081 2695 absentiae,
2138 2653 2238 2685 cum
2285 2641 2417 2686 huius
2459 2640 2646 2686 firmitas
2690 2642 2886 2698 ipsorum

1538 2698 1791 2754 praesentia
1834 2710 1925 2741 non
1968 2696 2195 2752 indigeret.
2264 2696 2310 2741 S.
2351 2710 2376 2742 v
2423 2696 2464 2741 lc.
2511 2695 2604 2742 Oct.
2650 2696 2886 2742 Viminacii

1542 2753 1619 2798 00.
1652 2766 1796 2797 conss.
2695 2757 2752 2806 [a.
2785 2755 2885 2804 294]

1597 2807 1625 2855 7
1661 2808 1847 2867 ³³Impp.
1892 2807 2180 2852 Constantius
2221 2812 2265 2852 et
2307 2806 2526 2852 Constans
2556 2809 2647 2852 AA.
2690 2808 2751 2852 ad
2777 2807 2885 2852 Plu·-

1540 2865 1712 2924 lippum
1739 2878 1824 2922 pp.
1892 2863 1973 2907 His
2013 2863 2120 2908 solis
2160 2863 2398 2916 matribus,
2449 2877 2563 2919 quae
2599 2877 2691 2908 non
2729 2863 2776 2907 in
2816 2876 2884 2908 se·

1541 2921 1673 2965 cundi
1712 2919 1979 2964 matrimonii
2016 2919 2174 2963 foedus
2213 2919 2465 2975 nupserint,
2507 2919 2585 2963 sed
2624 2919 2755 2963 unius
2785 2924 2884 2963 tan-

1539 2980 1636 3021 tum
1685 2974 1951 3020 matrimonii
2004 2978 2132 3026 sunt,
2190 2974 2539 3019 revocandarum
2597 2975 2885 3019 donationum

1539 3045 1650 3089 quas
1679 3032 1726 3075 in
1755 3031 1870 3076 filios
1910 3031 2097 3075 fecerint
2126 3031 2189 3074 ita
2219 3030 2495 3075 decernimus
2524 3030 2806 3083 facultatem,
2848 3031 2886 3074 si

1545 3094 1561 3131 1
1624 3101 1699 3133 eos
1729 3088 1928 3144 ingratos
1960 3087 2079 3131 circa
2109 3099 2156 3130 se
2186 3099 2285 3131 esse
2317 3086 2604 3131 ostenderint.
2664 3086 2886 3142 Quidquid

1537 3144 1671 3199 igitur
1705 3143 1743 3188 is
1782 3143 1857 3199 qui
1895 3157 1922 3187 a
1954 3148 2095 3187 matre
2122 3142 2362 3198 impietatis
2392 3141 2595 3198 arguitur
2623 3154 2678 3187 ex
2688 3143 2726 3169 ³⁴
2754 3141 2884 3186 titulo

1541 3199 1790 3244 donationis
1820 3202 1942 3243 tenet
1967 3210 2019 3242 co
2046 3198 2128 3251 die,
2160 3211 2247 3298 (hillo
2278 3198 2602 3242 controversiae
2632 3197 2884 3254 qualecum-

1540 3269 1625 3311 que
1665 3255 1808 3312 princi
1840 3256 1930 3299 ium
1969 3254 2096 3298 iussu
2123 3253 2171 3298 iu
2204 3254 2362 3298 'cantis
2392 3254 2543 3308 datur,
2584 3253 2715 3298 matri
2753 3266 2884 3308 coga-

1540 3317 1564 3356 2
1621 3314 1697 3355 tur
1739 3325 1787 3355 re
1820 3311 1936 3355 dere.
2012 3309 2218 3354 Ceterum
2262 3322 2376 3366 quae
2420 3314 2523 3353 ante
2561 3309 2707 3354 adhuc
2746 3313 2886 3353 matre

1539 3367 1726 3424 pacifica
1763 3367 1861 3411 iure
1894 3367 2095 3423 perfecta
2124 3368 2230 3411 sunt
2259 3371 2303 3410 et
2331 3370 2435 3410 ante
2464 3365 2722 3410 inchoatum
2753 3378 2883 3422 coep-

1539 3429 1717 3479 tumque
1759 3423 1950 3479 iurgium
1992 3421 2170 3469 vendita
2214 3421 2381 3465 donata
2424 3426 2595 3465 mutata
2637 3421 2685 3465 in
2737 3420 2885 3465 dotem

1540 3480 1644 3524 data
1675 3480 1921 3536 ceterisque
1951 3478 2097 3523 causis
2127 3477 2318 3534 legitime
2348 3477 2562 3529 alienata,
2602 3477 2778 3521 minime
2815 3489 2883 3521 re-

1540 3541 1563 3579 3
1622 3547 1843 3580 vocamus.
1911 3535 2145 3579 Actionem
2183 3545 2287 3577 vero
2327 3532 2481 3577 matris
2511 3533 2574 3577 ita
2603 3531 2885 3588 personalem

1538 3604 1636 3635 esse
1665 3592 1887 3643 volumus,
1928 3594 1980 3635 ut
2007 3589 2312 3634 vindicationis
2353 3593 2525 3632 tantum
2557 3588 2723 3632 habeat
2751 3585 2882 3633 effec-

1538 3652 1631 3691 tum
1674 3659 1757 3692 nec
1800 3647 1845 3690 in
1889 3646 2093 3691 heredem
2147 3645 2277 3690 detur
2323 3658 2406 3688 nec
2449 3644 2674 3688 tribuatur
2715 3643 2880 3688 heredi.

1539 3708 1566 3747 4
1630 3703 1698 3747 De
1743 3703 1900 3748 ceteris
1945 3705 2113 3755 autem,
2171 3713 2286 3757 quae
2328 3702 2647 3756 portentuosae
2700 3699 2882 3744 vilitatis

1538 3759 1825 3814 abiectaeque
1853 3757 2097 3814 pudicitiae
2127 3761 2231 3801 sunt
2244 3758 2293 3811 ³⁵,
2325 3756 2433 3801 satis
2463 3755 2595 3800 etiam
2618 3755 2754 3799 tacite
2779 3768 2882 3799 cau-

1537 3819 1632 3858 tum
1668 3818 1891 3871 putamus.
1952 3813 2050 3871 quis
2088 3818 2156 3858 est
2184 3813 2320 3867 enim,
2362 3811 2439 3869 qui
2467 3811 2536 3856 his
2566 3809 2735 3869 aliquid
2763 3810 2882 3855 arbi-

1538 3968 1622 3996 non
1653 3956 1828 4009 oportet,
1858 3969 1951 3997 oum
1982 3955 2056 3997 etsi
2096 3955 2187 3996 Vat.
2328 3954 2407 4006 (22)
2443 3953 2478 3994 si
2506 3952 2695 4006 ingratus
2722 3951 2779 3992 sit
2806 3966 2880 3993 om.

1547 4011 1653 4064 Vae„
1685 4013 1832 4052 habent
1857 4012 2008 4054 Graeci
2118 4010 2197 4063 (23)
2227 4010 2300 4062 qui
2331 4011 2435 4059 edd..
2466 4021 2549 4061 quo
2580 4009 2688 4059 libri,
2717 4008 2772 4059 <fi
2800 4015 2880 4048 not.

1536 4082 1619 4120 seq.
1737 4068 1817 4119 (24)
1845 4079 1980 4120 prov„
2008 4069 2108 4108 sunt
2136 4066 2268 4119 digni,
2298 4065 2400 4118 quin
2432 4064 2524 4116 (qui
2553 4064 2650 4114 scr.)
2680 4074 2768 4104 eam
2797 4074 2879 4103 non

1549 4123 1638 4164 Vat.
1724 4122 1803 4174 (25)
1828 4122 1875 4163 in
1901 4139 1973 4164 om.
2001 4124 2091 4164 Vai.
2178 4123 2260 4174 (26)
2285 4120 2431 4163 debeat
2463 4121 2552 4162 Vat.
2638 4117 2718 4170 (27)
2742 4118 2801 4158 sic
2818 4117 2881 4169 M,

1536 4177 1769 4218 libertatem
1814 4178 1949 4230 LCR,
1975 4181 2160 4232 sortasse
2200 4192 2284 4220 cum
2330 4176 2523 4226 Graecis,
2563 4175 2635 4228 qui
2664 4181 2879 4226 patronum

1537 4235 1662 4274 solum
1685 4247 1874 4275 revocare
1891 4249 2011 4286 posse
2027 4235 2188 4275 dicunt:
2217 4235 2268 4286 cf
2287 4241 2364 4273 not.
2380 4246 2461 4285 seq.
2549 4230 2630 4280 (28)
2645 4227 2757 4268 intra
2772 4228 2879 4281 ipso-

1538 4301 1630 4329 rum
1653 4290 1815 4328 tantum
1838 4287 2131 4339 liberalitatem
2154 4289 2227 4340 qui
2252 4288 2510 4329 donaverunt
2533 4286 2623 4326 Vat.
2684 4284 2765 4336 (29)
2787 4296 2880 4337 per-

1536 4344 1706 4385 venient
1743 4343 1833 4384 Vat.
1948 4346 2029 4396 (3ο)
2058 4345 2172 4385 οιιιιιι
2211 4345 2302 4384 Vat.
2423 4341 2497 4394 (31)
2526 4339 2735 4382 revocavit
2775 4340 2879 4388 Vae„

1535 4393 1834 4439 ἀνεκαλέσατο
1863 4402 1951 4441 ΒΣ
2037 4401 2117 4452 (32)
2146 4398 2334 4440 confiteri
2368 4397 2411 4448 G,
2441 4394 2649 4437 confiteris
2676 4395 2755 4447 13⁸,
2786 4406 2880 4435 cum

1536 4453 1769 4494 confitearis
1797 4452 1900 4496 LRb
1985 4457 2064 4508 (33)
2091 4474 2150 4493 ι-
2182 4455 2255 4496 Th.
2286 4454 2324 4506 8,
2342 4460 2452 4501 ubi:
2483 4452 2602 4505 iunye
2633 4451 2704 4493 Th.
2723 4454 2831 4502 3,13,
2849 4461 2878 4492 1.

1536 4511 1577 4561 8,
1604 4517 1655 4558 13,
1685 4516 1706 4550 2
1820 4510 1897 4561 (34)
1929 4523 1982 4552 ex
2012 4526 2085 4552 om.
2121 4511 2194 4552 Th.
2307 4508 2387 4559 (35)
2416 4506 2466 4547 de
2495 4505 2642 4547 ceteris
2764 4507 2877 4555 sunt]

1535 4577 1663 4660 guare
1692 4563 1915 4661 deTcetex-is
1944 4565 2009 4607 vel
2038 4565 2208 4607 alterius
2236 4566 2367 4605 status
2391 4560 2455 4603 vel
2478 4563 2587 4615 port.
2612 4573 2651 4602 v.
2677 4573 2714 4601 v.
2740 4573 2776 4601 a.
2801 4573 2875 4613 pu·

1564 4618 1702 4659 initiae
1771 4620 1808 4660 ἠ.
