3094 4732
205 103 280 143 DE
314 99 748 149 QUAESTIONIBUS

1323 166 1376 173 —..

250 235 315 285 10
345 234 471 282 Idem
500 237 594 284 ΛΑ.
625 237 897 285 Ptolemaeo.
965 236 1074 281 Cum
1104 241 1415 284 testamentum
1444 239 1527 285 fal-

192 306 291 340 sum
319 303 417 338 esse
444 306 694 360 proponas,
734 294 792 340 ad
818 293 1150 339 illuminandam
1179 296 1406 341 veritatem
1435 309 1527 342 ser-

190 361 268 395 vos
296 347 600 404 hereditarios,
632 350 717 396 etsi
744 351 929 396 libertas
957 349 1020 394 eis
1051 351 1108 394 ab
1139 364 1189 395 eo
1220 353 1295 408 qui
1324 366 1372 397 se
1401 353 1527 398 here·

190 403 290 450 dem
314 417 410 450 esse
438 405 644 450 adfirmat
670 407 884 463 praestita
918 410 998 459 est,
1030 407 1161 450 etiam
1197 421 1275 464 per
1310 412 1530 454 tormenta

189 459 453 518 interrogari
479 462 871 507 constitutionibus
894 461 1141 518 principum
1169 467 1237 508 est
1250 465 1526 520 permissum.

191 515 284 561 PP.
317 529 368 561 VI
393 517 436 561 lc.
465 516 586 576 Sept.
618 519 636 561 i
668 518 732 562 sis
761 529 853 562 ιιι]
880 523 926 562 et
953 530 1022 561 III
1043 521 1133 562 AA.
1166 533 1308 564 conss.
1354 525 1410 573 [a.
1429 523 1526 572 290]

249 571 308 620 11
345 572 472 618 Idem
501 575 594 618 ΑΛ,
673 572 816 618 οετΙιο.
884 572 998 618 Divo
1027 573 1182 619 Marco
1222 576 1392 631 placuit
1422 575 1527 620 emi·

189 629 544 675 acutissimorum
583 630 758 685 quidem
795 642 878 674 nec
906 643 995 674 non
1025 631 1155 674 etiam
1183 631 1528 687 perfectissimo-

188 699 288 730 rum
309 686 504 731 virorum
531 698 672 741 usque
696 685 755 729 ad
779 689 1047 742 pronepotes
1070 688 1232 732 liberos
1257 688 1528 744 plebeiorum

187 741 342 799 poenis
377 741 448 786 vel
487 741 819 797 quaestionibus
848 754 938 786 non
967 743 1131 794 subici,
1173 745 1210 787 si
1249 750 1396 788 tamen
1423 755 1527 800 pro-

187 797 357 854 pioris²
393 797 558 854 gradus
594 797 779 851 liberos,
817 810 900 854 per
938 812 1049 854 quos
1087 800 1130 843 id
1170 800 1443 856 privilegium
1471 798 1528 842 ad

188 854 442 899 ulteriorem
468 853 654 910 gradum
683 854 1026 909 transgreditur,
1056 856 1178 900 nulla
1206 856 1359 900 violati
1387 854 1528 912 pudo-

190 914 208 953 1
271 910 332 955 ris
370 910 544 954 macula
581 909 660 953 ads
696 910 820 965 ergit.
878 910 932 953 In
968 911 1279 958 decurionibus
1310 915 1457 956 autem
1485 913 1530 954 et

186 965 288 1012 filiis
329 979 481 1011 eorum
517 966 603 1010 hoc
632 923 859 1010 oEservari
887 967 952 1010 vir
979 968 1346 1023 prudentissimus
1376 966 1528 1011 Domi-

186 1022 277 1067 tius
313 1021 533 1078 Ulpianus
575 1021 622 1066 in
648 1022 945 1078 ,publicarum
987 1024 1335 1080 disputationum
1373 1023 1498 1068 libris
1512 1023 1530 1049 ²

187 1078 244 1122 ad
321 1090 526 1122 erennem
569 1077 781 1123 scientiae
832 1080 1086 1124 memoriam
1138 1080 1289 1124 refert.
1364 1077 1457 1123 ΡΡ.
1505 1090 1533 1120 ν

186 1133 229 1178 lc.
261 1091 366 1179 lieo.
396 1134 510 1195 ipsis
540 1144 632 1179 1111
658 1139 704 1179 et
730 1146 800 1179 HI
825 1136 917 1180 AA.
950 1149 1091 1180 conss.
1341 1139 1398 1189 [a.
1430 1137 1527 1186 290]

245 1189 311 1236 12
340 1189 467 1235 Idem
495 1190 587 1234 ΛΑ.
619 1192 783 1249 Aspro.
843 1191 1054 1247 Quotiens
1092 1193 1145 1236 de
1185 1192 1376 1237 dominio
1405 1203 1530 1234 man·

186 1246 403 1303 cipiorum
427 1248 663 1300 tractatur,
693 1246 733 1291 si
756 1247 856 1291 aliis
881 1249 1219 1304 probationibus
1243 1248 1405 1292 veritas
1428 1247 1530 1291 illu-

185 1302 345 1347 minari
381 1315 472 1346 non
510 1302 678 1359 possit,
720 1303 774 1348 de
811 1317 858 1348 se
896 1306 996 1360 ipsa
1033 1317 1130 1348 esse
1169 1317 1270 1348 cum
1298 1303 1530 1348 tormentis

184 1358 499 1414 interroganda
541 1358 651 1404 iuris
694 1362 901 1404 auctores
944 1361 1148 1416 probant.
1225 1359 1317 1404 ΡΡ.
1360 1371 1430 1403 111
1467 1359 1526 1402 id.

184 1413 295 1458 Mai.
328 1413 468 1459 Sirmi
499 1414 736 1460 Tiberiano
767 1422 812 1460 et
839 1415 987 1461 Dione
1016 1429 1158 1460 conss.
1341 1419 1396 1469 [a.
1430 1418 1528 1467 291]

242 1467 307 1517 13
339 1469 464 1515 Idem
494 1472 586 1515 ΛΑ.
618 1477 663 1515 et
694 1470 770 1516 CC.
805 1470 1058 1530 Philippae.
1118 1472 1240 1527 Hoc,
1281 1472 1400 1528 quod
1433 1471 1529 1528 pla-

184 1530 270 1580 cet,
310 1527 350 1572 si
388 1527 442 1572 de
480 1527 724 1572 hereditate
764 1533 1016 1583 quaeratur,
1056 1528 1349 1572 hereditarios
1379 1540 1530 1572 servos

182 1583 462 1639 interrogari,
491 1584 573 1628 tibi
602 1584 810 1639 opitulari
839 1597 929 1628 non
957 1587 1118 1639 potest.
1172 1584 1234 1627 ibi
1265 1584 1394 1637 enim,
1426 1583 1531 1626 dum

185 1639 240 1684 de
282 1639 476 1684 dominio
518 1640 738 1683 incertum
782 1643 873 1694 est,
920 1640 977 1682 ad
1016 1652 1145 1695 quem
1184 1651 1239 1683 ex
1282 1638 1532 1682 hereditate

182 1696 418 1750 pertineat,
443 1695 601 1739 merito
626 1707 708 1750 per
730 1695 1119 1750 interrogationem
1142 1694 1400 1738 hereditarii
1416 1694 1531 1737 servi

183 1751 240 1795 ad
283 1751 480 1795 veritatis
521 1750 772 1805 indaginem
809 1750 1109 1806 perveniatur.
1176 1754 1227 1794 tu
1263 1754 1412 1794 autem
1451 1749 1528 1792 ad-

182 1806 426 1850 severando
458 1817 634 1850 servum
665 1818 940 1850 communem
969 1818 1066 1850 esse
1096 1819 1187 1850 non
1217 1805 1395 1849 dubitas
1424 1817 1529 1861 por-

181 1862 348 1906 tionem
385 1860 444 1904 ad
485 1873 585 1904 eum
622 1861 864 1918 pertinere,
907 1864 1065 1905 contra
1105 1875 1232 1918 quem
1268 1860 1531 1916 interrogari

181 1930 281 1961 eum
311 1916 461 1973 cupis:
501 1928 616 1972 quae
644 1929 716 1961 res
747 1917 1052 1973 quaestionem
1083 1920 1140 1963 ab
1171 1931 1224 1963 eo
1253 1916 1413 1962 haberi
1440 1929 1530 1960 non

180 1973 408 2030 permittit,
421 1985 522 2017 cum
538 1984 622 2017 nec
639 1973 883 2018 communis
899 1986 1051 2018 servus
1068 1974 1278 2019 adversus
1291 1973 1528 2024 dominum,

180 2030 255 2086 qui
292 2042 383 2074 non
421 2029 639 2074 occidisse
678 2030 847 2074 socium
876 2043 1006 2075 suum
1036 2030 1232 2083 dicatur,
1265 2029 1531 2085 interrogari

179 2085 335 2142 possit.
395 2085 442 2130 S.
476 2097 543 2130 111
568 2084 612 2130 lc.
630 2084 740 2130 Mai.
774 2085 1019 2131 Heracliae
1037 2087 1131 2132 ΛΑ.
1164 2100 1309 2132 conss.
1357 2090 1412 2139 [a.
1430 2089 1528 2138 293]

238 2140 305 2188 14
350 2140 476 2186 Idem
518 2141 612 2185 ΑΛ.
666 2147 712 2186 et
757 2141 835 2187 CC.
884 2142 1160 2188 Constantio.
1234 2143 1392 2188 Servos
1441 2155 1529 2185 non

181 2199 323 2243 solum
344 2210 428 2255 pro
457 2196 660 2250 dominis,
685 2197 769 2242 sub
794 2211 982 2254 quorum
1006 2199 1199 2244 dominio
1229 2203 1336 2244 sunt
1365 2199 1528 2243 consti·-

181 2254 281 2307 tuti,
308 2253 387 2298 sed
412 2266 496 2298 nec
520 2266 601 2309 pro
625 2253 694 2298 his
721 2266 907 2310 quorum
922 2256 1055 2299 antea
1068 2255 1252 2299 fuerunt
1265 2254 1531 2309 interrogari

182 2323 318 2367 posse
348 2314 534 2355 constat.
595 2307 642 2354 S.
668 2320 765 2354 vul
789 2309 850 2354 id.
877 2311 1022 2367 April.
1052 2308 1132 2356 CC.
1163 2325 1307 2355 conss.
1353 2315 1410 2364 [a.
1429 2314 1527 2361 294]

241 2365 304 2414 15
338 2365 462 2410 Idem
493 2365 584 2411 ΑΛ.
616 2369 662 2410 et
692 2364 770 2411 00.
801 2364 1023 2411 Maximo.
1082 2366 1350 2422 Interrogari
1379 2379 1529 2410 servos

182 2423 237 2467 de
265 2424 386 2467 facto
417 2435 497 2466 suo
527 2434 617 2466 non
640 2421 785 2466 solum
807 2422 856 2466 in
879 2422 1096 2466 criminali
1122 2436 1269 2476 causa,
1301 2422 1380 2466 sed
1397 2422 1531 2466 etiam

181 2480 229 2524 in
267 2478 527 2536 pecuniaria
567 2477 720 2532 (veluti
759 2478 936 2545 quando
962 2492 1057 2535 per
1096 2492 1195 2522 eum
1235 2478 1425 2535 depositi
1461 2477 1530 2522 vel

182 2535 450 2580 commodati
477 2534 653 2579 nomine
680 2533 752 2579 vel
778 2547 827 2579 in
856 2534 954 2579 aliis
986 2536 1132 2580 causis
1170 2536 1342 2590 legibus
1380 2534 1527 2590 cogni-

183 2593 240 2637 tis
284 2604 356 2636 res
395 2591 495 2635 aliis
563 2590 774 2635 raestitae
812 2593 931 2645 sunt)
967 2604 1102 2647 posse
1146 2605 1236 2636 non
1278 2591 1528 2647 ambigitur.

184 2647 229 2692 S.
270 2660 298 2691 ν
322 2646 381 2691 id.
415 2604 562 2706 Apm’lf
595 2646 674 2692 CC.
707 2660 852 2692 conss.
1342 2651 1399 2700 [a.
1431 2650 1528 2699 294]

242 2702 308 2751 16
348 2701 470 2762 ³Imp
497 2718 548 2761 p.
601 2701 948 2748 Valentinianus
994 2702 1159 2747 Valens
1201 2710 1244 2747 et
1285 2701 1531 2747 Gratianus

182 2761 315 2805 ΑΑΑ.
347 2758 411 2804 ad
474 2759 679 2804 ntonium
699 2772 785 2817 pp.
815 2758 1077 2804 Galliarum.
1133 2759 1407 2804 Decuriones
1438 2759 1530 2803 sive

183 2817 239 2860 ob
255 2815 445 2860 alienum
465 2814 556 2860 sive
577 2815 635 2860 ob
661 2828 792 2860 suum
815 2815 1009 2860 debitum
1032 2820 1230 2860 exsortes
1255 2816 1431 2860 omnino
1455 2828 1528 2860 ea-

182 2885 280 2916 rum
319 2872 519 2916 volumus
551 2883 649 2917 esse
677 2884 947 2928 poenarum,
987 2885 1099 2928 quas
1129 2871 1335 2916 fidiculae
1363 2876 1409 2916 et
1437 2875 1528 2917 tor·

181 2933 332 2973 menta
353 2928 644 2972 constituunt.
693 2927 811 2985 quod
827 2929 1001 2984 quidem
1019 2929 1208 2984 capitale
1231 2927 1365 2972 iudici
1378 2930 1407 2955 ³·
1432 2928 1529 2980 erit,

183 2986 221 3030 si
273 2985 319 3028 in
373 2984 686 3029 contumeliam
733 2984 900 3029 ordinis
954 2985 1223 3040 exitiumque.
1274 2986 1528 3039 temptetur.

190 3047 203 3083 1
253 3040 504 3084 Maiestatis
526 3041 835 3085 tantummodo
859 3054 962 3085 reos
989 3045 1032 3084 et
1056 3053 1170 3105 quae
1195 3040 1390 3084 nefanda
1408 3041 1530 3085 dictu

185 3099 291 3140 sunt
317 3095 518 3139 conscios
544 3099 624 3139 aut
648 3096 880 3140 molientes
911 3109 965 3140 ex
986 3096 1153 3143 ordine,
1162 3095 1419 3152 municipali
1439 3108 1530 3140 ma-

186 3154 291 3195 neat
317 3154 410 3194 tam
447 3154 634 3195 cruenta
663 3151 880 3196 condicio.
941 3151 996 3195 D.
1027 3163 1101 3195 xv
1132 3151 1174 3195 lc.
1211 3150 1303 3196 Oct.
1338 3149 1532 3196 Treviris

196 3207 382 3252 Valente
418 3217 450 3250 V
473 3211 518 3251 et
556 3205 874 3251 Valentiniano
904 3208 996 3252 ΛΑ.
1029 3220 1173 3251 conss.
1342 3210 1399 3260 [a.
1431 3211 1529 3261 376]

245 3260 307 3310 17
337 3261 458 3320 ⁴Imp
495 3295 506 3306 .
529 3261 756 3307 Arcadius
779 3268 824 3307 et
837 3261 1074 3307 Honorius
1094 3263 1186 3307 AA.
1203 3261 1427 3307 Messalae
1443 3277 1528 3321 pp.

186 3318 308 3364 Nihil
336 3318 423 3363 sibi
452 3276 705 3384 deflectens·
723 3330 752 3362 a
773 3318 943 3363 iustitia
967 3318 1210 3374 indignatio
1239 3318 1531 3374 cognitorum,

187 3375 296 3419 nihil
324 3373 489 3419 venalis
514 3377 782 3430 exigentium
806 3377 952 3419 terror
974 3376 1019 3418 in
1045 3388 1135 3427 eas,
1166 3387 1280 3431 quae
1303 3378 1381 3418 aut
1403 3374 1531 3418 inno-

189 3431 365 3476 centia-'⁵
403 3443 588 3475 securae
625 3433 704 3474 aut
738 3431 1023 3487 principalis⁶
1061 3435 1165 3474 sunt
1191 3430 1360 3475 honore
1390 3430 1531 3473 muni-

187 3493 283 3540 tae,
311 3487 540 3543 intellegat
568 3486 704 3531 licere
736 3499 951 3542 personas
981 3487 1039 3530 ad
1066 3486 1317 3531 inferendas
1346 3486 1531 3530 iniurias

190 3543 459 3599 corporales.
505 3542 670 3587 habeat
693 3542 811 3587 hanc
835 3543 1080 3588 mercedem
1104 3542 1270 3587 laboris
1296 3542 1533 3586 multorum

193 3605 209 3643 1
272 3612 503 3643 munerum
530 3598 794 3643 testimoniis
824 3599 1129 3643 commendata
1166 3599 1352 3643 devotio.
1410 3597 1533 3642 Idem

189 3659 259 3700 est
295 3659 340 3699 et
378 3656 416 3699 si
443 3655 595 3698 munia
625 3655 938 3699 decurionatus
969 3656 1066 3710 quis
1098 3655 1323 3711 deposuit:
1357 3666 1459 3697 nam
1488 3658 1533 3697 et

189 3712 286 3768 ipse
322 3713 506 3767 propter
540 3710 772 3767 pristinam
810 3711 853 3754 di
913 3711 1066 3755 itatem
1105 3711 1407 3767 quaestionem
1441 3722 1533 3754 non

190 3766 373 3825 patitur.
433 3765 488 3810 D.
521 3778 602 3810 XII
627 3766 670 3810 lc.
702 3766 824 3825 Sept.
894 3766 1095 3812 keodoro
1126 3780 1246 3811 cons.
1345 3770 1401 3819 [a.
1434 3769 1531 3818 399]

249 3820 314 3870 18
346 3819 479 3880 ⁷Imp.
507 3820 790 3867 lastinianus
816 3824 868 3867 A.
893 3821 1182 3867 Demostheni
1206 3836 1285 3881 pp.
1344 3822 1412 3866 De
1439 3823 1531 3865 tor-

192 3877 352 3924 mentis
380 3877 748 3923 hereditariorum
773 3891 999 3923 servorum
1025 3878 1261 3934 sancimus,
1292 3878 1412 3923 nullo
1443 3877 1532 3921 dis·

193 3934 376 3981 crimine
410 3933 654 3980 secundum
690 3934 930 3980 anteriores
969 3935 1088 3990 leges
1113 3937 1169 3985 ⁴et
1197 3934 1533 3980 constitutiones

194 4078 246 4130 (1)
274 4074 502 4130 proprioris
533 4074 630 4116 libri
711 4076 767 4128 (2)
798 4076 849 4128 cf.
876 4075 972 4129 Diy.
998 4078 1064 4125 50,
1087 4085 1121 4127 2,
1144 4085 1178 4126 2,
1197 4085 1217 4116 2
1304 4078 1358 4127 (3)
1385 4096 1440 4111 a
1458 4075 1532 4116 Th.

195 4136 234 4184 9,
253 4142 310 4182 35,
328 4143 349 4175 2
434 4133 503 4183 (δ’)
519 4132 579 4173 sic
596 4130 685 4182 Th„
701 4130 858 4171 iudicio
879 4131 989 4183 013⁶,
1014 4131 1216 4172 iudicium
1242 4130 1301 4172 R>
1386 4133 1440 4183 (4)
1466 4146 1532 4183 pr.

195 4206 251 4222 ===
268 4189 342 4230 Th.
361 4191 401 4240 9,
418 4197 474 4237 35,
495 4196 537 4229 6:
568 4188 687 4240 {unqe
707 4189 743 4237 1,
760 4195 815 4236 54,
834 4195 868 4228 6.
886 4189 927 4236 4,
946 4196 1073 4238 44,17.
1105 4189 1167 4238 10,
1186 4196 1244 4239 32,
1262 4197 1300 4229 51
1388 4188 1443 4238 (5)
1468 4187 1533 4226 in-

196 4245 412 4286 nocentiae
440 4242 685 4284 auctoritate
717 4242 792 4283 Th.
905 4243 961 4294 (6)
992 4245 1052 4283 sic
1079 4243 1279 4293 eusanius,
1309 4241 1534 4295 principali

199 4301 305 4352 libri,
332 4298 655 4353 principalitatis
682 4298 759 4339 Th.
832 4298 887 4349 (Ἰ)
902 4299 1020 4352 iunye
1046 4300 1084 4350 2,
1111 4307 1170 4350 58,
1193 4307 1209 4340 1
1281 4300 1340 4351 (8)
1365 4297 1533 4338 liberta-

197 4358 278 4396 tem
293 4355 349 4407 R,
365 4355 596 4396 libertatem
612 4353 736 4394 talem
754 4353 806 4405 L,
822 4353 869 4394 in
882 4352 1073 4394 libertate
1087 4353 1169 4395 tale
1188 4354 1224 4396 C'
1275 4356 1332 4407 (9)
1349 4355 1388 4405 2,
1401 4363 1502 4406 58,1,
1515 4362 1533 4395 ι

198 4411 273 4462 (ιο)
305 4412 348 4453 Β
378 4414 446 4464 60,
475 4421 519 4453 64
548 4434 603 4440 -—
626 4411 688 4464 Os.
717 4409 819 4464 Diy.
849 4410 918 4461 48,
946 4418 987 4451 16
1101 4409 1170 4463 (11)
1194 4425 1263 4464 pr.
1291 4415 1344 4459 §1
1374 4430 1429 4445 =
1458 4410 1533 4451 Th.

199 4469 240 4515 9,
257 4475 362 4518 37,1'
410 4469 485 4520 (12)
500 4468 558 4509 sic
575 4466 652 4508 Th.
670 4481 753 4506 cum
773 4466 827 4507 B.
849 4464 1125 4517 deceptionem
1147 4466 1241 4506 libri
1304 4466 1375 4516 (153)
1399 4481 1462 4518 pr.
1481 4484 1534 4499 3.-

203 4523 333 4567 Tae.
365 4532 424 4574 37,
454 4532 492 4564 3:
530 4530 642 4570 §1.4
673 4543 727 4557 ===
755 4522 1021 4571 Th.9,3·1‚2:
1056 4528 1248 4569 §2.3==
1273 4522 1348 4564 Th.
1371 4524 1409 4568 9,
1432 4530 1487 4567 37,
1514 4528 1534 4560 4

204 4579 274 4630 (14)
294 4581 355 4620 sic
371 4580 462 4627 LR,
490 4579 830 4630 inscriptionibus
849 4577 890 4618 0.
916 4579 968 4630 cs:
986 4586 1064 4618 not.
1082 4592 1162 4629 seq.
1228 4577 1301 4627 (15)
1319 4579 1534 4628 postquam

1377 168 1494 174 m
1529 84 1633 147 389

2576 98 2726 151 VIIII
2765 102 2845 150 41.
2885 102 2948 151 42

1610 243 1899 302 interposito,
1940 244 2029 290 sive
2059 244 2114 289 de
2142 245 2238 290 iure
2267 246 2522 292 hereditatis
2552 248 2698 305 aliqua
2728 253 2953 294 moveatur

1610 300 1727 344 inter
1773 301 1958 346 heredes
2002 302 2204 358 quaestio
2248 302 2338 346 sive
2380 303 2434 347 de
2478 307 2736 361 corporibus
2779 311 2952 350 tantum

1610 357 1892 402 hereditariis
1923 357 2014 402 sive
2043 357 2097 401 de
2126 361 2313 414 utroque
2342 371 2507 411 eorum,
2538 374 2687 405 servos
2717 361 2770 405 de
2795 375 2950 417 corpo-

1611 411 1734 455 ribus
1761 418 1934 458 tantum
1956 413 2235 457 hereditariis
2254 414 2536 470 interrogari:
2574 421 2617 459 et
2641 417 2774 461 licere
2805 430 2951 461 servos

1612 479 1686 511 eos
1718 469 2046 522 tantummodo,
2085 470 2159 525 qui
2188 483 2258 513 res
2288 471 2501 525 regendas
2534 471 2752 526 detinent,
2789 473 2878 516 sive
2906 473 2952 514 in

1612 523 1828 569 servitute
1856 525 2000 569 relicti
2043 530 2148 569 sunt
2190 525 2279 569 sive
2324 526 2598 570 libertatem⁸
2645 527 2830 582 adipisci
2873 540 2952 582 per

1610 578 1814 626 ultimam
1838 582 2066 625 testatoris
2082 582 2351 624 voluntatem
2378 582 2603 637 praecepti
2620 587 2735 635 sunt,
2756 583 2801 624 in
2818 595 2949 636 quae-

1611 634 1795 677 stionem
1840 649 1987 680 rerum
2023 637 2388 680 hereditariarum
2427 636 2586 679 deduci
2623 639 2667 679 et
2699 649 2751 678 ex
2786 638 2854 679 his
2901 650 2954 679 ea

1611 701 1725 744 quae
1756 692 1979 735 occultata
2002 696 2107 735 sunt
2130 692 2336 735 revelari:
2366 691 2491 745 prius
2517 696 2793 734 sacramento
2821 705 2872 735 su
2907 705 2954 735 er

1609 744 1679 787 his
1729 758 1758 790 a
1793 747 1920 790 nobis
1961 747 2158 790 statuto⁹
2195 746 2478 801 praestando.
2562 745 2615 788 D.
2659 758 2729 788 XV
2772 746 2814 789 lc.
2899 754 2952 790 ct.

1615 798 1896 846 Chalcedone
1925 799 2063 845 Decio
2095 814 2156 844 vc.
2190 814 2311 844 cons.
2769 805 2823 854 [a.
2857 806 2952 854 529]

2163 886 2454 961 xxxxufi’

2007 996 2084 1035 DE
2114 995 2562 1038 ABOLITIONIBUS.

1673 1078 1697 1125 1
1748 1077 1849 1137 Imp
1887 1113 1895 1122 .
1942 1076 2252 1122 Diocletianus
2296 1083 2340 1122 et
2381 1077 2694 1123 Maaeimianus
2731 1080 2823 1123 ΛΑ.
2868 1079 2955 1123 Ρα-

1618 1140 1781 1180 ternae.
1878 1146 2026 1178 raeses
2066 1132 2320 1189 provinciae
2360 1134 2397 1178 si
2434 1136 2711 1191 perspexerit
2751 1136 2955 1180 abolitio-

1614 1204 1715 1236 nem
1757 1190 1814 1235 ad
1856 1190 2001 1235 omnia
2031 1189 2214 1233 crimina
2243 1202 2355 1245 quae
2384 1193 2504 1234 mota
2534 1195 2638 1234 sunt
2665 1193 2955 1247 pertinentem

1615 1261 1643 1291 a
1672 1260 1720 1292 se
1749 1247 2044 1302 impetratam,
2077 1257 2132 1288 ne
2161 1247 2295 1290 semel
2323 1246 2450 1290 finita
2474 1246 2790 1302 instaurentur,
2821 1249 2954 1292 inter·

1616 1303 1815 1348 cessione
1844 1301 2126 1347 auctoritatis
2156 1314 2264 1346 suae
2303 1302 2560 1367 prospiciet.
2636 1304 2955 1361 supplicatione

1614 1372 1717 1404 vero
1761 1363 1968 1415 porrecta
2011 1358 2139 1402 nutui
2183 1358 2418 1414 principali
2461 1359 2665 1415 praefata
2716 1360 2957 1404 abolitione

1614 1430 1664 1461 so
1698 1416 1808 1459 itum
1848 1415 2014 1459 crimen
2053 1413 2110 1457 ab
2147 1414 2300 1457 eadem
2339 1427 2532 1470 persona
2564 1416 2766 1460 renovari
2794 1420 2954 1472 potest.

1615 1429 1708 1516 ΡΣ.
1740 1483 1813 1515 11⁷
1846 1471 1887 1515 lc.
1920 1470 2025 1515 Dec.
2058 1469 2341 1515 Diocletiano
2376 1482 2443 1514 111
2475 1478 2519 1515 et
2547 1470 2832 1515 Maximiano
2863 1474 2954 1516 AA.

2786 1542 2824 1571 a.
2858 1531 2936 1572 287

1671 1578 1705 1629 2
1752 1581 1910 1640 ¹¹Imp.
1952 1580 2272 1626 Constantinus
2319 1583 2370 1625 A.
2424 1583 2485 1627 ad
2527 1533 2825 1627 Ianuarinzim
2873 1532 2956 1642 pul.

1613 1638 1809 1683 Abolitio
1846 1637 2158 1693 praesentibus
2196 1636 2398 1692 partibus
2437 1652 2572 1683 causa
2610 1639 2784 1696 cognita
2813 1653 2902 1683 non
2931 1653 2957 1687 a

1613 1693 1837 1762 principe,
1883 1693 1962 1737 sed
2000 1705 2027 1736 a
2066 1694 2331 1749 competenti
2371 1694 2514 1739 iudice
2551 1695 2769 1750 postulari
2812 1696 2957 1749 debet,

1612 1751 1659 1794 1d
1698 1752 1768 1794 est
1806 1749 1843 1792 si
1880 1761 1962 1804 per
1998 1760 2192 1792 errorem
2231 1762 2310 1793 seu
2339 1751 2629 1794 temeritatem
2658 1764 2737 1795 seu
2770 1754 2956 1795 calorem

1612 1806 1671 1850 ad
1721 1805 2050 1849 accusationem
2103 1804 2380 1860 prosiluerit:
2437 1806 2522 1850 hoc
2568 1808 2682 1850 enim
2726 1813 2956 1851 accusator

1619 1868 1635 1904 1
1699 1861 1942 1916 explanans
1972 1860 2204 1904 abolitioni
2232 1861 2380 1904 locum
2410 1860 2558 1905 faciet.
2605 1863 2682 1905 Sin
2709 1866 2853 1906 autem
2880 1876 2956 1919 per

1615 1917 1920 1974 depectionem
1937 1917 1971 1943 ¹2
1991 1916 2059 1960 vel
2085 1916 2284 1972 pecuniis
2311 1929 2338 1960 a
2358 1929 2434 1961 reo
2461 1923 2696 1974 corruptus
2722 1920 2779 1961 ad
2806 1925 2956 1975 postu-

1613 1973 1792 2018 landam
1841 1972 2127 2016 abolitionem
2176 1973 2313 2024 venit‚
2368 1973 2623 2030 redemptae
2666 1975 2957 2020 miserationis

1613 2044 1700 2074 vox
1728 2029 1908 2073 minime
1936 2028 2206 2082 admittatur,
2239 2028 2316 2072 sed
2341 2029 2553 2074 adversus
2580 2034 2814 2075 nocentem
2837 2044 2957 2075 reum

1615 2091 1639 2131 2
1682 2085 1971 2141 inquisitione
1999 2084 2122 2128 facta
2151 2097 2296 2140 poena
2328 2091 2582 2142 competens
2614 2091 2857 2131 exseratur.
2901 2087 2958 2131 Hi

1613 2147 1784 2196 autem,
1834 2141 1910 2197 qui
1947 2153 2052 2185 suas
2093 2154 2360 2197 suorumque
2403 2142 2585 2186 iniurias
2630 2143 2874 2187 defendunt
2917 2148 2960 2186 et

1615 2199 1691 2256 qui
1715 2202 1927 2254 cognatos
1953 2210 2057 2242 suos
2083 2197 2129 2240 in
2153 2198 2482 2242 accusationem
2508 2198 2798 2253 deduxerunt,
2821 2200 2958 2243 omni-

1613 2255 1745 2299 modo
1789 2253 2072 2297 abolitionem
2148 2256 2266 2296 etere
2310 2267 2398 2296 non
2441 2255 2744 2309 prohibentur.
2812 2254 2867 2298 D.
2913 2267 2962 2300 Vl

1614 2310 1657 2356 lc.
1698 2309 1804 2355 Dec.
1853 2308 2065 2353 Serdicae
2134 2309 2401 2352 'onstantino
2439 2311 2490 2352 A.
2540 2322 2568 2351 V
2605 2316 2649 2354 et
2691 2309 2866 2354 Licinio
2915 2309 2956 2354 C.

1617 2379 1759 2412 conss.
2770 2369 2826 2419 [a.
2860 2370 2956 2419 319]

1673 2421 1703 2469 3
1749 2420 1887 2479 ¹³Imp
1914 2434 1965 2481 p.
2022 2419 2365 2464 Valentinianus
2420 2419 2583 2464 Valens
2625 2425 2671 2465 et
2714 2419 2958 2466 Gratianus

1615 2478 1749 2523 ΑΑΑ.
1782 2477 1843 2521 ad
1866 2434 2066 2521 ssrobum
2088 2490 2171 2534 pp.
2218 2475 2459 2520 Fallaciter
2487 2477 2794 2521 incusantibus
2825 2490 2958 2522 accu-

1622 2540 1637 2578 l
1700 2533 1886 2579 sationis
1917 2532 2099 2577 abolitio
2130 2546 2219 2576 non
2250 2532 2442 2577 dabitur.
2502 2532 2580 2576 Sin
2609 2536 2756 2576 autem
2786 2534 2960 2578 sincera

1615 1541 1758 1576 GORSS.

1615 2595 1762 2635 mente
1797 2588 2128 2634 accusationem
2164 2588 2406 2633 instituerit
2448 2591 2493 2632 et
2536 2601 2638 2632 reus
2682 2589 2849 2643 aliquid
2892 2590 2957 2634 in-

1614 2647 1756 2691 iuriae
1793 2645 2096 2701 inscriptionis
2111 2646 2144 2671 ¹⁴
2179 2644 2331 2688 illatae
2374 2644 2689 2698 toleraveritss‘,
2732 2645 2778 2688 id
2816 2650 2884 2689 est
2923 2647 2960 2690 si

1615 2703 1684 2747 vel
1729 2714 1952 2747 carcerem
1997 2700 2262 2745 sustinuerit
2295 2700 2364 2744 vel
2398 2702 2622 2744 tormenta
2666 2701 2734 2744 vel
2777 2702 2961 2746 verbera

1615 2760 1684 2803 vel
1715 2763 1918 2811 catenas,
1955 2757 2138 2801 abolitio
2168 2770 2255 2800 non
2287 2761 2482 2812 petetur,
2524 2757 2610 2800 nisi
2637 2757 2753 2800 forte
2782 2758 2857 2801 ille
2887 2759 2959 2814 qui

1615 2816 1728 2860 haec
1753 2827 1916 2881 passus
1949 2817 2017 2858 est
2046 2827 2175 2858 suum
2206 2825 2470 2857 consensum
2499 2813 2557 2856 ad
2586 2813 2822 2869 petendam
2852 2815 2959 2858 abo-

1617 2876 1642 2916 2
1699 2871 1896 2916 lit10nem
1925 2869 2287 2914 accommodavit.
2334 2868 2517 2923 Quando
2548 2872 2695 2911 autem
2724 2882 2827 2912 reus
2853 2870 2959 2913 nibil

1616 2928 1706 2972 tale
1734 2939 1894 2984 passus
1925 2931 2004 2979 est,
2036 2928 2272 2982 postquam
2296 2924 2432 2968 fuerit
2457 2924 2593 2967 officii
2619 2925 2845 2967 custodiae
2867 2930 2958 2968 tra-

1618 2984 1761 3036 ditus,
1799 2984 1918 3027 intra
1958 2981 2050 3025 dies
2089 2981 2269 3036 triginta
2308 2979 2558 3024 accusatori
2598 2980 2785 3035 petenti,
2827 2980 2956 3024 etiam

1616 3040 1751 3083 invito
1792 3052 1892 3091 reo,
1933 3037 2031 3081 dari
2068 3037 2349 3092 permittitur.
2417 3040 2520 3092 post
2553 3036 2636 3078 hoc
2666 3048 2770 3079 vero
2786 3036 2820 3062 ¹⁶
2849 3040 2957 3078 tem-

1615 3108 1725 3151 pus,
1771 3095 1857 3138 nisi
1896 3106 2000 3137 reus
2039 3093 2310 3145 consentiat,
2351 3104 2580 3135 censemus
2618 3104 2708 3135 non
2747 3103 2843 3135 esse
2879 3091 2956 3135 tri-

1618 3157 1641 3196 3
1701 3150 1934 3195 buendam.
1989 3148 2116 3202 Quod
2145 3148 2183 3191 si
2211 3149 2510 3203 ingenuorum,
2541 3147 2643 3190 licet
2671 3147 2956 3202 plebeiorum,

1618 3208 1692 3263 qui
1722 3205 1891 3251 conscii
1916 3205 1983 3249 vel
2012 3203 2252 3260 participes
2285 3203 2513 3246 criminum
2543 3215 2632 3246 non
2663 3208 2801 3251 erant.
2832 3204 2957 3247 testi·

1617 3263 1751 3307 monii
1787 3261 1931 3317 gratia
1968 3272 2159 3315 corpora
2197 3259 2362 3303 fuerint
2405 3259 2615 3302 lacessita
2631 3259 2665 3286 ¹⁷
2700 3259 2956 3304 verberibus

1616 3317 1934 3372 tormentisque
1961 3320 2133 3367 vexata,
2165 3316 2450 3359 abolitionem
2479 3315 2610 3358 etiam
2640 3314 2826 3358 duarum
2855 3328 2957 3371 par-

1616 3376 1726 3419 tium
1756 3386 1976 3417 consensu
2004 3371 2187 3427 petitam
2215 3371 2417 3415 iubemus
2447 3371 2594 3426 vigore
2631 3371 2789 3414 iudicis
2826 3371 2957 3415 dene·

1616 3431 1710 3487 gari
1741 3434 1785 3473 et
1817 3429 1981 3472 crimen
2009 3428 2308 3483 propositum,
2348 3427 2473 3471 cuius
2515 3439 2697 3470 examen
2727 3428 2956 3470 tormentis

1618 3492 1641 3529 4
1700 3486 1788 3529 iam
1830 3488 2062 3540 coeperat,
2101 3483 2271 3549 agitari.
2333 3482 2410 3527 Sin
2453 3487 2598 3527 autem
2636 3483 2824 3526 testibus
2863 3486 2954 3525 tor-

1616 3545 1766 3586 menta
1795 3541 1972 3584 minime
2003 3542 2108 3583 sunt
2135 3539 2282 3591 sslata,
2323 3543 2368 3583 et
2405 3539 2471 3583 sic
2503 3538 2683 3583 abolitio
2713 3551 2802 3581 non
2832 3537 2954 3581 dabi-

1616 3604 1690 3642 tur
1728 3598 1774 3641 in
1813 3597 1899 3640 illis
1938 3595 2216 3649 criminibus,
2256 3597 2307 3638 ut
2343 3595 2390 3638 in
2427 3595 2592 3638 violata
2619 3594 2848 3637 maiestate
2878 3597 2956 3636 aut

1617 3654 1764 3710 patria
1801 3654 2058 3708 oppugnata
2087 3652 2155 3694 vel
2192 3651 2367 3706 prodita
2397 3656 2475 3694 aut
2502 3650 2733 3705 peculatus
2764 3648 2953 3692 admisso

1618 3713 1698 3754 aut
1727 3708 2013 3753 sacramentis
2036 3707 2234 3761 desertis,
2266 3706 2497 3761 omniaque
2513 3709 2547 3734 ¹⁸
2576 3717 2688 3761 quae
2711 3704 2794 3747 iuri
2818 3704 2955 3748 veteri

1619 3766 1921 3810 continentur:
1952 3763 1998 3807 in
2029 3763 2187 3818 quibus
2210 3762 2344 3806 iudex
2368 3776 2459 3806 non
2483 3761 2627 3804 minus
2650 3764 2954 3803 accusatorem

1618 3821 1675 3865 ad
1716 3820 1916 3865 docenda
1952 3830 2065 3873 quae
2103 3817 2281 3872 detulit,
2322 3831 2451 3874 quam
2486 3829 2610 3860 reum
2639 3817 2695 3859 ad
2724 3828 2808 3871 pur
2837 3815 2954 3859 anda

1619 3889 1732 3934 quae
1760 3878 1892 3931 negat
1920 3875 2051 3918 debet
2083 3887 2284 3930 urguere.
2345 3873 2399 3918 D.
2423 3872 2546 3931 pricl.
2586 3871 2645 3915 id.
2680 3869 2772 3915 Oct.
2866 3871 2952 3915 evi-

1617 3934 1683 3977 ris
1723 3926 2038 3976 Valentiniano
2068 3944 2142 3988 np.
2174 3936 2219 3974 et
2257 3929 2434 3974 Victore
2464 3940 2605 3972 conss.
2766 3930 2822 3979 [a.
2853 3929 2950 3978 369]

1617 4072 1776 4124 aliquid
1804 4071 1983 4112 iniuriae
2012 4071 2159 4111 merito
2189 4069 2469 4122 inscriptionis
2504 4066 2645 4107 illatae
2674 4066 2859 4107 tolerarit
2887 4064 2951 4107 in-

1615 4129 1791 4181 scriptus
1824 4128 1901 4169 Th.
2012 4128 2088 4179 (16)
2117 4139 2213 4166 vero
2245 4142 2315 4166 om.
2350 4125 2422 4165 le.
2530 4124 2603 4174 (ιτ)
2632 4122 2817 4163 lacessita
2846 4122 2951 4172 L‘C,

1615 4184 1794 4225 lacerata
1824 4183 1938 4234 LvR,
1978 4181 2086 4222 laesa
2118 4182 2191 4223 Th.
2333 4182 2408 4230 (18)
2438 4179 2501 4219 sin
2532 4180 2666 4218 autem
2697 4208 2734 4218 ..
2754 4208 2763 4218 .
2795 4178 2951 4217 omnia·

1617 4242 1710 4292 que]
1739 4239 1857 4292 prius
1885 4240 2035 4289 tamen,
2065 4250 2187 4290 quam
2216 4236 2366 4287 aliquis
2395 4235 2444 4275 de
2474 4234 2711 4285 quaestione
2739 4232 2951 4284 liberetur,

1615 4295 1802 4346 sequitur
1831 4293 1962 4343 illud,
2000 4296 2048 4334 ut
2076 4293 2279 4346 plerisque
2309 4290 2549 4330 criminibus
2579 4302 2630 4329 ne
2660 4287 2951 4328 consentienti·

1616 4351 1693 4392 bus
1731 4350 1899 4403 quidem
1936 4350 2121 4402 partibus
2157 4350 2387 4401 praestetur
2422 4343 2611 4386 abolitio:
2653 4347 2701 4384 ut
2736 4346 2835 4384 sunt
2862 4342 2950 4395 ina,

1617 4408 1661 4446 in
1701 4406 1853 4456 quibus
1891 4408 1963 4444 aut
1992 4405 2145 4445 violata
2184 4404 2368 4442 maiestas
2401 4404 2472 4440 aut
2501 4413 2540 4451 p.
2571 4414 2608 4440 o.
2641 4412 2681 4439 u.
2710 4412 2750 4451 p.
2781 4402 2854 4439 aut
2880 4411 2950 4451 pe·

1617 4462 1776 4501 culatus
1807 4461 2006 4501 admissus
2035 4463 2108 4500 aut
2135 4463 2383 4499 sacramenta
2409 4458 2564 4496 deserta
2593 4458 2700 4500 sunt,
2734 4456 2950 4504 omniaque

1618 4530 1664 4557 ea
1696 4519 1790 4567 Th„
1835 4518 1938 4558 unde
1976 4524 2147 4569 apparet
2176 4514 2393 4563 omniaque
2422 4513 2733 4552 Iustinianorum
2764 4514 2858 4551 vitio
2888 4525 2949 4551 re-

1621 4582 1757 4614 tentum
1793 4588 1890 4622 esse,
1922 4588 2004 4613 cum
2035 4572 2264 4624 requiratur
2293 4569 2562 4618 omnibusque
