3138 4776
122 115 198 156 mi:
230 110 456 154 mmcns

121 250 198 297 nio
224 248 292 293 vel
320 247 572 304 hypotheca
601 258 677 290 seu
708 242 993 289 servitutibus
1022 243 1090 287 vel
1123 257 1201 299 pro
1233 245 1331 289 aliis
1362 245 1459 301 qui-

123 305 309 353 busdam
339 304 540 358 casibus,
578 315 660 358 pro
699 299 857 356 quibus
897 298 1146 343 hominibus
1164 304 1176 327 ¹
1217 305 1372 345 contra
1412 314 1460 345 se

113 357 382 416 'litigandum
420 362 508 414 est,
547 357 743 413 exceptis
781 355 1084 398 tantummodo
1131 357 1302 411 causis,
1348 370 1460 412 quae

125 417 180 462 ad
206 416 277 461 ius
306 415 458 459 fiscale
486 414 710 470 pertinent
735 411 803 454 vel
842 422 954 465 quae
992 410 1050 453 ad
1085 412 1287 466 publicas
1318 413 1459 468 respi-

125 473 246 516 ciant
271 471 538 525 functiones,
566 482 658 513 non
685 467 801 510 ultra
828 465 1008 508 triennii
1035 470 1177 511 metas
1207 471 1311 523 post
1338 469 1460 511 litem

125 529 417 573 contestatam
457 538 552 570 esse
589 520 932 580 protrahendas:
976 523 1052 565 sed
1090 536 1238 567 omnes
1277 524 1458 576 iudices,

123 583 214 628 sive
251 583 299 628 in
337 582 423 626 hac
462 583 577 626 alma
615 581 725 623 urbe
763 577 853 620 sive
889 576 937 619 in
974 578 1212 632 provinciis
1250 579 1459 622 maiorem

124 652 203 684 seu
256 637 469 682 minorem
518 637 733 692 peragunt
775 631 1219 688 administrationem,
1275 635 1364 677 sive
1413 633 1460 676 in

125 693 454 751 magistratibus
497 691 632 748 positi
674 692 777 732 sunt
815 688 884 730 vel
929 701 983 731 ex
1023 690 1125 731 aula
1168 692 1323 732 nostra
1366 688 1461 731 dati

127 750 192 795 vel
221 762 249 794 a
276 749 443 794 nostris
473 746 729 804 proceribus
759 743 966 798 delegati,
1003 758 1094 787 non
1135 757 1231 788 esse
1261 745 1323 788 eis
1356 756 1458 787 con-

126 805 367 851 cedendum
405 803 590 848 ulterius
628 801 728 843 lites
767 812 899 855 quam
935 799 1115 843 triennii
1165 801 1305 856 spatio
1319 801 1338 826 2
1384 811 1458 842 ex-

124 861 317 906 tendere.
374 860 460 903 1100
487 857 650 902 etenim
677 855 897 899 iudicialis
927 856 1065 909 magis
1102 869 1198 899 esse
1227 854 1460 911 potestatis

124 929 252 963 nemo
281 917 350 960 est
377 915 454 970 qui
479 914 672 969 ignoret:
711 924 814 954 nam
844 911 883 954 si
910 911 997 965 ipsi
1025 911 1283 966 voluerint3,
1313 910 1460 954 nullus

124 977 218 1017 tam
244 971 390 1016 audax
416 969 660 1021 invenitur,
703 967 778 1022 qui
818 968 960 1022 possit
997 966 1135 1010 invito
1165 966 1311 1010 iudice
1339 965 1461 1008 litem

125 1033 150 1072 2
205 1026 439 1084 protelare.
508 1024 571 1067 Et
608 1023 647 1066 si
675 1023 850 1078 quidem
880 1035 983 1078 pars
1013 1023 1177 1066 actoris
1209 1020 1458 1074 cessaverit,

125 1087 341 1140 quatenus
368 1079 603 1136 multiplici
633 1079 843 1122 dilatione
873 1090 976 1121 reus
1002 1078 1226 1133 fatigetur,
1258 1082 1301 1120 et
1323 1076 1459 1119 trien-

123 1139 186 1184 nii
221 1142 363 1181 metae
401 1140 505 1192 post
541 1136 663 1178 litem
704 1137 991 1178 contestatam
1030 1134 1117 1176 iam
1152 1138 1296 1189 'prope
1327 1132 1460 1196 finem

122 1193 319 1247 veniant,
358 1195 410 1236 ut
446 1194 688 1236 semenstre
726 1193 901 1246 tempus
948 1192 1120 1232 tantum
1169 1189 1211 1232 ei
1254 1191 1458 1242 supersit,

122 1249 303 1294 licentia
340 1247 427 1292 erit
461 1247 599 1291 iudici
636 1259 717 1301 per
755 1248 1035 1290 exsecutores
1074 1244 1238 1300 negotii
1266 1247 1461 1287 actorem

123 1304 358 1360 requirere,
399 1304 554 1359 ⁴parte
592 1302 786 1357 fugiente
822 1314 878 1345 ex
915 1313 1004 1345 una
1033 1303 1159 1356 parte
1188 1298 1351 1343 actoris
1381 1299 1459 1342 ab-

121 1360 308 1406 sentiam
323 1359 555 1403 incusante
570 1360 642 1402 et⁵
669 1358 889 1402 iudicibus
920 1356 1166 1400 omnimodo
1197 1367 1301 1398 suas
1331 1365 1460 1397 aures

122 1415 374 1462 huiusmodi
416 1414 665 1471 quaestioni
706 1413 1030 1457 reserantibus:
1053 1414 1122 1476 ‚et
1165 1411 1202 1454 si
1244 1415 1329 1475 per
1367 1412 1460 1452 tres

121 1473 239 1516 vices
254 1472 340 1515 hoc
363 1471 499 1515 fuerit
519 1472 819 1523 subsecutum,
850 1469 999 1512 decem
1022 1467 1189 1510 dierum
1214 1469 1357 1520 spatlo
1382 1477 1462 1520 per

122 1539 476 1594 unumquemque
503 1526 734 1570 introitum
765 1524 998 1577 destinato,
1031 1526 1075 1566 et
1102 1534 1185 1565 nec
1206 1521 1271 1564 ita
1295 1520 1460 1564 actoris

123 1596 228 1640 pars
267 1583 402 1626 fuerit
439 1582 619 1626 inventa
652 1587 696 1624 et
723 1592 866 1635 neque
894 1592 974 1634 per
1002 1590 1050 1622 se
1078 1589 1220 1632 neque
1249 1589 1328 1632 per
1355 1588 1458 1632 pro-

126 1641 374 1683 curatorem
403 1638 669 1681 instructum
697 1634 967 1691 pervenerit,
1007 1636 1116 1676 tunc
1153 1632 1343 1676 iudicem
1380 1644 1457 1676 ne·-

125 1701 181 1738 2a
236 1693 344 1749 gotii
381 1698 482 1736 acta
520 1692 639 1747 apud
675 1705 722 1735 se
763 1690 966 1734 confecta
1007 1688 1286 1744 conspicere:
1324 1687 1388 1730 Et
1422 1687 1462 1730 si

123 1749 296 1805 quidem
333 1748 443 1791 nihil
482 1747 706 1791 sufficiens
737 1746 968 1789 actitatum
998 1748 1078 1798 est,
1119 1758 1173 1788 ex
1203 1756 1288 1799 quo
1318 1743 1460 1798 possit

120 1804 308 1849 termino
356 1816 515 1847 causae
561 1807 681 1846 certa
724 1801 820 1845 fieri
864 1801 1140 1854 coniectura,
1185 1813 1274 1843 non
1317 1799 1459 1843 solum

121 1863 293 1917 partem
330 1859 568 1915 fugientem
608 1859 663 1901 ab
702 1857 1011 1901 observatione
1047 1855 1202 1900 iudicii
1244 1856 1458 1910 relaxare,

121 1915 198 1960 sed
233 1915 364 1958 etiam
401 1915 448 1958 in
485 1926 636 1958 omnes
666 1925 905 1968 expensas,
946 1925 1059 1968 quae
1088 1914 1298 1956 consueto
1328 1912 1459 1955 modo

121 1972 240 2016 circa
263 1971 363 2014 lites
387 1970 708 2026 expenduntur,
739 1982 838 2012 eum
855 1970 1159 2023 condemnare,
1183 1979 1288 2011 vera
1320 1980 1458 2022 quan-

119 2028 248 2071 titate
287 2038 436 2070 earum
474 2030 752 2070 sacramento
789 2024 997 2079 fugientis
1047 2023 1371 2067 manifestanda
1416 2028 1459 2066 et

120 2082 239 2128 omni
282 2083 476 2136 cautela,
517 2095 648 2138 quam
687 2093 821 2137 super
859 2080 938 2124 lite
973 2093 1076 2123 reus
1107 2079 1326 2135 exposuit,
1358 2080 1458 2123 red-

112 2138 283 2183 denda:
326 2150 439 2194 quae
481 2140 527 2182 et
565 2138 603 2182 si
646 2136 929 2191 remanserit,
972 2136 1140 2181 viribus
1179 2136 1457 2179 vacuabitur.

120 2195 172 2238 21)
229 2193 309 2238 Sin
336 2198 485 2237 autem
513 2207 568 2237 ex
596 2193 731 2248 gestis
761 2193 880 2248 apud
911 2205 958 2236 se
988 2192 1152 2235 habitis
1179 2196 1307 2248 parte
1336 2195 1459 2235 acto-

120 2250 183 2294 ris
223 2249 401 2293 minime
442 2250 619 2293 inventa
661 2249 805 2304 possit
847 2247 1042 2292 invenire
1085 2248 1219 2302 viam,
1274 2260 1329 2290 ex
1373 2260 1461 2303 qua

119 2305 403 2350 manifestum
432 2306 473 2348 ei
499 2305 600 2359 fiat,
639 2304 743 2360 quid
773 2304 1053 2348 statuendum
1084 2304 1161 2358 sit,
1204 2306 1248 2346 et
1275 2305 1460 2347 absente

122 2368 287 2415 actore,
319 2361 358 2405 si
387 2373 485 2404 eum
513 2361 736 2404 meliorem
767 2372 945 2403 causam
976 2359 1142 2402 habere
1171 2359 1458 2414 perspexerit,

120 2430 203 2474 pro
234 2429 286 2460 60
315 2417 432 2460 ferre
462 2416 724 2460 sententiam
759 2428 849 2459 non
885 2415 1080 2458 moretur
1109 2418 1154 2458 et
1181 2418 1461 2470 praesentem

121 2486 244 2516 reum
266 2472 456 2516 'absenti
491 2472 634 2516 actori
664 2471 979 2525 condemnare,
1023 2471 1226 2526 expensis
1265 2473 1460 2513 tantum-

121 2528 251 2573 modo
280 2528 392 2582 litis,
432 2540 542 2584 quas
580 2540 684 2570 reus
723 2526 914 2582 legitime
953 2538 1001 2570 se
1036 2526 1302 2581 expendisse
1340 2526 1459 2569 iura-

121 2584 245 2638 verit,
277 2583 638 2627 condemnatione
668 2582 959 2638 excipiendis,
997 2582 1101 2637 quia
1128 2582 1246 2625 hanc
1275 2594 1462 2637 poenam

123 2639 266 2684 actori
303 2640 377 2683 et⁶
415 2639 640 2683 meliorem
680 2650 857 2682 causam
892 2638 1073 2681 habenti
1111 2641 1292 2693 propter
1321 2638 1460 2681 solam

123 2699 175 2739 20
230 2695 458 2740 absentiae
500 2694 823 2739 contumaciam
859 2694 1139 2749 imponimus.
1207 2694 1343 2737 Nullo
1384 2707 1459 2749 pe-

118 2751 243 2795 nitus
271 2751 314 2794 ei
341 2763 546 2806 regressu
575 2751 632 2793 ad
660 2751 840 2805 eandem
869 2749 989 2792 litem
1021 2750 1340 2794 conservando:
1383 2752 1461 2794 sed

122 2810 250 2851 actor
287 2809 523 2850 contumax
563 2806 695 2850 cadat
735 2804 983 2849 omnimodo
1023 2805 1120 2859 lite,
1160 2805 1199 2849 si
1237 2818 1341 2849 reus
1381 2807 1458 2849 ab·

121 2864 334 2906 solvetur:
375 2862 445 2906 sin
479 2875 581 2906 vero
621 2862 769 2917 aliqua
807 2861 1112 2905 condemnatio
1155 2865 1309 2905 contra
1338 2875 1461 2906 reum

120 2931 202 2974 pro
238 2919 421 2962 absente
457 2921 610 2961 actore
647 2917 922 2973 proferatur,
971 2929 1103 2972 quam
1146 2917 1335 2962 forsitan
1371 2931 1460 2962 non

121 2973 412 3018 sufficientem
468 2973 552 3019 sibi
604 2977 730 3017 actor
783 2973 1003 3028 putaverit
1054 2972 1283 3029 fugitivus,
1337 2975 1460 3018 nullo

120 3030 249 3074 modo
287 3030 448 3074 iterum
484 3029 667 3073 eandem
705 3029 827 3072 litem
862 3028 1130 3072 resuscitare
1161 3031 1458 3074 concedimus.

121 3090 146 3129 3
204 3091 248 3129 et
287 3086 398 3129 haec
437 3085 612 3141 quidem
648 3097 793 3140 poena
825 3085 967 3128 actori
996 3084 1074 3127 fiat
1102 3085 1323 3140 imposita.
1385 3087 1463 3130 Sin

121 3143 271 3184 autem
298 3154 400 3184 reus
431 3140 594 3184 afuerit
630 3144 676 3183 et
711 3140 864 3184 similis
894 3140 987 3183 eius
1017 3142 1286 3194 processerit
1314 3143 1461 3197 requi-

123 3197 248 3251 sitio,
287 3195 650 3251 quemadmodum
685 3208 766 3249 pro
804 3207 995 3249 persona
1033 3195 1197 3239 actoris
1234 3197 1462 3251 ediximus,

124 3252 257 3295 etiam
286 3252 467 3294 absente
497 3264 548 3294 eo
579 3250 888 3294 eremodicium
920 3251 1209 3294 contrahatur
1244 3257 1287 3295 et
1314 3253 1461 3306 iudex,

125 3306 364 3351 secundum
409 3306 528 3362 quod
568 3305 787 3348 veteribus
829 3305 998 3359 legibus
1044 3311 1223 3349 cautum
1267 3311 1353 3361 est,
1409 3321 1464 3351 ex

124 3375 214 3406 una
251 3365 377 3419 parte
417 3375 517 3405 cum
548 3361 667 3404 omni
696 3360 940 3404 subtilitate
972 3372 1149 3403 causam
1178 3362 1376 3417 requirat
1405 3367 1461 3418 et,

125 3419 164 3462 si
192 3418 409 3462 obnoxius
438 3417 575 3461 fuerit
602 3417 821 3470 inventus,
852 3419 896 3459 et
926 3418 1081 3459 contra
1109 3418 1337 3460 absentem
1359 3432 1462 3473 pro·

124 3486 242 3517 mere
273 3473 676 3517 condemnationem
703 3485 794 3515 non
825 3475 988 3525 cesset,
1032 3485 1145 3526 quae
1174 3472 1231 3515 ad
1260 3474 1464 3516 effectum

125 3529 419 3586 perducatur:
450 3532 495 3573 et
522 3543 600 3585 per
629 3541 700 3572 res
730 3532 775 3571 et
802 3527 1037 3570 facultates
1066 3527 1277 3582 fugientis
1306 3529 1464 3574 victori

127 3585 335 3637 satisfiat,
381 3585 469 3629 sive
511 3585 607 3641 ipse
649 3584 780 3627 iudex
822 3596 876 3626 ex
917 3596 999 3626 sua
1035 3583 1336 3627 iurisdictione
1378 3585 1463 3628 hoc

125 3642 272 3684 facere
301 3644 470 3695 potest,
508 3642 599 3684 sive
635 3653 714 3695 per
742 3638 998 3682 relationem
1028 3638 1085 3682 ad
1114 3640 1320 3683 maiorem
1350 3640 1461 3683 iudi-

127 3709 222 3739 cem
258 3696 344 3739 hoc
381 3695 599 3739 referatur
640 3700 684 3739 et
722 3708 777 3739 ex
806 3707 858 3739 60
888 3694 1080 3748 legitima
1108 3696 1177 3738 via
1207 3699 1361 3739 contra
1389 3709 1462 3738 res

127 3752 399 3794 contumacis
430 3751 676 3806 aperiatur:
716 3751 839 3794 nulla
876 3750 1055 3793 licentia
1094 3751 1135 3794 ei
1163 3751 1230 3794 vel
1259 3751 1333 3793 alii
1362 3764 1461 3806 per-

127 3819 283 3849 sonam
322 3806 415 3849 eius
453 3807 591 3849 solam
629 3805 937 3861 praetendenti
976 3806 1257 3849 concedenda
1287 3812 1461 3849 contra-

125 3861 319 3915 dicendi,
365 3874 465 3905 cum
506 3862 552 3904 in
588 3862 909 3916 possessionem
948 3873 1003 3904 ex
1040 3861 1292 3906 huiusmodi
1328 3875 1464 3905 causa

127 3925 252 3960 actor
293 3917 504 3960 mittitur:
549 3930 631 3960 nec
674 3918 712 3960 si
754 3929 954 3960 reversus
1004 3916 1141 3960 fuerit
1192 3922 1236 3961 et
1279 3918 1464 3961 voluerit

127 3972 432 4016 fideiussiones
472 3972 576 4015 dare
616 3976 661 4015 et
697 3973 1019 4027 possessionem
1055 3985 1342 4028 recuperare,
1383 3986 1461 4015 au-

128 4028 297 4072 diatur:
338 4028 385 4071 in
413 4027 662 4071 huiusmodi
691 4027 852 4071 etenim
882 4027 1058 4071 casibus
1088 4041 1258 4072 omnem
1289 4030 1328 4072 ei
1358 4042 1460 4071 con-

127 4088 154 4126 4
223 4083 533 4127 tradictionem
577 4083 861 4126 excludimus·
935 4083 1045 4126 Cum
1097 4088 1244 4127 autem
1282 4097 1460 4128 :eremo-

128 4138 290 4182 dicium
332 4139 567 4182 ventilatur
623 4139 712 4181 sive
764 4150 846 4192 pro
899 4142 1051 4182 actore
1104 4140 1194 4182 sive
1245 4153 1328 4195 pro
1370 4152 1460 4191 160,

128 4195 392 4238 examinatio
421 4194 514 4238 sine
543 4194 634 4237 ullo
658 4193 890 4237 obstaculo
912 4194 1168 4237 celebretur.
1225 4208 1324 4238 cum
1346 4196 1461 4238 enim

128 4250 348 4293 terribiles
383 4250 430 4292 in
467 4250 609 4292 medio
653 4253 962 4305 proponuntur
1009 4250 1275 4305 scripturae,
1319 4250 1461 4304 litiga-

130 4390 179 4438 (ι)
208 4390 268 4430 u'c
296 4391 403 4439 dett,
433 4388 622 4430 omnibus
652 4386 758 4430 PCR

130 4444 356 4485 triennium
384 4446 565 4497 patimur
580 4442 710 4484 PCGR

131 4510 211 4549 que
239 4501 312 4540 ins.
346 4501 386 4540 P
502 4502 558 4551 (5)
588 4501 629 4539 et
657 4514 731 4540 om.
766 4499 804 4538 P

134 4555 207 4595 ins.
239 4554 335 4596 libr-n·
446 4557 500 4606 (8)
529 4555 706 4606 gratiam
737 4555 833 4594 libri

256 4624 298 4660 11.

927 4390 982 4437 (2)
1022 4388 1192 4429 triennii
1229 4389 1362 4441 spatio
1397 4387 1460 4440 0⁶,

796 4444 850 4495 (3)
880 4442 1093 4483 noluerint
1109 4445 1198 4485 edd.
1284 4446 1338 4495 (4)
1356 4446 1460 4485 eius-

922 4500 977 4548 (6)
1007 4500 1049 4538 et
1077 4515 1149 4540 om.
1179 4500 1222 4540 P
1339 4501 1392 4551 (7)
1422 4502 1463 4540 et

941 4555 1000 4604 (9)
1027 4556 1087 4595 eie
1116 4554 1189 4606 Ρ»,
1216 4554 1344 4594 simili
1368 4554 1467 4596 [³⁶0

1462 90 1551 148 121

1500 4112 1507 4284 ι

1498 4382 1507 4611 l

2738 97 2876 150 1111

1543 246 1653 290 toris
1680 245 1880 290 absentia
1905 243 1974 288 dei
1995 245 2247 299 praesentia
2266 245 2473 302 repletur,
2496 260 2577 291 nec
2600 249 2886 303 pertimescat

1543 303 1675 346 iudex
1713 300 2021 358 appellationis
2063 301 2360 354 obstaculum,
2394 315 2492 345 cum
2522 304 2585 356 ei,
2625 305 2699 358 qui
2730 311 2883 348 contu—

1543 358 1726 401 maciter
1762 357 1919 400 abesse
1958 356 2180 408 noscitur,
2221 358 2342 400 nulla
2380 363 2447 401 est
2476 361 2800 413 provocationis
2830 361 2881 403 li-

1545 414 1711 467 centia,
1755 412 1872 467 quod
1907 415 1952 456 et
1987 412 2034 453 in
2073 413 2288 456 veteribus
2328 414 2496 468 legibus
2534 428 2630 458 esse
2669 419 2883 459 statutum

1545 472 1568 510 5
1627 467 1971 511 manifestissimi
2008 467 2116 510 iuris
2161 473 2240 511 est.
2309 469 2569 513 Huiusmodi
2609 476 2755 514 autem
2785 484 2882 514 sen-

1542 524 1683 566 tentia
1722 535 1860 579 prope
1897 522 2027 565 finem
2069 523 2246 566 triennii
2280 526 2556 579 proferatur,
2600 539 2681 580 pro
2722 539 2808 580 quo
2841 531 2886 569 et

1543 584 1822 632 praesentem
1861 579 2001 633 legem
2039 578 2305 622 induximus.
2376 581 2412 622 si
2450 582 2563 623 enim
2591 581 2637 622 in
2666 581 2886 622 anteriore

1545 639 1764 688 tempore,
1804 635 1850 676 in
1890 647 1975 689 quo
2013 634 2135 688 larga
2171 636 2383 690 temporis
2421 639 2622 690 superest
2662 635 2813 677 dilatio
2844 640 2887 677 et

1544 701 1644 742 spes
1674 690 1847 732 absenti
1876 690 2031 732 relicta
2059 689 2196 733 fuerit
2231 690 2499 740 revertendi,
2540 690 2754 732 alterutra
2783 702 2885 743 pars

1546 744 1795 796 cessaverit,
1825 744 1871 786 in
1900 746 1996 788 sola
2021 757 2314 800 expensarum
2337 745 2515 788 datione
2539 750 2585 786 et
2611 744 2888 786 absolutione

1542 797 1732 840 forsitan
1774 799 2026 851 praestetur
2069 801 2269 854 poenalis
2313 799 2556 849 sententia,
2608 811 2698 841 non
2741 802 2887 840 autem

1542 856 1651 895 tunc
1693 864 1811 894 mors
1850 853 1939 895 litis
1979 859 2024 896 et
2054 854 2359 897 condemnatio
2398 854 2445 895 in
2484 853 2711 895 absentem
2750 853 2887 896 intro-

1544 908 1760 958 ducatur,
1800 919 1913 960 quae
1950 908 1996 949 in
2025 910 2093 950 bis
2122 908 2426 950 tantummodo
2460 908 2635 950 casibus
2666 908 2887 961 accidunt,

1546 968 1571 1007 6
1614 962 1661 1005 111
1691 962 1850 1017 quibus
1873 962 2051 1004 triennii
2077 962 2297 1005 effluentis
2321 962 2517 1005 imminet
2541 962 2744 1006 formido.
2792 964 2889 1006 Sive

1544 1021 1692 1062 autem
1736 1017 1952 1059 alterutra
1994 1021 2124 1071 parte
2167 1018 2351 1060 absente
2396 1018 2486 1060 sive
2529 1022 2717 1073 utraque
2762 1032 2888 1073 prae-

1544 1078 1667 1118 sente
1702 1073 1756 1116 lis
1801 1072 1936 1115 fuerit
1974 1071 2146 1124 decisa,
2189 1085 2339 1115 omnes
2368 1072 2558 1126 iudices,
2594 1075 2666 1128 qui
2698 1075 2779 1117 sub
2810 1075 2888 1116 im-

1542 1129 1666 1186 perio
1707 1132 1861 1171 nostro
1901 1127 2131 1171 constituti
2169 1132 2292 1180 sunt,
2333 1128 2475 1170 sciant
2515 1129 2562 1171 in
2598 1142 2890 1185 expensarum

1545 1197 1683 1229 causa
1717 1185 1881 1227 victum
1909 1184 2065 1226 victori
2095 1196 2193 1226 esse
2233 1183 2635 1236 condemnandum,
2678 1191 2890 1240 quantum

1542 1254 1624 1297 pro
1657 1240 1796 1284 solitis
1826 1239 2030 1295 expensis
2061 1239 2202 1282 litium
2231 1239 2462 1291 iuraverit,
2499 1253 2588 1283 non
2623 1241 2889 1295 ignorantes,

1546 1297 1675 1352 quod,
1718 1297 1755 1340 si
1784 1296 1870 1339 1100
1899 1295 2287 1351 praetermiserint,
2327 1295 2342 1338 i
2376 1296 2413 1339 si
2443 1296 2497 1339 de
2527 1297 2708 1352 proprio
2737 1297 2889 1341 huius-

1544 1353 1663 1395 modi
1692 1364 1863 1408 poenae
1889 1352 2184 1395 subiacebunt
2211 1355 2255 1394 et
2277 1364 2323 1394 re
2358 1352 2460 1395 dere
2484 1365 2579 1395 eam
2603 1353 2719 1408 parti
2743 1354 2891 1397 laesae

1545 1413 1567 1450 7
1638 1408 1957 1451 coartabuntur
2036 1407 2099 1450 Et
2134 1407 2246 1450 haec
2287 1408 2341 1450 de
2380 1409 2596 1451 alterutra
2635 1414 2762 1465 parte
2802 1410 2888 1452 liti-

1543 1464 1771 1519 gantium⁷
1807 1463 2128 1506 contumaciter
2157 1464 2339 1506 absente
2369 1464 2495 1507 nobis
2528 1468 2722 1508 statuere
2751 1466 2890 1509 visum

1545 1524 1612 1562 est
1669 1520 1725 1563 ad
1783 1520 2020 1575 aequitatis
2078 1519 2294 1562 rationem
2353 1520 2499 1563 omnia
2555 1522 2888 1576 corrigentibus.

1546 1579 1569 1618 8
1630 1575 1707 1618 Sin
1737 1580 1883 1618 autem
1912 1578 2101 1630 utraque
2130 1579 2257 1630 parte
2285 1576 2538 1619 imminente
2571 1582 2614 1619 et
2642 1578 2760 1620 litem
2791 1591 2889 1632 per-

1544 1643 1675 1685 agere
1728 1632 1934 1687 cupiente
1984 1631 2118 1675 iudex
2170 1644 2266 1675 eam
2321 1632 2521 1687 accipere
2575 1634 2768 1676 noluerit
2823 1633 2890 1676 vel

1543 1692 1727 1742 propter
1766 1687 1982 1731 amicitias
2022 1688 2091 1731 vel
2126 1687 2378 1731 inimicitias
2408 1690 2476 1731 vel
2506 1690 2748 1743 turpissimi
2778 1690 2889 1732 lucri

1544 1743 1717 1798 gratiaB
1755 1744 1822 1786 vel
1850 1756 1932 1798 per
1960 1743 2081 1786 aliud
2111 1743 2346 1798 quicquam
2375 1744 2552 1799 vitium,
2593 1746 2710 1799 quod
2740 1746 2889 1788 miser-

1543 1799 1664 1843 rimis
1694 1799 1850 1842 animis
1881 1799 2133 1843 huiusmodi
2161 1799 2354 1843 iudicum
2384 1800 2553 1843 innasci
2582 1804 2742 1856 potest,
2772 1802 2890 1843 litem

1543 1856 1638 1911 ipse
1668 1868 1803 1899 ausus
1833 1855 1970 1899 fuerit
1997 1856 2218 1911 protelare
2249 1861 2294 1899 et
2323 1860 2506 1911 propter
2539 1857 2624 1899 1100
2654 1857 2891 1900 triennium

1542 1912 1677 1956 fuerit
1719 1916 2015 1967 transactum,
2061 1912 2214 1964 iudex,
2260 1913 2297 1954 si
2341 1912 2514 1967 quidem
2549 1912 2596 1955 111
2635 1914 2892 1968 magistratu

1543 1969 1714 2024 positus
1745 1973 1811 2012 est
1840 1969 1908 2012 vel
1935 1969 1982 2012 in
2011 1968 2178 2012 maiore
2208 1967 2418 2023 dignitate
2448 1981 2588 2024 usque
2615 1969 2671 2011 ad
2696 1970 2890 2012 illustra-

1542 2029 1615 2069 tus
1645 2025 1844 2080 gradum,
1881 2025 2033 2068 decem
2061 2026 2198 2069 libras
2229 2026 2326 2068 auri
2355 2025 2535 2080 privatis
2566 2026 2730 2069 nostris
2760 2026 2890 2080 largi-

1544 2081 1737 2125 tionibus
1774 2082 1938 2124 inferre
1967 2094 2047 2137 per
2078 2082 2277 2125 scholam
2307 2081 2547 2137 palatinam
2580 2082 2889 2136 compellatur:

1544 2137 1610 2180 6111
1651 2140 1800 2181 autem
1838 2138 1972 2180 iudex
2011 2137 2154 2181 minor
2192 2137 2349 2189 fuerit,
2386 2137 2519 2180 trium
2556 2137 2766 2181 librarum
2798 2138 2892 2179 auri

1545 2193 1683 2235 multa
1726 2195 1947 2249 plectetur
1989 2206 2071 2249 per
2116 2194 2299 2238 eandem
2343 2194 2541 2238 scholam
2591 2193 2804 2248 exigenda
2850 2199 2893 2236 et

1543 2252 1698 2292 nostro
1744 2249 1915 2293 aerario
1961 2250 2252 2305 applicanda,
2298 2253 2342 2294 et
2379 2263 2431 2294 60
2470 2249 2733 2294 16111ον611ᾱο
2779 2250 2891 2293 alter

1544 2304 1676 2347 iudex
1705 2305 1750 2347 in
1780 2305 1926 2349 locum
1958 2306 2051 2348 eius
2082 2306 2347 2361 subrogetur
2376 2307 2458 2350 sub
2500 2307 2683 2350 6111111169
2720 2318 2891 2362 poenae

1544 2360 1799 2404 formidine:
1831 2361 1898 2404 his
1930 2362 2132 2404 omnibus
2159 2363 2306 2405 locum
2331 2362 2610 2416 habentibus,
2645 2375 2744 2406 cum
2778 2375 2889 2406 unus

1546 2419 1602 2459 Sa
1658 2416 1792 2459 iudex
1837 2429 2008 2460 omnem
2053 2429 2232 2460 causam
2277 2418 2333 2460 ab
2377 2417 2503 2461 initio
2543 2422 2738 2472 peragat.
2814 2419 2889 2461 Sin

1546 2476 1693 2515 autem
1729 2473 1775 2514 in
1813 2472 1955 2515 medio
1995 2471 2186 2515 triennio
2217 2474 2285 2516 vel
2328 2478 2469 2516 morte
2508 2473 2665 2516 iudicis
2697 2475 2765 2518 vel
2803 2475 2890 2517 alia

1545 2527 1832 2571 inrecusabili
1861 2528 2096 2571 occasione
2118 2528 2329 2571 iudicium
2351 2529 2487 2572 fuerit
2509 2531 2739 2584 mutatum,
2766 2534 2888 2580 tunc,

1546 2583 1582 2628 si
1627 2583 1802 2637 quidem
1845 2597 1900 2627 ex
1943 2583 2133 2627 triennio
2179 2586 2339 2628 annale
2382 2587 2555 2640 tempus
2595 2585 2663 2628 vel
2700 2587 2888 2641 amplius

1545 2639 1729 2692 residet,
1770 2641 1815 2682 in
1846 2652 1931 2695 quo
1962 2639 2075 2683 alius
2104 2639 2239 2683 iudex
2269 2653 2432 2684 causae
2469 2641 2730 2696 imponitur,
2771 2643 2890 2685 intra

1546 2695 1762 2750 reliquum
1800 2700 1974 2751 tempus
2014 2707 2150 2739 causa
2192 2695 2394 2739 finiatur:
2441 2696 2510 2739 sin
2553 2700 2701 2740 autem
2744 2698 2887 2741 minus

1545 2763 1678 2806 quam
1716 2752 1876 2794 annale
1913 2751 1992 2804 sit,
2032 2755 2142 2795 tunc
2180 2765 2308 2795 omne
2347 2751 2464 2807 quod
2499 2752 2622 2795 deest
2650 2754 2888 2808 repleatur,

1544 2811 1594 2850 ut
1633 2819 1722 2850 non
1750 2807 1797 2849 in
1826 2807 1994 2850 minore
2023 2807 2210 2862 perfecti
2239 2807 2345 2851 anni
2373 2813 2570 2863 tempore
2599 2808 2719 2850 litem
2749 2810 2891 2874 possit

1545 2864 1813 2917 subrogatus
1863 2863 1995 2906 iudex
2045 2867 2136 2905 tam
2188 2863 2408 2906 discutere
2460 2876 2591 2918 quam
2638 2868 2887 2908 terminare.

1546 2922 1570 2961 9
1629 2918 1711 2973 1110
1751 2919 1908 2973 procul
1945 2918 2080 2961 dubio
2120 2919 2418 2973 observando,
2450 2922 2522 2971 ut,
2563 2919 2601 2963 si
2639 2932 2782 2975 neque
2811 2934 2891 2976 per

1546 2974 1805 3017 alterutram
1844 2974 2109 3029 litigantium
2149 2978 2322 3030 partem
2360 2976 2427 3018 vel
2463 2988 2543 3030 per
2583 2975 2771 3018 iudicem
2803 2982 2889 3019 ste-

1546 3030 1673 3082 terit,
1719 3030 1951 3086 quominus
1996 3030 2050 3073 lis
2094 3044 2174 3074 suo
2219 3032 2365 3073 Marte
2410 3031 2634 3084 decurrat,
2690 3032 2768 3073 sed
2811 3045 2890 3086 per

1545 3089 1757 3142 patronos
1789 3099 2036 3139 causarum,
2066 3086 2244 3129 licentia
2274 3086 2404 3128 detur
2432 3086 2570 3128 iudici
2599 3089 2644 3128 et
2672 3098 2748 3128 eos
2779 3086 2888 3128 dua-

1546 3155 1644 3184 rum
1674 3141 1884 3183 librarum
1913 3141 2011 3184 auri
2039 3154 2183 3195 poena
2213 3141 2402 3184 adficere
2431 3153 2511 3194 per
2541 3141 2736 3183 scholam
2763 3142 2887 3196 pala-

1546 3197 1685 3239 tinam
1724 3196 1940 3251 exigenda
1977 3201 2020 3239 et
2058 3196 2259 3238 similiter
2295 3195 2484 3250 publicis
2523 3196 2769 3239 rationibus
2810 3197 2886 3240 ad-

1545 3251 1789 3307 greganda‚
1830 3252 1926 3305 ipso
1957 3250 2160 3294 videlicet
2195 3250 2341 3294 iudice
2369 3251 2416 3292 in
2445 3263 2525 3293 sua
2555 3252 2773 3295 sententia
2802 3253 2888 3297 hoc

1545 3310 1691 3363 ipsum
1728 3306 2063 3361 manifestante,
2105 3306 2222 3361 quod
2261 3319 2340 3361 per
2376 3311 2589 3361 patronos
2630 3320 2791 3351 causae
2820 3310 2888 3352 vel

1546 3362 1755 3416 fugientis
1784 3361 1852 3404 vel
1887 3363 2058 3415 agentis
2099 3361 2247 3405 dilatio
2286 3362 2408 3405 facta
2438 3367 2503 3405 est
2530 3363 2599 3406 vel
2627 3376 2707 3419 per
2737 3376 2886 3407 omnes

1546 3420 1614 3462 vel
1661 3418 1870 3473 quosdem
1915 3430 1969 3460 ex
2011 3418 2100 3461 his:
2155 3418 2421 3461 necessitate
2474 3418 2701 3462 advocatis
2745 3419 2886 3476 impo-

1546 3473 1714 3527 nenda,
1757 3486 1812 3516 ex
1848 3486 1933 3528 quo
1972 3473 2093 3518 litem
2131 3473 2424 3529 peragendam
2454 3475 2748 3530 susceperint,
2791 3489 2887 3518 eam

1547 3541 1686 3584 usque
1726 3529 1783 3572 ad
1811 3528 2066 3583 terminum,
2109 3529 2195 3572 nisi
2234 3530 2306 3572 lex
2335 3531 2403 3573 vel
2430 3530 2550 3574 iusta
2586 3543 2721 3574 causa
2747 3531 2885 3587 impe-

1549 3585 1662 3636 diat,
1704 3584 1964 3639 adimplere,
2005 3598 2061 3629 ne
2096 3598 2151 3628 ex
2180 3585 2273 3628 eius
2303 3586 2585 3629 recusatione
2612 3586 2695 3629 fiat
2725 3599 2887 3630 causae

1548 3640 1719 3683 dilatio:
1751 3641 1999 3684 honorariis
2030 3641 2202 3685 scilicet
2222 3654 2250 3684 a
2276 3641 2525 3693 clientibus,
2557 3642 2631 3696 qui
2655 3642 2760 3684 dare
2782 3655 2884 3697 pos-

1548 3697 1658 3749 sint,
1700 3695 1998 3740 disertissimis
2026 3696 2190 3751 togatis
2232 3696 2480 3740 omnimodo
2517 3697 2796 3752 praestandis
2827 3703 2884 3751 et,

1547 3751 1586 3795 si
1614 3751 1893 3805 cessaverint,
1924 3764 2005 3807 per
2033 3757 2318 3796 exsecutores
2343 3752 2619 3807 negotiorum
2647 3752 2884 3806 exigendis,

1546 3819 1602 3850 ne
1641 3810 1686 3849 et
1719 3820 1798 3863 per
1836 3807 2088 3851 huiusmodi
2124 3807 2495 3851 machinationem
2536 3820 2694 3850 causae
2729 3807 2886 3850 merita

1546 3863 1882 3917 protrahantur,
1922 3862 2009 3906 nisi
2045 3863 2141 3919 ipse
2178 3863 2374 3916 litigator
2416 3864 2548 3905 alium
2578 3875 2658 3917 pro
2689 3862 2775 3904 alio
2805 3875 2883 3916 pa-

1551 3922 1599 3960 10
1670 3921 1848 3961 tronum
1891 3918 2048 3973 eligere
2091 3918 2309 3962 maluerit.
2381 3918 2505 3961 Haec
2547 3921 2694 3960 autem
2738 3917 2884 3960 omnia

1545 3973 1642 4015 in¹⁰
1679 3973 1748 4016 his
1787 3973 1915 4016 nobis
1947 3977 2076 4017 cauta
2105 3977 2232 4027 sunt,
2275 3974 2432 4027 quibus
2472 3973 2694 4027 perfectae
2725 3972 2883 4015 aetatis

1549 4028 1799 4072 constitutis
1842 4029 2071 4072 arbitrium
2115 4043 2243 4072 suum
2300 4042 2380 4083 pro
2435 4028 2637 4072 omnibus
2692 4028 2832 4071 causis
2853 4031 2881 4053 ¹¹

1550 4088 1593 4126 11
1673 4083 1851 4127 sufficit.
1926 4084 2005 4128 Sin
2050 4098 2150 4128 vero
2198 4096 2358 4126 causae
2402 4084 2470 4126 vel
2509 4083 2779 4138 pupillorum
2818 4083 2884 4125 vel

1546 4139 1796 4183 adultorum
1832 4139 1922 4183 sint
1947 4141 2016 4183 vel
2053 4140 2239 4183 aliorum
2271 4141 2352 4182 sub
2385 4151 2491 4181 cura
2521 4139 2742 4192 agentium
2772 4150 2884 4180 mas-

1548 4196 1746 4237 culorum
1788 4195 1856 4238 vel
1893 4194 2167 4249 feminarum,
2208 4196 2310 4237 11112
2351 4206 2430 4248 per
2458 4196 2628 4237 tutores
2658 4194 2725 4236 vel
2757 4205 2882 4235 cura-

1545 4252 1665 4293 tores
1695 4250 1763 4292 vel
1793 4252 1967 4294 actores
1996 4252 2065 4294 vel
2094 4253 2407 4305 procuratores
2421 4251 2455 4275 ¹³
2495 4261 2645 4291 eorum
2682 4252 2882 4302 agantur,

2650 4391 2714 4433 (11)
2746 4388 2805 4425 sic
2835 4386 2884 4436 P,

2513 4443 2585 4490 (13)
2617 4441 2681 4480 vel
2709 4443 2789 4482 act.
2819 4440 2885 4481 vel

1547 4390 1620 4438 (10)
1650 4388 1886 4427 hominibus
1916 4390 1990 4430 ins.
2021 4390 2071 4439 P,
2110 4389 2298 4428 omnibus
2335 4390 2408 4428 ins.
2442 4388 2480 4428 L

1546 4444 1681 4484 causis
1711 4459 1784 4483 om.
1817 4442 1886 4484 CR
1996 4446 2071 4495 (12)
2103 4447 2151 4483 ut
2181 4443 2262 4493 CH,
2291 4445 2334 4482 et
2364 4443 2406 4482 P

1545 4511 1656 4550 proc.
1685 4514 1759 4538 om.
1792 4499 1830 4538 P

2499 4622 2549 4661 16
