3152 4784
222 263 294 312 111
331 263 376 310 2.
416 262 444 309 3
1540 231 1636 288 124

220 405 491 455 ἀξιοπιστίας
542 398 568 452 ἢ
617 402 691 451 τῆς
741 397 1000 451 διωμοσίας,
1053 397 1177 452 κοινῇ
1230 388 1442 433 συνιόντα
1484 387 1545 430 εἰς

220 457 355 502 ταύτὸ
391 455 470 497 τὸν
500 453 853 509 θεοφιλέστατον
891 453 1132 492 ἐπίσκοπον
1169 444 1249 489 τόν
1286 461 1334 511 τε
1366 446 1545 509 ’πατέρα

219 511 300 557 τόν
339 528 386 554 τε
425 506 597 551 ἔκδικον
634 508 710 558 τῆς
748 502 918 549 πόλεως
956 510 1124 561 κρίνειν
1164 499 1246 544 τὸν
1281 499 1545 566 αξιοπιστογ

221 565 486 626 φαινόμενον
523 559 734 619 ἐγγυητὴν
772 558 881 617 πρὸς
916 558 999 612 τὴν
1037 560 1112 611 τῆς
1151 555 1373 611 ἐναγωγῆς
1410 566 1544 595 ποσο-

220 639 342 676 τητα,
372 622 444 661 καὶ
472 613 664 673 ἀνάγκην
693 616 807 666 ἔχειν
836 612 918 655 τὸν
948 612 1176 671 πράκτορα
1206 607 1419 661 δέχεσθαι
1447 609 1545 673 τοῦ;

219 695 298 721 τον
328 671 612 733 ἐγγυώμενον,
649 668 789 724 μηδὲν
828 667 1117 722 κομιζόμενον
1145 664 1255 730 ὑπὲρ
1292 666 1546 728 ἐγγυητικου

220 740 243 778 5
300 728 326 784 ἢ
356 730 602 782 ἐξωμοσίας.
659 722 785 777 Πλὴν
813 724 852 764 εἰ
879 721 940 776 μὴ
970 722 1017 771 ἐξ
1051 719 1187 773 ἰδικῆς
1216 720 1342 774 ημῶν
1372 735 1399 771 η
1427 733 1546 783 τινος

217 790 311 830 τῶν
352 788 573 840 μεγίστων
614 775 845 837 ἀρχόντων
885 773 1169 834 προστάξεως
1206 773 1464 827 κελευσθείη
1494 788 1545 816 το

221 840 461 900 πρόσωπον
489 833 679 893 ἀγαγεῖν,
710 833 895 891 ἐγγυητῇ
922 830 984 886 μὴ
1012 828 1388 872 καταπιστεύσας·
1426 846 1546 883 τηνι-

217 898 355 938 καῦτα
381 893 461 950 γὰρ
490 888 614 932 ἄδεια
643 890 768 930 ἐσται
803 889 869 942 τῷ
901 885 1117 945 πράκτορι
1147 884 1360 944 ἐγγυητὴν
1388 883 1545 952 pipizo-

216 949 426 1006 μίζεσθαι
467 948 540 987 καὶ
581 945 713 986 τοῦτο
755 946 908 998 μέντοι
950 939 1167 1000 πράττειν
1206 945 1337 999 χωρὶς
1380 954 1548 994 απασης

304 1009 368 1045 ίας
383 1005 405 1043 ¹.

217 1009 380 1103 ζὲμὲὉ
432 1053 482 1098 δὲ
523 1051 736 1111 θεοφιλὴς
787 1054 884 1095 τῶν
935 1052 1092 1096 τόπων
1145 1054 1404 1102 ἐπίσκοπος,
1472 1048 1546 1093 ἐὰν

324 1108 580 1169 συγχωρήσῃ
610 1109 941 1167 παραβαθῆναι
969 1107 1050 1150 τὸν
1080 1107 1219 1162 νόμον
1240 1104 1267 1160 ἢ
1290 1106 1351 1162 μὴ
1373 1103 1546 1163 μηνύσῃ

323 1166 434 1209 κατὰ
462 1167 538 1207 τοῦ
570 1164 940 1222 παραβαίνοντος,
970 1167 1044 1205 καὶ
1067 1165 1132 1217 τῷ
1162 1163 1259 1216 θεῷ
1287 1158 1549 1221 προσκρούει

243 1229 263 1266 7
322 1226 395 1264 καὶ
431 1219 656 1275 βασιλικῆς
699 1217 1026 1274 πειραθήσεται
1074 1215 1300 1271 κινήσεως.
1368 1213 1549 1272 Ὁμοίως

323 1275 371 1319 δὲ
398 1280 469 1318 καὶ
500 1272 523 1318 ὁ
562 1274 713 1334 ἄρχων
748 1277 824 1328 τῆς
861 1277 1071 1327 ἐπαρχίας
1110 1274 1148 1315 εἰ
1187 1271 1440 1328 ῥᾳθυμήσει
1469 1274 1547 1314 τοῦ

323 1330 468 1387 νόμου,
499 1334 570 1372 καὶ
601 1329 791 1372 παύεται
819 1331 895 1382 τῆς
923 1329 1055 1385 ἀρχῆς
1088 1333 1162 1370 καὶ
1191 1326 1428 1383 δημευθεὶς
1457 1324 1547 1381 διη-

243 1393 266 1430 8
323 1389 458 1429 νεκῶς
496 1387 750 1444 ἐξορίζεται.
811 1384 887 1438 Μὴ
916 1383 1270 1439 λαμβανέτωσαν
1301 1381 1350 1425 δὲ
1384 1382 1429 1426 οἱ
1456 1385 1548 1427 ἐπι-

323 1439 519 1484 διδόντες
557 1440 613 1483 τά
650 1439 805 1507 βιβλία
843 1436 870 1493 ἢ
902 1438 979 1482 τὰς
1006 1437 1176 1498 γραφὰς
1205 1437 1447 1496 πράκτορες
1475 1443 1548 1481 καὶ

322 1497 397 1539 τὰς
441 1499 638 1549 ἐντυχίας
680 1513 707 1549 η
763 1494 820 1537 τὰ
876 1493 1126 1550 συμβόλαια
1174 1498 1424 1551 περαιτέρω
1473 1496 1550 1548 τῆς

324 1551 611 1611 διωρισμένης
638 1552 693 1610 τῇ
722 1550 835 1605 μετὰ
862 1553 1006 1593 ταῦτα
1030 1547 1230 1600 διατάξει
1258 1550 1549 1608 παραμυθίας

323 1606 374 1676 ἢ,
397 1612 751 1664 παραβαίνοντες
788 1602 1141 1650 ὑποκείσθωσαν
1183 1609 1275 1648 τοῖς
1317 1609 1550 1661 ἐπιτιμίοις

325 1680 408 1706 αυτ
438 1677 467 1706 ς.

271 1719 322 1763 D.
361 1681 455 1762 wis
489 1717 533 1762 lc.
573 1716 659 1761 Iul.
703 1716 982 1762 Chalcedone
1021 1716 1272 1775 Lampadio
1313 1723 1355 1760 et
1395 1715 1550 1760 Oreste

217 1789 356 1818 conss.
1363 1776 1418 1825 [a.
1453 1776 1547 1824 530]

270 1829 297 1876 5
333 1829 413 1881 3[Ὁ
432 1825 560 1871 αὐτὸς
578 1826 781 1884 βασιλεὺς
794 1825 1015 1882 Ἰουλιανῷ
1034 1823 1212 1883 ἐπάρχῳ
1229 1832 1548 1886 πραιτωρίων.]

325 1882 563 1935 3’Διάταξις
591 1886 687 1926 ἔστι
715 1886 793 1926 τοῦ
823 1879 1031 1941 ἡμετέρου
1060 1882 1289 1938 βασιλέως,
1331 1879 1423 1938 ἥτις
1462 1888 1551 1926 τοῖς

323 1943 417 1983 τῶν
464 1937 731 1983 ὑποθέσεων
770 1942 1054 1995 ἐκβιβασταῖς
1097 1937 1213 1998 λόγῳ
1258 1937 1551 1997 σπορτούλων

324 1995 459 2054 ῥητόν
487 2012 532 2037 τι
571 1992 787 2037 δίδοσθαι
823 1993 1174 2054 παρεκελεύσατο
1213 1993 1323 2053 πρὸς
1362 1994 1443 2048 τὴν
1473 2011 1550 2038 πο-

324 2051 490 2105 σότητα
531 2050 614 2104 τὴν
655 2052 721 2105 τῷ
766 2049 931 2106 βιβλίῳ
975 2052 1051 2104 τῆς
1095 2049 1325 2093 αἰτιάσεως
1368 2053 1549 2109 ἐμφερο-

324 2112 481 2160 μένην·
512 2106 608 2149 οἷον
623 2103 750 2164 λόγου
771 2107 900 2163 χάριν
914 2110 1060 2164 μέχρις
1085 2105 1245 2149 ἑκατὸν
1261 2105 1551 2162 νομισμάτων

326 2159 457 2219 ὥρισε
496 2160 711 2204 δίδοσθαι
749 2161 802 2204 τὸ
842 2158 972 2216 ἣμισυ
1001 2163 1079 2204 τοῦ
1109 2166 1395 2217 νομίσματος,
1435 2163 1474 2204 εἰ
1503 2160 1552 2204 δὲ

324 2221 490 2272 μείζων
520 2218 585 2271 εἴη
615 2216 827 2271 ποσότης,
868 2216 1053 2260 πλείονα
1085 2217 1200 2260 εἶναι
1228 2221 1301 2259 καὶ
1330 2217 1387 2260 τὰ
1416 2217 1550 2276 σπόρ-

271 2273 532 2373 Ι).το;1ἰΐ1ι.
575 2327 661 2372 Iul.
705 2327 980 2373 Chalcedone
1018 2327 1269 2385 Lampadio
1313 2333 1358 2371 et
1398 2326 1551 2372 Oreste

222 2398 360 2428 conss.
1363 2387 1418 2435 [a.
1451 2388 1548 2435 530]

273 2437 303 2485 ὃ
334 2435 420 2491 ⁴[‘0
451 2435 580 2481 αὐτὸς
607 2437 826 2494 βασιλεύς]
869 2470 1548 2482 .................

236 2528 1548 2539 ιιιιιιιιιιιιιιιιιιιιιιιιιιιιιιιι

219 2550 271 2594 D.
316 2550 358 2594 lc.
390 2549 489 2593 Iun.
523 2550 912 2608 Constantinopoli
955 2549 1027 2593 dn.
1073 2549 1329 2594 Iustiniana
1362 2564 1451 2663 pp.
1497 2552 1548 2594 Α.

222 2618 287 2648 111
313 2619 432 2649 cons.
1379 2620 1418 2649 a.
1451 2611 1549 2658 533]

226 2913 272 2959 (11
305 2911 377 2950 καὶ
406 2906 515 2961 μετὰ
545 2905 686 2958 πάσης
716 2904 888 2963 φειδοῦς
918 2910 979 2955 (id
1007 2918 1086 2950 est:
1119 2913 1158 2950 et
1187 2923 1280 2950 cum
1308 2911 1420 2950 omni
1449 2911 1552 2951 leni-

227 2968 323 3015 tate)
356 2966 509 3005 addunt
537 2965 580 3004 B
721 2965 772 3014 (2)
816 2969 835 3012 §
870 2973 985 3006 6..s
1015 2985 1071 3000 =
1100 2965 1144 3005 B
1175 2968 1215 3016 7,
1248 2975 1283 3015 6,
1314 2975 1372 3007 20.
1415 2972 1434 3014 ξ
1469 2976 1501 3007 6.
1535 2976 1551 3007 7

227 3024 266 3061 in
299 3022 381 3060 loco
409 3022 563 3073 qemino
593 3020 651 3060 ita
680 3027 905 3060 contractae
933 3029 1048 3061 sunt.-
1088 3015 1327 3061 κάνταῦθα
1355 3021 1450 3062 τῶν
1481 3016 1553 3062 αὖ·

225 3075 319 3116 τῶν
347 3071 630 3130 κρατούντων
659 3074 897 3127 έπιτιμιῶν
926 3070 1038 3116 κατά
1073 3090 1122 3116 τε
1157 3076 1236 3116 τοῦ
1265 3070 1553 3132 θεοφιλὲστά·

229 3145 306 3170 του
349 3124 593 3170 ἐπισκόπου
636 3131 708 3168 καὶ
750 3129 829 3170 τοῦ
873 3127 1186 3186 λαμπροτάτου
1228 3131 1304 3184 τῆς
1346 3133 1557 3186 ἐπαρχίας

227 3183 453 3241 ἄρχοντος,
502 3183 546 3223 εἴ
581 3198 626 3224 τι
668 3180 845 3224 τούτων
886 3188 1276 3242 παραβαινομένου
1327 3184 1446 3229 τινὸς
1495 3185 1555 3242 μὴ

225 3240 396 3281 θᾶττον
432 3239 576 3280 ταῦτα
613 3237 819 3292 μηνύσω.
873 3242 976 3280 unde
1018 3241 1175 3282 collatis
1206 3242 1250 3281 B
1281 3251 1317 3283 et
1345 3258 1374 3283 c.
1407 3252 1451 3283 26
1486 3250 1504 3291 ς’
1535 3253 1554 3284 5

226 3298 294 3344 fin.
331 3302 349 3342 ς·
383 3304 401 3334 6
433 3297 489 3335 ita
516 3297 609 3346 fere
638 3296 878 3335 restituenda
912 3296 1093 3336 videtur.-
1132 3290 1156 3337 ὁ
1187 3292 1236 3337 δὲ
1264 3294 1555 3352 θεοφιλέστα·

227 3362 297 3390 τος
325 3349 420 3390 τῶν
448 3346 603 3389 τόπων
632 3350 867 3391 ἐπίσκοπος
896 3349 940 3390 εἴ
957 3365 1001 3391 τι
1026 3349 1202 3392 τούτων
1225 3352 1557 3409 παραβαθῆναι

229 3399 504 3461 συγχωρήσαι
527 3399 553 3455 ἢ
575 3407 961 3459 παραβαινομένου
987 3404 1107 3447 τινὸς
1127 3403 1189 3460 μὴ
1215 3405 1390 3449 θᾶττον
1411 3409 1556 3450 ταῦτα

230 3456 438 3509 αηνύσαι,
490 3457 576 3507 ἕξει
610 3460 696 3526 μὲν
736 3456 928 3527 δυσμενῆ
965 3458 1044 3502 τὸν
1080 3457 1304 3514 δεσπότην
1333 3460 1448 3505 θεὸν
1482 3465 1556 3504 καὶ

230 3510 460 3565 βασιλικὴν
482 3509 778 3570 ἀγανακτησιν
800 3519 1057 3569 αναμενέτω
1145 3520 1198 3571 (3)
1229 3520 1452 3573 iunyendas
1473 3535 1556 3562 esse

231 3584 262 3610 c.
279 3578 299 3609 4
315 3570 351 3610 ἢ.
371 3579 395 3610 t.
426 3572 461 3619 1,
479 3579 511 3619 4,
529 3578 586 3610 26.
615 3573 677 3620 10,
691 3579 749 3623 30,
762 3579 794 3610 4.
824 3574 1023 3623 12,4ο,12.
1044 3574 1107 3624 12,
1124 3582 1179 3623 63,
1199 3576 1422 3628 2,fortasse
1439 3579 1556 3617 etiam

231 3627 268 3675 3,
293 3633 346 3672 10,
373 3633 406 3665 2.
437 3627 476 3675 7,
501 3633 557 3674 45,
585 3634 637 3676 15,
661 3628 925 3677 probabiliter
955 3629 1118 3669 coniecit
1147 3629 1259 3670 Witte
1281 3631 1410 3684 Leyes
1439 3633 1554 3673 resti-

232 3688 336 3719 tutae
359 3688 482 3732 p.159
512 3694 561 3720 ex
582 3695 612 3720 c.
631 3689 651 3720 4
671 3686 690 3727 ς
710 3689 744 3729 8,
776 3696 823 3721 ex
854 3683 892 3731 1,
907 3690 940 3732 4,
958 3690 1015 3732 26,
1035 3692 1070 3724 15
1101 3693 1199 3724 etex
1216 3687 1252 3734 1,
1269 3695 1303 3736 4,
1320 3695 1378 3738 29,
1398 3695 1432 3737 s,
1453 3702 1557 3740 quae

227 3736 368 3786 paucis
393 3743 488 3787 post
512 3736 706 3776 mensibus
733 3736 831 3777 data
861 3745 929 3777 est.
985 3753 1193 3791 perperam
1222 3741 1345 3795 ἐρίων
1367 3742 1557 3783 Cuiacius

230 3791 377 3831 observ.
397 3791 460 3841 12,
478 3799 521 3831 22
544 3792 866 3844 subscriptionem
889 3794 989 3833 anni
1006 3801 1084 3844 533,
1114 3809 1230 3846 quam
1261 3798 1301 3837 in
1319 3798 1411 3848 fine
1440 3799 1556 3839 huius

231 3846 337 3886 tituli
363 3846 527 3896 invenit,
567 3847 624 3886 ad
651 3862 683 3887 c.
714 3856 734 3888 5
775 3855 971 3900 tamquam
1012 3848 1185 3890 ultimam
1215 3854 1406 3894 restituit:
1442 3855 1556 3895 immo

2257 252 2332 291 DE
2367 250 2640 290 PEDANEIS
2674 251 2956 292 IUDICIBUS

2240 389 2345 438 ΙΙΙ)

1935 469 2012 509 DE
2040 470 2323 511 PEDANEIS
2352 468 2653 510 IUDIOIBUS.

1687 547 1711 595 1
1747 547 1861 613 Imp.
1895 547 2151 595 Gordianus
2171 553 2222 595 A.
2260 550 2452 594 Vicanis.
2507 549 2789 592 Procuratori
2809 554 2961 595 nostro

1630 618 1718 648 non
1746 616 1842 647 νιος
1879 604 2092 659 praesidis
2131 607 2278 661 agenti
2313 605 2446 649 dandi
2475 604 2640 648 iudices
2669 605 2784 648 inter
2845 605 2960 650 riva·
3011 620 3015 624 ’
3072 609 3074 612 ’

1629 665 1698 704 tas
1738 672 1949 714 personas
1988 674 2077 704 non
2114 667 2363 717 competere
2398 661 2654 703 facultatem
2683 660 2800 703 man·
2823 664 2964 704 estum

1632 722 1718 759 est:
1761 718 1805 757 et
1831 714 1930 758 ideo
1961 715 2012 768 si,
2043 721 2092 760 ut
2120 717 2354 771 adlegatis,
2384 717 2499 759 inter
2527 715 2721 771 privatas
2750 727 2964 770 personas

1629 771 1668 814 is
1698 769 1823 813 cuius
1852 771 2110 815 meministis
2139 772 2328 816 arbitros
2359 771 2526 815 dandos
2556 771 2746 826 putavit,
2789 775 2952 815 senten-

1630 827 1693 869 tia
1721 826 1777 868 ab
1809 825 1869 869 eis
1931 825 2075 870 rolata
2103 827 2223 872 nullo
2253 827 2348 871 iure
2377 826 2590 871 subsistit.
2649 825 2742 869 PP.
2773 825 2816 869 lc.
2834 825 2963 873 Febr.

1631 881 1780 925 Attico
1812 886 1857 924 et
1950 886 2181 926 aetextato
2213 895 2355 926 conss.
2778 885 2835 934 [a.
2868 884 2965 933 242]

1689 935 1719 981 2
1752 934 1839 978 ⁶Im
1909 970 1917 979 .
1950 935 2258 981 Diocletianus
2286 944 2332 982 et
2358 937 2671 981 Maximianus
2698 936 2790 980 ΑΑ.
2821 941 2865 980 et
2885 934 2964 981 00.

1632 992 1807 1035 dicunt:
1833 949 1989 1035 {acet
2016 991 2144 1035 nobis
2172 993 2399 1047 praesides
2430 993 2484 1036 de
2513 992 2582 1035 his
2613 991 2772 1044 causis,
2802 990 2851 1035 in
2899 991 2968 1035 ui·

1631 1048 1738 1099 bus,
1784 1047 1902 1101 quod
1943 1046 2030 1111 ipsi
2069 1060 2158 1090 non
2200 1054 2382 1103 possent
2436 1060 2727 1103 cognoscere,
2778 1051 2882 1091 ante
2942 1058 2968 1091 c

1631 1103 1853 1158 pedaneos
1882 1102 2051 1146 iud1ces
2082 1101 2268 1155 dabant,
2309 1101 2500 1147 notionis
2539 1116 2646 1147 suae
2676 1115 2859 1147 examen
2889 1101 2967 1146 ad-

1633 1159 1803 1209 hibere,
1843 1158 1906 1200 ita
1933 1162 2083 1201 tamen
2111 1162 2180 1210 ut,
2211 1158 2249 1201 si
2276 1159 2345 1202 vel
2405 1172 2454 1203 er
2482 1159 2793 1215 occupationes
2853 1157 2966 1202 ubli-

1633 1227 1708 1258 cas
1737 1213 1805 1257 vel
1832 1218 2015 1268 propter
2045 1226 2280 1256 causarum
2307 1173 2624 1259 multitudinem
2650 1214 2795 1258 omnia
2848 1213 2969 1257 uius-

1632 1269 1750 1313 modi
1776 1269 1952 1324 negotia
1976 1281 2065 1312 non
2091 1269 2317 1323 potuerint
2342 1282 2393 1312 co
2425 1282 2619 1323 noscere,
2643 1269 2811 1314 iudices
2837 1269 2970 1313 dandi

1642 1332 1651 1367 ι
1716 1326 1909 1368 habeant
1945 1328 2222 1380 potestatem.
2292 1323 2388 1378 Quo
2455 1337 2545 1368 non
2581 1325 2645 1368 ita
2683 1325 2779 1368 acci
2809 1324 2827 1368 i
2864 1337 2970 1368 con-

1633 1381 1764 1431 venit,
1797 1385 1847 1424 ut
1876 1380 2008 1424 etiam
2037 1379 2083 1422 in
2112 1379 2181 1422 his
2212 1380 2379 1432 causis,
2419 1380 2466 1423 in
2525 1380 2654 1424 uibus
2684 1380 2776 1424 sole
2809 1382 2888 1424 ant
2914 1392 2970 1424 ex

1635 1437 1782 1481 officio
1823 1449 1902 1480 suo
1943 1447 2232 1490 cognoscere,
2273 1434 2405 1478 dandi
2446 1436 2492 1478 iu
2526 1435 2613 1479 'ces
2649 1435 2830 1479 licentia
2901 1447 2970 1485 er-

1634 1493 1766 1535 missa
1819 1492 2039 1535 credatur.
2123 1490 2242 1546 quod
2292 1503 2433 1545 usque
2481 1491 2591 1534 adeo
2634 1490 2681 1534 in
2754 1490 2868 1535 raesi
2897 1503 2972 1538 ⁴um

1635 1548 1883 1603 cognitione
1925 1546 2201 1590 retinendum
2245 1551 2332 1598 est,
2386 1549 2437 1590 ut
2484 1559 2635 1599 eorum
2677 1546 2724 1589 iu
2756 1546 2840 1590 'cia
2881 1559 2971 1591 non

1634 1604 1857 1647 deminuta
1886 1603 2127 1655 videantur,
2160 1602 2264 1645 dum
2286 1607 2435 1645 tamen
2460 1601 2513 1645 de
2534 1602 2817 1657 ingenuitate,
2841 1613 2975 1666 super

1634 1672 1720 1715 qua
1757 1664 1962 1715 poterant
2006 1663 2050 1702 et
2093 1663 2196 1702 ante
2240 1670 2527 1712 cognoscere,
2575 1662 2619 1701 et
2661 1658 2716 1702 de
2757 1657 2972 1705 libertmi-

1633 1720 1724 1758 tate
1761 1715 1987 1770 praesides
2025 1715 2111 1770 ipsi
2144 1713 2395 1757 diiudicent.
2464 1714 2520 1758 D.
2552 1726 2622 1757 XV
2654 1712 2699 1758 lc.
2729 1714 2865 1771 Any!
2894 1711 2972 1758 00.

1635 1784 1779 1815 conss.
2785 1773 2842 1821 [a.
2873 1771 2972 1822 294]

1692 1823 1721 1873 3
1754 1825 1900 1870 Exem
1935 1825 2026 1869 lum
2053 1839 2290 1869 sacrarum
2321 1825 2573 1869 litterarum
2610 1823 2851 1869 eorundem
2880 1825 2972 1869 ΛΑ.

1634 1888 1679 1926 et
1719 1880 1796 1926 00.
1842 1895 1871 1924 a
1946 1880 2253 1939 Serapionem.
2327 1881 2501 1935 Placet,
2555 1884 2606 1924 ut
2651 1879 2894 1935 iudicibus,
2938 1879 2975 1924 si

1664 1951 1745 1981 uos
1772 1937 1964 1992 gravitas
1993 1941 2071 1980 tua
2101 1936 2420 1992 disceptatores
2451 1936 2631 1991 dederit,
2665 1936 2884 1989 insinues,
2924 1940 2976 1980 ut

1635 1953 1837 2059 delegata
1867 1993 1952 2037 sibi
1979 1993 2155 2048 negotia
2183 1993 2276 2035 lata
2301 1992 2519 2036 sententia
2547 1992 2860 2036 determinent:
2891 2003 2975 2036 nec

1634 2050 1680 2093 in
1708 2049 1777 2092 his
1809 2049 1973 2102 causis,
2013 2048 2060 2091 in
2102 2048 2262 2104 quibus
2291 2048 2580 2103 pronuntiare
2610 2048 2772 2091 debent
2799 2050 2846 2092 et
2871 2060 2974 2103 pos-

1634 2110 1758 2159 sunt,
1799 2105 2057 2148 facultatem
2093 2104 2177 2147 sibi
2215 2104 2463 2148 remittendi
2497 2109 2651 2159 patere
2680 2103 2739 2147 ad
2765 2102 2975 2148 iudicium

1635 2160 1881 2217 praesidale
1912 2163 2198 2215 cognoscant,
2240 2159 2427 2202 maxime
2455 2172 2575 2214 cum,
2613 2163 2658 2203 et
2696 2159 2735 2203 si
2765 2159 2975 2203 iudicatio

1634 2216 1767 2260 alicui
1795 2216 2062 2270 litigatorum
2098 2215 2215 2270 parti
2244 2215 2408 2259 iniusta
2435 2215 2659 2269 videatur,
2691 2215 2976 2272 interponen-

1636 2272 1718 2316 dae
1769 2271 2096 2327 provocationis
2149 2275 2349 2325 potestas
2402 2283 2430 2313 a
2487 2270 2706 2313 sententia
2754 2283 2810 2314 ex
2860 2269 2977 2316 omni

1636 2340 1771 2371 causa
1800 2326 1974 2382 prolata
2001 2326 2140 2370 libera
2171 2326 2467 2381 litigatoribus
2496 2324 2736 2371 tribuatur.
2793 2325 2849 2370 D.
2884 2337 2977 2369 νη]

1634 2382 1677 2427 lc.
1708 2383 1854 2441 April.
1884 2381 2152 2426 Antiochiae
2185 2380 2262 2425 00.
2296 2385 2463 2425 conss.⁸
2784 2385 2841 2435 [a.
2873 2383 2974 2434 294]

1691 2437 1724 2483 4
1754 2437 1880 2482 Idem
1908 2439 2000 2481 ΑΛ.
2041 2443 2087 2481 et
2123 2435 2202 2482 00.
2243 2437 2459 2480 Firmino.
2530 2436 2726 2490 Placuit,
2775 2437 2978 2493 quotiens

1634 2494 1821 2550 pedanei
1857 2493 2023 2537 iudices
2063 2493 2155 2536 dati
2194 2495 2297 2548 post
2331 2492 2452 2535 litem
2492 2495 2786 2537 contestatam
2813 2493 2882 2538 vel
2919 2492 2978 2537 ad

1635 2549 1755 2593 aliud
1804 2548 2015 2592 iudicium
2067 2549 2320 2592 necessario
2374 2548 2620 2604 dirigantur
2666 2549 2735 2592 vel
2775 2549 2980 2615 publicae

1635 2605 1837 2648 utilitatis
1881 2605 2053 2648 ratione
2095 2605 2142 2648 in
2185 2604 2297 2647 alias
2340 2604 2589 2659 provincias
2639 2604 2979 2660 proficiscantur

1635 2661 1702 2704 vel
1731 2660 1844 2704 diem
1867 2660 2058 2704 obierint
2079 2663 2127 2703 at
2157 2672 2213 2703 ue
2237 2660 2306 2702 his
2328 2660 2576 2703 rationibus
2602 2660 2788 2715 negotiis
2810 2660 2978 2716 coeptis

1635 2716 1734 2760 finis
1777 2729 1867 2759 non
1909 2715 2053 2770 possit
2095 2728 2121 2758 a
2154 2715 2318 2768 hiberi,
2372 2716 2505 2758 alium
2547 2716 2594 2759 in
2636 2716 2784 2760 locum
2827 2728 2979 2760 eorum

1634 2771 1824 2814 iudicem
1875 2771 2014 2814 tribui
2056 2770 2134 2826 qui
2185 2770 2410 2825 negotium
2457 2771 2696 2827 examinet,
2753 2784 2809 2816 ne
2863 2772 2977 2815 eius-

1643 2917 1680 2949 et
1703 2910 1942 2960 subscriptio
1959 2917 1996 2950 et
2011 2910 2217 2962 inscriptio
2241 2910 2328 2962 peti
2343 2911 2486 2951 debent
2500 2925 2548 2951 ex
2570 2914 2603 2962 1,
2620 2919 2656 2962 4,
2673 2919 2716 2952 26
2731 2918 2767 2951 et
2795 2911 2860 2962 12,
2877 2919 2936 2962 63,
2955 2919 2975 2952 2

1641 2964 1711 3015 (3“)
1742 2985 1796 2999 ---
1822 2965 2065 3018 Theophilus
2082 2967 2122 3016 4,
2144 2974 2178 3015 6,
2196 2973 2252 3015 24,
2283 2967 2394 3006 cuius
2415 2974 2687 3019 arqumentum
2710 2966 2974 3020 supplendum
3014 3016 3017 3017 ⁷

1643 3028 1700 3060 est
1717 3035 1763 3060 ex
1777 3019 1878 3061 Inst.
1890 3022 1930 3071 4,
1949 3029 1983 3072 6,
2003 3029 2045 3061 25
2064 3020 2163 3060 item
2182 3034 2230 3061 ex
2251 3020 2341 3072 lege
2357 3021 2604 3061 condicticia
2619 3033 2644 3061 a
2660 3024 2801 3062 nostra
2822 3021 2974 3062 eonsti-

1642 3074 1804 3115 tutione
1819 3075 1953 3115 oritur
1977 3076 2022 3115 in
2049 3076 2327 3129 quadruplum
2352 3076 2735 3118 condemnationem
2759 3078 2975 3131 imponens

1641 3130 1705 3170 his
1722 3130 2026 3171 exsecutoribus
2051 3131 2204 3183 litium,
2230 3133 2303 3183 qui
2319 3135 2463 3173 contra
2486 3135 2648 3174 nostrae
2663 3133 2975 3175 constitutionis

1640 3199 1824 3225 normam
1842 3199 1866 3226 a
1895 3187 1975 3227 reis
2000 3187 2219 3239 quicquam
2246 3189 2469 3240 exegerint.
2509 3198 2726 3242 praeterea
2747 3190 2864 3230 huius
2881 3204 2974 3230 con-

1640 3243 1855 3283 stitutionis
1884 3244 2009 3283 obiter
2033 3245 2291 3284 meminerunt
2313 3244 2418 3285 Nov.
2444 3254 2482 3286 17
2512 3260 2543 3286 c.
2562 3253 2582 3286 3
2612 3243 2720 3286 Νου.
2740 3253 2786 3287 82
2809 3259 2846 3288 c.
2864 3254 2883 3287 7
2903 3259 2972 3299 pr.

1641 3297 1746 3338 Νου.
1764 3306 1808 3339 86
1827 3313 1859 3339 c.
1879 3307 1920 3340 9:
1952 3300 2151 3340 exeadem
2167 3301 2352 3352 fortasse
2369 3301 2574 3353 repetitum
2590 3309 2659 3352 est,
2683 3302 2793 3354 quod
2807 3302 2974 3343 habetur

1641 3354 1681 3394 in
1692 3353 1797 3395 Νου.
1808 3361 1870 3394 124
1882 3369 1914 3395 c.
1925 3362 1945 3396 3
1963 3355 2231 3408 quadruplum
2248 3357 2358 3409 exiqi
2373 3373 2397 3396 a
2413 3358 2550 3398 comite
2566 3371 2694 3398 rerum
2706 3358 2973 3410 privatarum,

1640 3417 1683 3449 ut
1697 3409 1878 3461 simplum
1894 3411 2089 3451 reddatur
2100 3412 2138 3452 ei
2152 3426 2178 3451 a
2189 3426 2265 3464 quo
2282 3411 2460 3452 ablatum
2470 3420 2540 3463 est,
2554 3413 2712 3466 triplum
2725 3413 2972 3464 cedatfisco‚

1636 3466 1810 3516 privatis
1828 3466 1944 3506 etiam
1954 3467 2137 3518 permitti
2150 3468 2333 3508 resistere
2350 3470 2653 3519 exsecutoribus,
2665 3469 2737 3521 qui
2745 3468 2840 3521 plus
2854 3483 2972 3521 quam

1642 3520 1760 3560 liceat
1783 3522 1939 3574 exigere
1964 3531 2153 3563 conentur
2238 3524 2290 3571 (4)
2322 3523 2549 3564 desiderari
2571 3524 2883 3564 constitutionem
2903 3523 2972 3564 Iu-

1639 3577 1810 3617 stiniani
1824 3578 2083 3629 posteriorem
2100 3593 2133 3619 c.
2152 3587 2171 3618 5
2198 3578 2400 3631 colliyitur
2416 3593 2464 3618 ex
2484 3579 2774 3632 subscriptione
2789 3593 2892 3632 quae
2911 3593 2973 3620 se-

1641 3632 1774 3683 quitur
1797 3633 1908 3673 edita
1935 3648 1960 3672 a
1991 3633 2155 3673 Cuiacio
2182 3635 2376 3674 observat.
2396 3635 2457 3685 12,
2479 3642 2536 3684 22,
2562 3635 2665 3675 male
2688 3643 2816 3675 autem
2841 3634 2973 3675 relata

1641 3687 1698 3727 ad
1712 3697 1774 3728 c.5
1790 3687 1885 3739 (not.
1898 3688 1954 3739 3):
1977 3689 2236 3739 confirmatur
2253 3689 2325 3729 hoc
2340 3689 2474 3729 codice
2482 3689 2703 3730 Auredano
2720 3690 2972 3740 Charondae,

1639 3743 1712 3794 qui
1725 3751 1807 3783 tres
1823 3744 2118 3784 constitutiones
2132 3743 2314 3785 Graecas
2331 3746 2524 3786 excidisse
2542 3754 2708 3786 testatur
2789 3747 2842 3798 (5)
2872 3745 2917 3786 B
2933 3746 2972 3796 7,

1640 3806 1674 3848 3,
1692 3807 1737 3839 28
1754 3813 1865 3851 seqq.
1942 3799 1997 3850 (6)
2027 3800 2251 3853 iunqendae
2266 3801 2449 3840 videntur
2463 3801 2503 3852 3,
2519 3810 2568 3851 11,
2585 3810 2613 3841 1.
2632 3802 2672 3852 7,
2690 3810 2747 3852 53,
2765 3810 2800 3843 8.
2817 3803 2856 3852 ’7,
2874 3809 2933 3852 62,
2950 3808 2972 3842 6

1639 3854 1695 3905 (7)
1720 3852 1852 3906 April.
1870 3856 1908 3901 3,
1925 3863 1975 3905 11,
1991 3863 2008 3896 1
2095 3855 2149 3905 (8)
2180 3853 2260 3895 CC.
2278 3868 2332 3895 111
2348 3868 2477 3896 conss.
2501 3858 2573 3908 (=
2588 3858 2674 3909 300)
2697 3857 2917 3898 Mommsen

1558 3963 1667 3970 ——.‚

229 4018 275 4067 se
304 4009 349 4067 et
374 4007 752 4069 reverentissimus
780 4009 1017 4066 episcopus
1045 4016 1090 4054 et
1108 4018 1245 4069 pater
1272 4019 1318 4058 et
1344 4014 1558 4072 defensor

232 4064 423 4103 civitatis
450 4066 494 4104 et
511 4062 728 4124 judicent,
767 4077 871 4107 num
944 4064 1147 4110 deiussor
1175 4068 1236 4111 ad
1262 4071 1558 4126 quantitatem

232 4114 285 4157 de
324 4128 414 4170 qua
442 4121 593 4172 aqitur
620 4117 807 4162 idoneus
835 4119 878 4163 vi
909 4125 1052 4172 eatur,
1122 4136 1179 4166 uo
1213 4125 1343 4181 facto
1373 4140 1557 4171 exsecu-

235 4175 305 4212 tor
334 4183 430 4212 eum
464 4171 770 4235 fideiussorem
808 4175 1011 4238 accipere
1048 4175 1102 4220 de
1131 4183 1175 4221 et
1211 4194 1290 4223 nec
1319 4182 1559 4238 quicquam

235 4228 257 4265 5
324 4237 411 4280 pro
452 4225 738 4279 fideiussione
779 4229 847 4273 vel
888 4231 1178 4275 iureiurando
1218 4236 1383 4291 aufert.
1457 4237 1559 4280 Nisi

232 4279 356 4342 forte
411 4281 597 4336 speciali
643 4287 798 4326 nostro
852 4285 921 4328 vel
973 4286 1231 4342 cuiusquam
1286 4304 1559 4336 summorum

235 4339 572 4398 maqzstratuum
641 4343 848 4395 raecepto
877 4353 1123 4396 personam
1152 4342 1309 4389 ducere
1337 4346 1558 4401 iubeatur,

234 4400 270 4428 si
297 4388 547 4442 fideiussori
612 4391 708 4435 dem
737 4407 828 4436 non
850 4393 1034 4438 habeat:
1065 4400 1167 4440 tunc
1192 4400 1302 4442 enim
1324 4401 1556 4455 fideiusso-

235 4447 608 4505 rem-exsecutori
634 4460 841 4492 recusare
870 4449 1030 4501 licebit,
1061 4455 1111 4494 ut
1140 4456 1284 4497 tamen
1314 4457 1446 4500 etiam
1472 4458 1557 4502 hoc

240 4497 263 4535 6
307 4509 400 4541 sine
417 4499 511 4563 ullo
525 4500 684 4545 damno
701 4508 820 4559 aqat.
864 4503 1149 4549 Reverendus
1163 4515 1309 4552 autem
1330 4510 1418 4555 loci
1441 4513 1556 4571 epis·

240 4560 376 4604 copus
402 4566 440 4614 si
470 4555 630 4598 molari
658 4556 796 4614 leqem
822 4559 1078 4615 permiserit
1098 4562 1166 4604 vel
1183 4563 1444 4611 violatorem
1467 4581 1558 4611 non

241 4601 455 4668 detulerit,
485 4614 529 4651 et
555 4609 682 4653 deum
708 4612 897 4668 offendit
919 4619 965 4658 et
983 4614 1268 4671 imperatoris
1291 4626 1458 4665 motum
1477 4636 1558 4667 ex-

243 4661 263 4700 ‘1
313 4666 528 4714 perietur.
587 4664 755 4710 Eadem
788 4669 964 4714 ratione
993 4672 1125 4714 etiam
1141 4673 1407 4729 provinciae
1419 4690 1557 4735 prae-

1639 4029 1723 4069 ses,
1752 4016 1794 4061 si
1822 4015 1961 4074 leqem
1989 4015 2256 4073 neqlexerit,
2287 4020 2332 4061 et
2358 4016 2629 4074 maqistratu
2656 4019 2908 4060 removetur
2935 4019 2980 4059 et

1640 4075 1666 4116 8
1723 4071 1771 4115 in
1787 4076 2060 4129 perpetuum
2087 4071 2330 4129 releqatur.
2377 4070 2686 4116 Exsecutores
2709 4075 2871 4122 autem,
2899 4069 2980 4128 qui

1641 4126 1814 4171 libellos
1854 4126 1923 4172 vel
1958 4127 2275 4184 inscriptiones
2302 4132 2348 4172 et
2374 4127 2684 4171 accusationes
2716 4125 2785 4171 vel
2811 4125 2978 4170 instru-

1640 4187 1790 4226 menta
1828 4181 1988 4235 edunt,
2033 4182 2156 4226 ultra
2196 4183 2370 4227 solacia
2411 4181 2615 4240 sequenti
2661 4180 2980 4226 constitutione

1640 4237 1825 4301 definita
1853 4238 2176 4301 neOaccipiant,
2207 4239 2276 4283 vel
2301 4238 2342 4282 si
2369 4236 2638 4294 transgressi
2662 4236 2854 4293 fuerint,
2883 4235 2980 4281 eius

1637 4292 2178 4393 Ροὲῃῗάδόιιόἷῗθῗάιίξαηο
2241 4363 2291 4407 p.
2359 4345 2509 4391 Extat
2545 4346 2805 4411 constitutio
2841 4336 2978 4404 impe-

1641 4403 1812 4446 ratoris
1839 4404 2007 4456 nostri,
2047 4418 2164 4461 quae
2205 4363 2349 4449 iitium
2385 4401 2724 4447 exsecutoribus
2750 4401 2979 4459 sportula-

1641 4471 1740 4501 rum
1783 4459 1961 4502 nomine
2014 4465 2182 4503 certum
2236 4457 2348 4517 quid
2393 4470 2487 4514 pro
2531 4457 2784 4513 quantitate
2828 4455 2977 4501 libello

1642 4514 1949 4557 conventionis
1976 4514 2146 4559 inserta
2175 4515 2285 4559 dare
2312 4512 2464 4558 iussit:
2501 4510 2622 4556 verbi
2655 4511 2809 4569 qratia
2837 4525 2980 4569 usque

1641 4566 1703 4611 ad
1741 4573 1915 4612 centum
1952 4569 2126 4613 solidos
2162 4570 2385 4614 semissem
2422 4565 2558 4610 solidi
2595 4565 2700 4610 dari
2733 4566 2978 4618 constituit,

1640 4622 1682 4666 si
1716 4623 1863 4667 maior
1892 4625 2125 4681 quantitas
2150 4625 2317 4682 fuerit,
2357 4622 2489 4668 etiam
2527 4619 2760 4679 sportulas
2786 4621 2980 4666 maiores

1641 4691 1749 4723 esse.

3139 4199 3152 4372 ,ἕ
