3086 4732
174 178 278 230 13

188 329 276 368 τοῖς
311 322 564 379 βουλευταῖς
600 318 734 363 εὐθὺς
777 321 1028 373 ἐπιβαίνειν
1065 323 1163 362 τῶν
1199 313 1517 377 προσηκόντων

190 377 334 423 αὐτοῖς
361 377 638 438 πραγμάτων
666 377 738 418 καὶ
767 375 912 416 ταῦτα
938 379 1137 429 κατέχειν
1166 378 1238 416 καὶ
1274 373 1325 415 τὸ
1362 370 1519 415 ἱκανὸν

189 439 213 479 8
270 434 438 478 ὅαυτοῖς
473 430 586 476 κατὰ
623 429 704 474 τὸν
738 423 878 484 νόμον
906 430 1122 474 ἐντεῦθεν
1149 432 1306 473 ποιεῖν.
1371 428 1519 470 Ταῦτα

187 492 270 545 μὲν
297 481 379 532 οὖν
418 491 492 533 ἐπὶ
522 491 611 531 τοῖς
639 482 976 539 εὐλαβεστάτοις
1007 483 1222 544 κληρικοῖς
1259 479 1520 536 οἱουδήποτε

188 546 371 601 βαθμοῦ
416 547 592 603 κρατεῖν
628 541 686 582 εἰς
724 538 777 581 τὸ
807 536 999 594 διηνεκὲς
1035 541 1313 594 θεσπίζομεν
1340 542 1414 581 καὶ
1445 540 1520 582 ἐπὶ

187 603 279 644 τοῖς
320 597 403 654 ἤδη
445 592 831 651 πεπλημμεληκόσι
867 595 1155 655 κρατεῖν-τὸν
1191 594 1331 650 νόμον
1368 591 1519 649 βουλό-

188 660 214 699 9
270 671 409 711 μενοι,
439 651 554 696 διότι
582 654 665 693 καῖ’
683 647 904 709 πρότερον
930 642 997 705 ἦν.
1039 648 1219 704 Ἐπειδὴ
1247 648 1296 692 δὲ
1324 654 1400 692 καί
1417 666 1521 692 τινα

189 708 419 760 διάταξινι
462 703 645 764 εὕρομεν
687 707 791 764 περὶ
835 707 1048 762 μοναχαῖν
1091 704 1405 764 διαλεγομένην
1448 707 1523 747 καὶ

188 763 461 820 βουλομένην
490 759 647 804 αὐτοὺς
672 758 733 815 μὴ
761 759 1112 818 καταλιμπάνειν
1140 760 1197 804 τὰ
1225 762 1363 803 οἰκεῖα
1386 776 1521 816 μοναε-

190 819 345 878 στήρια
381 814 494 873 μηδὲ
529 816 746 875 θορυβεῖν
782 813 860 860 τὰς
887 815 1048 869 πόλεις,
1087 812 1143 870 ἣν
1178 821 1253 858 καὶ
1282 815 1391 885 πρός
1418 832 1523 858 τινα

189 872 581 929 νενομοθετῆσθαι
605 887 679 913 και
708 867 763 914 όν
782 885 900 916 τινες
919 868 1232 924 ὑποπτεύουσι,
1262 869 1356 915 δειν
1370 868 1523 927 ᾠήθη-

187 946 271 983 μεν
313 924 517 985 ἀφορμὴν
547 927 673 969 ἐντεῦ
713 942 763 969 εν
801 925 1012 983 λαβόντες
1046 926 1320 986 τελειότερόν
1356 944 1406 970 τε
1449 929 1524 968 καὶ

191 985 246 1027 εἰς
273 982 354 1026 τὸν
382 979 566 1025 ἅπαντα
593 980 754 1040 χρόνον
768 986 843 1024 καὶ
867 985 1001 1027 τοῦτο
1026 983 1375 1042 ἐπανορθῶσαι’
1408 978 1525 1025 ὥστε

190 1037 343 1093 αηδενὶ
370 1039 449 1081 τοῦ
466 1035 622 1080 λοιποῦ
650 1038 746 1080 τῶν
770 1034 1112 1108 εὖλαβεστάτων
1131 1040 1345 1094 μοναχῶν
1369 1035 1525 1081 ἄδειαν

189 1095 302 1137 εἶναι
342 1095 450 1137 τοῦ2
491 1091 665 1136 τοιοῦτό
709 1109 755 1136 τι
797 1108 1013 1153 πραττειν
1055 1097 1130 1136 καὶ
1172 1092 1526 1149 καταλιμπάνειν

188 1152 271 1206 μὲν
298 1147 351 1192 τὸ
378 1146 619 1204 μοναχικὸν
644 1149 802 1204 σχῆμα,
832 1165 934 1205 περι
967 1147 1189 1192 άλλεσθαι
1218 1147 1268 1192 δὲ
1295 1166 1322 1192 τ
1406 1149 1525 1192 οἱαν-

189 1207 268 1249 οῦν
303 1208 543 1262 στρατείαν
579 1200 607 1257 ἢ
644 1202 795 1260 ζώνην
831 1201 859 1259 ἢ
893 1202 921 1247 ἀ
950 1210 1026 1248 ίαν
1062 1201 1089 1258 ἢ
1122 1203 1205 1248 τὸν
1243 1207 1293 1247 ἐν
1350 1218 1525 1257 ικαστη-

189 1265 297 1318 ρίοις
331 1256 630 1315 μεταδιώκειν
662 1264 766 1315 βίον
803 1263 879 1303 καὶ
914 1262 990 1314 τῆς
1027 1261 1107 1303 τοῦ
1143 1259 1254 1302 θεοῦ
1281 1260 1528 1317 θεραπείας

188 1315 264 1359 τὰς
291 1311 590 1375 ἀνθρωπίνας
617 1309 821 1368 ἀσχολίας
847 1311 1178 1374 ἀνθαιρεῖσθαι
1212 1311 1240 1369 ἢ
1276 1313 1527 1373 γινώσκειν.

197 1376 242 1415 10
298 1365 369 1414 Ὡς
406 1374 480 1413 καὶ
515 1365 539 1413 ό
575 1369 750 1414 τοιοῦτό
786 1387 831 1413 τι
869 1368 1084 1428 πράττων
1120 1367 1443 1423 ἐπιδοθήσεται
1469 1371 1525 1429 τῇ

192 1424 325 1485 βουλῇ
348 1427 425 1480 τῆς
448 1424 617 1470 πόλεως
638 1427 815 1479 ἐκείνης,
845 1425 894 1476 ἐξ
921 1415 968 1480 ἧς
997 1427 1133 1478 ἐστίν,
1163 1422 1191 1480 ἢ
1212 1426 1374 1486 ἑτέρας,
1403 1426 1529 1468 καθὰ

191 1480 407 1541 πρότερον
445 1479 646 1525 εἰπόντες
680 1481 908 1538 ἔφθημεν,
946 1482 985 1523 εἰ
1020 1483 1104 1537 μὲν
1131 1479 1373 1540 χρημάτων
1400 1478 1528 1524 εὐπο-

191 1542 300 1595 ροίη,
330 1540 404 1580 καὶ
431 1534 699 1598 χρηματικὰς
722 1531 1080 1590 ὑποστησάμενος
1102 1535 1272 1594 λειτουρ
1304 1542 1384 1589 ίας,
1414 1539 1527 1581 ἐπεί-

182 1596 343 1660 τοιγεῖ·
360 1592 439 1637 τὰς
459 1597 518 1637 εἰς
541 1594 674 1647 σῶμα
698 1592 936 1649 φερούσας·
968 1587 1210 1635 κάνταῦθα
1234 1594 1261 1636 ἀ
1283 1596 1384 1637 ἐίας
1407 1592 1537 1648 οὔσης

193 1661 286 1692 ταις
313 1645 514 1702 βουλαῖς,
549 1646 761 1705 καθάπερ
789 1646 992 1691 εἰπόντες
1020 1646 1241 1703 ἔφθημεν,
1282 1649 1321 1691 εἰ
1349 1649 1531 1705 ἀφανεῖς

191 1707 414 1761 γένοιντο,
460 1700 853 1757 ἐπιλαμβάνεσθαι
895 1703 992 1744 τῶν
1035 1700 1317 1762 πραγμάτων
1360 1707 1434 1745 καὶ
1477 1701 1529 1746 τὸ

196 1763 240 1801 11
301 1757 455 1800 ἱκανὸν
485 1757 658 1801 ἑαυταῖς
685 1757 804 1810 κατὰ
826 1755 908 1801 τὸν
928 1755 1067 1813 νόμον
1089 1762 1250 1802 ποιεῖν.
1295 1756 1372 1801 Ἐν
1385 1755 1530 1803 ἅπασι

193 1812 242 1857 δὲ
268 1817 359 1857 τοῖς
388 1813 607 1868 θέμασιν,
645 1809 722 1870 ἐφ’
766 1811 833 1856 ὠν
863 1810 1108 1869 λαμβάνειν
1135 1810 1226 1858 ἀπὸ
1266 1816 1363 1857 τῶν
1389 1812 1530 1857 τοιού-

193 1885 287 1912 των
317 1869 477 1912 αἰτιῶν
503 1867 561 1911 τὰ
588 1865 876 1928 βουλευτήριά
915 1884 960 1911 τι
988 1867 1338 1925 προστάττομεν,
1376 1868 1530 1926 βουλό-

192 1925 316 1980 μεθα
351 1923 435 1979 τὴν
471 1926 557 1980 μὲν
591 1920 798 1980 ἡμίσειαν
824 1919 1001 1966 τούτων
1071 1928 1199 1982 οἷραν
1227 1924 1328 1968 τοὺς
1355 1924 1531 1981 βουλευ-

192 1979 268 2023 τὰς
302 1980 570 2036 κομίζεσθαι
605 1978 667 2035 μὴ
704 1982 754 2022 ἐν
780 1985 959 2039 χρυσίῳ,
999 1942 1097 2022 ἀλλ’
1131 1982 1180 2022 ἐν
1206 1975 1402 2034 ἀκινήτῳ
1434 1979 1531 2048 κτή·

194 2051 260 2078 σει
296 2032 324 2091 ἢ
361 2036 470 2096 οὔσῃ
506 2031 533 2089 ἢ
569 2031 798 2095 ὠνουμένῃ
827 2036 942 2078 κατὰ
978 2034 1061 2077 τὸν
1089 2036 1351 2095 ἔμπροσθεν
1381 2052 1530 2094 φοιτη-

193 2106 339 2135 σαντα
376 2088 487 2158 παρ’
527 2086 656 2145 ἡμῶν
684 2089 839 2146 νόμον,
875 2089 959 2144 τὴν
989 2089 1038 2133 δὲ
1063 2087 1269 2145 ἡμίσειαν
1297 2093 1354 2151 τῇ
1381 2094 1532 2151 γενικῇ

193 2149 389 2215 τραπέζῃ
418 2161 496 2200 της
523 2148 599 2201 σῆς
624 2141 837 2215 ὑπεροχῆς
866 2147 1170 2205 εἰσφέρεσθαι,
1204 2143 1320 2190 ὥστε
1349 2151 1423 2189 καὶ
1451 2147 1534 2190 τὸν

194 2216 277 2245 σον
306 2201 481 2260 θρόνον
509 2205 718 2259 προνοεῖν
746 2198 982 2260 αγρύπνως
1009 2199 1149 2258 μηδὲν
1176 2204 1352 2246 τοιοῦτο
1382 2200 1532 2245 διαλα-

197 2258 314 2311 θεῖν,
365 2254 463 2301 ἀλλ’
510 2252 601 2312 ἅμα
643 2258 712 2312 τῷ
752 2257 968 2316 γίνεσθαί
1007 2273 1052 2300 τι
1092 2255 1174 2312 τὴν
1222 2256 1534 2317 προσήκουσαν

195 2309 307 2373 ὑπὲρ
334 2310 494 2357 τούτου
522 2313 758 2356 ποιεῖσθαι
787 2313 1063 2371 θεραπείαν,
1106 2311 1224 2367 πλὴν
1266 2314 1306 2356 εἰ
1346 2312 1409 2370 μὴ
1450 2315 1535 2356 νῦν

195 2370 302 2427 γοῦν
344 2366 515 2413 ἑκόντες
557 2367 601 2410 οἱ
641 2369 836 2411 τοιοῦτοι
878 2365 1133 2411 άπόθοιντο
1167 2370 1254 2423 μὲν
1287 2367 1371 2423 τὴν
1400 2382 1533 2426 στρα-

213 2461 1611 2469 ῌ--ῌΜ,ᾞ

178 2517 229 2569 (ι)
259 2531 291 2558 c.
310 2524 354 2559 29
386 2517 422 2557 h.
455 2524 479 2557 t.

187 2573 286 2615 Coll.
401 2573 455 2624 (4)
485 2568 581 2613 οἷον
611 2571 778 2613 Nomoc.
896 2571 948 2619 (5)
977 2562 1082 2623 μετ’
1114 2563 1320 2620 ἀλλήλων
1349 2582 1428 2610 scr.

203 2746 222 2784 Ἰ
283 2740 414 2795 Quod
453 2741 494 2786 si
534 2739 736 2786 videlicet
776 2738 978 2793 latitant,
1021 2738 1245 2784 licentiam
1274 2738 1433 2782 damus
1461 2750 1536 2781 cu-

202 2796 389 2840 rialibus
426 2795 663 2853 confestim
698 2807 772 2838 res
840 2808 926 2839 uae
963 2793 1028 2838 eis
1066 2798 1323 2852 competunt
1359 2791 1538 2849 inqredi

204 2864 344 2907 eaque
384 2855 529 2894 tenere
566 2854 610 2893 et
644 2850 756 2892 satis
784 2862 820 2892 si
851 2849 868 2892 i
894 2848 999 2892 inde
1024 2848 1266 2893 secundum
1295 2848 1435 2911 leqem
1457 2848 1538 2911 fa-

205 2909 230 2950 8
288 2917 398 2949 cere.
457 2904 582 2948 Haec
615 2904 756 2961 iqitur
789 2902 838 2946 in
866 2902 1158 2948 devotissimis
1193 2902 1367 2947 clericis
1393 2915 1539 2945 cuius-

207 2973 391 3017 cumque
418 2959 589 3018 qradus
610 2959 657 3001 in
678 2962 948 3016 perpetuum
971 2957 1170 3002 obtinere
1189 2957 1400 3009 iubemus,
1430 2957 1539 3013 quin

207 3016 340 3060 etiam
376 3014 424 3059 in
462 3013 533 3059 liis
571 3013 720 3059 valere
755 3013 959 3058 volumus
1026 3013 1074 3057 ui
1109 3013 1200 3057 iam
1239 3011 1538 3070 offenderunt,

208 3075 234 3115 9
289 3070 500 3128 quoniam
548 3069 736 3126 antiqua
777 3073 894 3113 sunt.
1003 3082 1076 3112 um
1120 3073 1267 3113 autem
1343 3067 1539 3112 uandam

208 3125 567 3171 constitutionem
595 3123 901 3177 invenerimus,
931 3137 1048 3182 quae
1068 3123 1124 3169 de
1147 3137 1308 3169 monac
1339 3123 1381 3168 is
1401 3136 1542 3189 aqens

208 3194 285 3227 eos
320 3180 593 3225 monasteria
629 3179 884 3237 relinquere
919 3183 966 3224 et
994 3179 1044 3223 in
1072 3178 1254 3224 urbibus
1280 3192 1440 3238 vaqari
1470 3192 1541 3225 ve·

211 3241 288 3290 tat,
317 3249 450 3294 quam
481 3239 626 3280 tamen
653 3233 859 3279 nonnulli
886 3234 948 3278 ad
975 3239 1145 3279 certum
1181 3240 1356 3293 tempus
1388 3234 1540 3279 datam

209 3305 302 3337 esse
328 3291 627 3350 suspicantur,
663 3289 767 3334 inde
797 3289 1073 3335 occasionem
1107 3295 1330 3335 sumentes
1360 3304 1446 3349 per
1472 3303 1541 3334 ec-

212 3347 299 3392 tius
335 3346 421 3392 hoc
457 3351 502 3392 et
536 3346 583 3390 in
623 3359 750 3390 omne
780 3350 952 3404 tempus
980 3344 1323 3403 reformandum
1351 3359 1427 3390 cre
1457 3345 1541 3389 idi-

211 3415 317 3447 mus.
388 3402 501 3446 nulli
537 3401 677 3459 iqitur
705 3399 1088 3446 devotissimorum
1130 3401 1452 3446 monachorum
1493 3402 1542 3444 in

210 3459 416 3558 {uturum
444 3457 577 3502 liceat
611 3455 699 3501 tale
768 3456 847 3500 uid
871 3457 1028 3514 facere
1056 3461 1101 3502 et
1127 3456 1434 3502 monachicum
1462 3456 1542 3501 lia-

238 3514 347 3558 itum
374 3513 647 3570 relinquere,
685 3512 732 3555 in
763 3525 869 3556 uere
905 3516 1051 3557 autem
1080 3513 1433 3571 qualemqualem
1462 3512 1523 3556 mi

212 3569 353 3614 liliam
395 3567 463 3614 vel
503 3567 726 3626 cinqulum
769 3567 838 3612 vel
877 3566 1139 3625 diqnitatem
1177 3569 1245 3614 vel
1277 3569 1328 3613 in
1363 3568 1542 3613 iudiciis

214 3623 383 3669 versari
401 3628 446 3668 et
465 3622 537 3668 dei
560 3622 803 3667 ministerio
825 3622 1044 3668 humanas
1064 3625 1383 3682 occupationes
1401 3638 1542 3683 prae-

219 3683 267 3723 10
321 3679 449 3735 ferre
476 3677 545 3724 vel
571 3691 850 3743 coqnoscere.
894 3677 981 3732 Qui
1011 3679 1099 3724 tale
1127 3680 1238 3737 quid
1261 3681 1420 3737 faciet,
1451 3685 1543 3724 tra-

214 3734 345 3779 detur
373 3734 524 3779 curiae
550 3747 646 3778 eius
673 3734 878 3787 civitatis,
908 3747 970 3779 ex
1030 3748 1090 3778 ua
1119 3735 1339 3780 oriundus
1365 3741 1445 3788 est,
1475 3735 1544 3781 vel

215 3789 333 3835 alius
369 3788 607 3835 secundum
645 3789 767 3854 quod
801 3803 943 3848 supra
1001 3790 1191 3844 eximus,
1220 3795 1273 3836 ut
1297 3792 1339 3836 si
1366 3791 1544 3849 quidem

217 3844 415 3903 locuples
454 3849 543 3897 est,
597 3849 729 3890 etiam
771 3844 1040 3903 pecuniaria
1084 3860 1270 3892 munera
1309 3847 1544 3900 sustineat,

212 3904 451 3959 praeterea
479 3900 760 3958 corporalia:
788 3904 839 3944 ut
865 3905 910 3945 et
935 3901 982 3944 in
1006 3900 1091 3945 hoc
1115 3914 1223 3946 casu
1247 3903 1382 3948 liceat
1407 3902 1545 3947 curiis

215 3955 455 4000 secundum
490 3954 613 4012 quod
648 3969 790 4013 supra
829 3955 1046 4010 diximus,
1083 3957 1125 4000 si
1153 3957 1315 4012 latent,
1352 3972 1427 4003 res
1464 3972 1493 4002 a
1526 3983 1544 3991 -

224 4015 266 4055 11
383 4010 455 4055 edi
491 4015 536 4056 et
566 4010 651 4055 sibi
687 4011 926 4055 secundum
964 4011 1004 4056 le
1037 4026 1103 4056 em
1139 4014 1418 4070 satisfacere.
1513 4028 1544 4057 n

219 4079 336 4111 omni
365 4079 420 4110 us
446 4070 593 4110 autem
621 4066 809 4119 casibus,
845 4066 894 4110 in
922 4067 1000 4124 qui
1028 4081 1081 4111 us
1108 4082 1169 4113 ex
1196 4069 1413 4114 eiusmodi
1440 4082 1544 4114 cau-

217 4121 281 4166 sis
308 4121 459 4166 curias
486 4134 646 4180 capere
673 4121 782 4186 quid
807 4121 1020 4175 iubemus,
1056 4122 1282 4168 dimidiam
1317 4125 1413 4170 eius
1472 4139 1545 4168 ar-

221 4182 305 4222 tem
333 4175 525 4221 curiales
552 4190 643 4221 non
671 4191 718 4220 in
747 4190 860 4221 auro
890 4178 1093 4235 accipere
1120 4179 1341 4233 volumus,
1380 4194 1428 4225 se
1496 4181 1545 4223 in

220 4231 351 4277 rebus
383 4231 494 4285 soli,
528 4231 619 4276 sive
647 4246 725 4277 eae
752 4232 939 4276 subsunt
965 4233 1057 4278 sive
1085 4235 1415 4292 comparandae
1440 4240 1548 4280 sunt

220 4286 458 4332 seeundum
486 4286 624 4345 leqem
653 4292 786 4331 antea
814 4302 844 4331 a
871 4288 999 4332 nobis
1019 4291 1322 4347 propositam,
1358 4292 1545 4335 alteram

223 4342 446 4387 dimidiam
474 4342 694 4387 communi
723 4343 1013 4388 excellentiae
1044 4348 1145 4389 tuae
1167 4359 1343 4391 mensae
1357 4347 1404 4390 in
1433 4361 1544 4400 erre,

225 4402 273 4439 ut
310 4402 354 4441 et
386 4397 511 4442 sedes
550 4401 627 4442 tua
656 4397 891 4453 diliqenter
960 4398 1175 4449 rovideat‚
1213 4415 1268 4445 ne
1296 4402 1374 4459 qui
1431 4403 1546 4446 eius-

227 4451 344 4494 modi
381 4452 539 4506 lateat,
575 4451 656 4497 sed
688 4451 873 4496 simulac
944 4458 1014 4505 at,
1054 4462 1367 4513 competentem
1403 4457 1546 4503 mede-

229 4504 316 4548 lam
351 4507 392 4551 ei
428 4507 657 4561 adhibeat,
693 4507 780 4550 nisi
814 4508 903 4551 iam
941 4508 958 4551 i
988 4508 1029 4552 si
1057 4516 1217 4566 sponte
1249 4513 1451 4557 militiam
1479 4512 1548 4558 vel

229 4572 354 4615 quem
382 4562 516 4606 alium
542 4566 690 4607 tenent
708 4566 874 4607 statum
896 4578 945 4608 re
962 4564 1156 4621 iquerint
1178 4571 1221 4610 et
1243 4568 1303 4610 acl
1323 4568 1529 4613 monachi
1535 4591 1554 4601 -

231 4625 326 4656 cam
368 4616 498 4660 vitam
539 4630 697 4661 rursus
738 4621 914 4661 strenue
953 4632 1006 4662 ac
1043 4633 1143 4663 vere
1178 4624 1344 4666 reversi
1373 4624 1545 4680 fuerint

1513 161 1584 220 36

594 2516 649 2566 (2)
679 2513 758 2555 τοῦ
787 2528 858 2554 om.
889 2512 955 2554 vel
982 2507 1035 2552 τό
1054 2521 1211 2565 ponunt
1243 2511 1340 2553 Coll.
1373 2512 1470 2552 libri
1499 2511 1594 2552 boni

2540 178 2614 218 DE
2651 178 2930 218 Emscoms

1600 317 1728 357 τείαν
1763 308 1791 366 ἢ
1828 308 1982 356 ἅπλῶς
2016 308 2129 373 ὅπερ
2165 315 2311 368 ἔχουσι
2340 313 2507 369 σχῆμα,
2547 313 2636 358 εἰς8
2673 311 2723 358 δᾶ
2749 313 2833 359 τὸν
2857 329 2934 371 μο-

1601 366 1784 422 ναχικόν
1823 360 1957 411 αὖθις
1992 364 2046 412 ἀκ
2076 371 2187 426 ιβῶς
2218 386 2268 413 τε
2306 371 2380 411 καὶ
2418 365 2603 424 άληθῶς
2639 369 2929 415 martianae·

1601 429 1704 481 βίον
1755 426 1831 465 καὶ
1883 427 1973 467 τοῖς
2022 424 2360 481 ευλαβεστάτοις
2401 422 2618 484 κληρικοῖς
2665 427 2938 485 ἐγγραφῆναι

1603 477 1855 523 σπεύσαιεν.
1928 479 1967 522 εἰ
2005 479 2090 547 γὰρ
2131 483 2264 525 τοῦτο
2316 478 2532 538 πράξαιεν
2583 479 2690 524 εἴσω
2733 481 2938 525 ἐνιαυτοῦ

1603 532 1711 586 ἑνός,
1750 531 1834 591 ἀφ’
1875 523 2013 594 οὗπερ
2048 552 2072 579 ο
2111 535 2272 596 παρών
2307 537 2431 579 θεῖος
2459 531 2587 591 ἡμῶν
2614 538 2766 595 γε’γονε
2793 533 2939 592 νόμος,

1603 588 1790 648 ἀφίεμεν
1819 586 1966 633 αὐτοῖς
1991 589 2075 645 τὴν
2103 590 2277 646 ποινήν,
2305 588 2456 650 ἀρκεῖν
2488 586 2636 634 αὐτοῖς
2669 589 2754 635 τὸν
2789 592 2838 634 ἐκ
2863 587 2939 691 τῇς

1610 651 1657 690 12
1729 642 1952 700 ἀσκήσεως
2003 642 2234 703 ἡγούμενοι
2284 643 2616 704 σωφρονισμόν.
2692 647 2842 691 Ταῦτα
2918 647 2941 690 ὃ

1604 704 1781 761 κρατεῖν
1820 701 1879 744 εἰς
1913 699 1995 744 τὸν
2022 703 2177 759 ἐφεξῆς
2210 702 2469 759 βουλόμεθα
2495 698 2671 760 χρόνον,
2703 698 2807 746 οὐδὲ
2834 704 2940 746 ἐκεί·

1604 771 1704 801 νους
1733 756 1819 807 ἔξω
1847 758 1924 810 τῆς
1953 756 2178 816 εἰρημένης
2205 756 2613 814 καταλιμπάνοντες
2641 758 2809 812 ποινῆς,
2844 753 2942 802 ὅσοι

1605 811 1694 856 ἀπὸ
1730 813 1806 865 τῆς
1844 807 1969 868 ἡμῶν
2006 812 2233 868 βασιλείας
2261 819 2407 857 καίτοι
2432 817 2619 870 μοναχοὶ
2657 813 2943 858 καθεστῶτες

1606 866 1781 912 τοιοῦτό
1819 883 1864 910 τι
1903 865 2169 926 πεπράκασι.
2234 867 2287 913 τὸ
2324 869 2407 928 γὰρ
2445 870 2709 927 ἔμπροσθεν
2739 865 2833 925 ἅμα
2857 870 2942 926 μὲν

1607 922 1680 968 διὰ
1718 921 2094 982 φιλανθρωπίαν,
2129 919 2222 980 ἅμα
2261 923 2311 968 δὲ
2347 924 2430 969 τὸν
2455 922 2617 981 χρόνον
2645 925 2944 984 ἐρυθριῶντας

1606 977 1812 1037 ἀφίεμεν,
1851 980 1948 1022 ἐπεὶ
1985 976 2098 1035 μηδὲ
2134 981 2289 1037 σαφῶς
2325 981 2740 1037 νενομοθετημένον
2782 981 2944 1039 ἔμπρο·

1615 1040 1661 1080 13
1691 1038 1749 1088 (2)
1788 1034 1905 1077 σθεν
1940 1026 2008 1089 ἦν.
2065 1031 2163 1078 'Eu
2197 1037 2330 1079 τοῦτο
2359 1037 2651 1092 θεσπίζομεν,
2680 1036 2769 1080 εἴτε
2797 1034 2945 1094 πατὴρ

1610 1092 1695 1134 εἴτε
1723 1089 1866 1149 μήτηρ
1896 1090 1984 1133 εἴτε
2012 1089 2158 1148 ἕτερός
2185 1105 2251 1134 τις
2279 1092 2328 1142 ἐξ
2348 1089 2562 1136 ἀπαιδίας
2577 1088 2946 1136 ἀποκατάστασιν

1610 1144 1637 1202 ἢ
1677 1142 2042 1190 ὖποκατάστασιν
2085 1143 2302 1205 ἐπαγάγοι
2343 1151 2464 1190 τισὶν
2507 1148 2594 1191 εἴτε
2636 1146 2817 1208 ἄρρεσιν
2859 1146 2947 1190 εἴτε

1610 1200 1824 1256 θηλείαις,
1855 1200 1900 1244 οἱ
1925 1199 1974 1244 δὲ
2001 1200 2110 1261 πρὸς
2137 1200 2277 1260 γάμον
2307 1201 2462 1244 ἐλθεῖν
2489 1200 2564 1246 διὰ
2599 1201 2682 1247 τὸν
2716 1204 2791 1257 τῆς
2818 1198 2946 1256 ἀσκή·

1611 1273 1721 1301 σεως
1749 1256 1828 1310 οὐχ
1857 1256 2026 1300 ἕλοιντο
2054 1254 2239 1316 τρόπον,
2268 1258 2604 1316 περιαιρεῖσθαι
2636 1257 2714 1302 τὰς
2739 1254 2948 1302 τοιαύτας

1611 1311 1990 1358 ἀποκαταστάσεις
2033 1309 2059 1368 ἢ
2100 1308 2481 1357 ὖποκαταστάσεις
2523 1317 2597 1356 καὶ
2634 1314 2753 1367 ἔχειν
2793 1309 2947 1357 αὐτοὺς

1611 1371 1815 1421 ἐξουσίαν
1852 1369 1911 1411 εἰς
1946 1365 2027 1412 ὃν4
2075 1366 2316 1424 βούλονται
2352 1366 2548 1427 τρόπον,
2586 1365 2749 1424 εὐσεβῆ
2833 1371 2844 1384 ’
2894 1383 2948 1420 οι,

1611 1425 1667 1469 τὰ
1711 1425 1926 1468 ἐντεῦθεν
1967 1417 2183 1483 άφιεροῦν
2226 1427 2299 1466 καὶ
2343 1420 2369 1478 ἢ
2413 1421 2624 1468 δαπανᾶν
2660 1438 2896 1494 περιοντας
2922 1420 2950 1478 ἢ

1611 1478 1964 1536 καταλιμπάνειν
1991 1479 2314 1523 τελευτῶντας·
2355 1474 2508 1538 ὥσπερ
2545 1481 2584 1522 εἰ
2613 1483 2690 1523 καὶ
2716 1477 2806 1525 υπὸ
2835 1480 2948 1548 αἴρε-

1613 1553 1686 1580 σιν
1709 1533 1997 1580 παιδοποιίας
2025 1533 2173 1579 αὐτοῖς
2200 1551 2246 1578 τι
2275 1534 2610 1592 καταλειφθείη,
2641 1532 2711 1579 δεῖ
2728 1539 2803 1579 καὶ
2817 1550 2950 1579 τουτο

1614 1590 1721 1635 αὐτὸ
1764 1593 1880 1645 ἔχειν
1924 1588 2082 1634 αὐτοὺς
2123 1589 2408 1636 παιδοποιεῖν
2442 1588 2520 1634 οὐκ
2557 1589 2950 1650 ἀναγκαζομένους.

1618 1652 1667 1691 14
1732 1646 1820 1701 Τὴν
1848 1643 1987 1701 αὐτὴν
2017 1645 2066 1690 δὲ
2093 1648 2374 1703 νομοθεσίαν
2401 1651 2475 1689 καὶ
2515 1649 2588 1692 ἐπὶ
2626 1647 2803 1706 γυναιξὶ
2839 1662 2951 1705 παρ-

1614 1701 1904 1746 θενευούσαις
1943 1707 2015 1744 καὶ
2056 1704 2130 1746 ἐπὶ
2168 1706 2258 1746 τοῖς
2293 1706 2452 1761 γαμεῖν
2487 1698 2601 1746 ὅλως
2639 1701 2954 1759 κεκωλυμένοις

1614 1756 1950 1815 εὐλαβεστάτοις
1985 1758 2199 1816 κληρικοῖς
2229 1760 2538 1814 ἐπεκτείνομεν
2574 1762 2647 1800 καὶ
2676 1755 2953 1814 ἀνατίθεμεν

1614 1819 1689 1858 καὶ
1729 1813 1899 1865 ταύτην
1935 1813 2019 1867 τὴν
2053 1812 2183 1871 χάριν
2224 1814 2325 1868 θεῷ
2369 1815 2466 1856 τῶν
2509 1809 2735 1870 ἡμετέρων
2775 1812 2953 1872 χρόνων

1620 1875 1666 1914 15
1698 1873 1757 1923 (3)
1788 1867 1933 1919 ἀξίαν.
1985 1869 2081 1912 Ἔτι
2110 1870 2399 1925 θεσπίζομεν,
2430 1869 2518 1912 εἴτε
2545 1867 2655 1927 ἀνὴρ
2685 1871 2758 1914 ἐπὶ
2785 1865 2899 1925 μονή

1615 1930 1719 1981 βιόν
1762 1924 1916 1967 ἐλθεῖν
1953 1923 2197 1978 βουληθείη
2236 1925 2324 1967 εἴτε
2353 1925 2460 1978 γυνὴ
2496 1923 2578 1968 τὸν
2606 1922 2748 1980 ἄνδρα
2777 1939 2890 1967 κατα
2937 1948 2953 1959 ·

1615 1985 1764 2027 ποῦσα
1802 1980 1912 2036 πρὸς
1950 1980 2139 2035 ἄσκησιν
2179 1980 2332 2028 ἔλθοι,
2374 1981 2430 2030 μὴ
2459 1982 2593 2025 τοῦτο
2624 1977 2773 2022 αὐτοῖς
2802 1977 2959 2030 ζημίας

1616 2042 1826 2093 παρέχειν
1853 2038 2103 2096 πρόφασιν,
2139 2035 2249 2079 ἀλλὰ
2277 2034 2333 2078 τὰ
2359 2038 2444 2091 μὲν
2471 2038 2610 2078 οἰκεῖα
2638 2035 2819 2080 πάντως
2848 2035 2953 2103 λαμ·

1615 2091 1784 2147 βάνειν,
1815 2087 1932 2135 ὥστε
1959 2094 2016 2151 τῇ
2042 2096 2216 2150 γυναικὶ
2244 2090 2328 2145 τὴν
2355 2094 2516 2149 προῖκα
2547 2092 2662 2134 εἶναι
2691 2090 2846 2148 λαβεῖν
2871 2108 2954 2146 την

1618 2142 1750 2201 αὐτῆς
1792 2151 1866 2190 καὶ
1904 2146 1987 2201 τὴν
2030 2146 2117 2206 πρὸ
2153 2144 2293 2205 γάμου
2331 2145 2505 2205 δωρεὰν
2534 2149 2600 2201 τῷ
2629 2145 2954 2200 συνοικήσαντι,

1616 2202 1669 2246 τὸ
1714 2200 1764 2245 δὲ
1807 2205 1853 2245 ἐκ
1896 2203 2053 2246 τούτου
2094 2200 2244 2261 κέρδος
2279 2203 2339 2257 μὴ
2377 2200 2491 2245 κατὰ
2525 2201 2607 2256 τὴν
2646 2204 2694 2245 ἐκ
2723 2199 2955 2262 ρεπουδίου

1618 2254 1840 2311 διάζευξιν
1884 2255 2072 2301 ἐκδικεῖν
2114 2255 2140 2312 ἢ
2182 2261 2331 2314 μένειν
2374 2255 2496 2316 παρὰ
2534 2258 2599 2311 τῷ
2638 2257 2701 2314 μὴ
2733 2255 2954 2309 ἀποταξα-

1615 2317 1760 2370 μένῳ,
1795 2310 1906 2356 ἀλλὰ
1944 2312 2057 2356 κατὰ
2092 2313 2146 2358 τὸ
2186 2315 2233 2355 ἐκ
2265 2309 2468 2356 θανάτου
2503 2311 2758 2370 σύμφωνον,
2785 2313 2857 2358 οἶα
2885 2311 2955 2358 δο-

1618 2370 1798 2412 κοῦντος
1839 2370 1917 2412 τοῦ
1957 2366 2260 2426 ἀφισταμένου
2299 2370 2365 2423 τῷ
2403 2369 2481 2423 τῆς
2515 2368 2626 2414 μετὰ
2653 2370 2750 2413 τῶν
2777 2367 2957 2413 ἄλλωνι

1705 2510 1780 2562 (2⁸)
1814 2508 1853 2550 εἰ
1882 2505 1932 2551 δὲ
1959 2505 2071 2567 μήγε
2101 2510 2358 2552 Bodleianus
2385 2517 2478 2551 3399
2511 2508 2584 2561 (==
2620 2508 2737 2561 Gon.)
2851 2507 2906 2562 (8)
2932 2505 2971 2550 εἰ

1620 2741 1663 2781 et
1703 2735 1896 2795 impiqre
1938 2735 1987 2780 id
2028 2737 2220 2793 eya-int,
2264 2740 2316 2780 ut
2351 2735 2643 2781 devotissimis
2677 2736 2852 2781 clericis
2879 2736 2957 2782 ad-

1619 2791 1934 2836 scriberentur.
1995 2791 2119 2848 quod
2154 2791 2194 2834 si
2228 2791 2350 2835 intra
2389 2790 2498 2834 anni
2524 2791 2722 2850 spatium
2747 2791 2956 2849 fecerint,

1622 2860 1683 2891 ex
1721 2859 1812 2910 quo
1842 2859 2064 2904 praesens
2101 2846 2179 2890 lex
2216 2851 2376 2891 nostra
2411 2845 2507 2890 lata
2544 2850 2631 2901 est,
2659 2860 2857 2906 poenam
2895 2848 2959 2892 eis

1621 2901 1906 2954 remittimus,
1948 2901 2163 2958 sufficere
2190 2901 2248 2946 iis
2278 2901 2626 2946 emendationem
2667 2902 2779 2955 rati,
2821 2916 2958 2961 quam

1629 2960 1676 3000 12
1734 2969 1797 3000 ex
1830 2956 1949 3001 vitae
1984 2970 2095 3001 suae
2131 2957 2309 3002 ratione
2347 2956 2521 3002 habent.
2581 2956 2707 3004 Haec
2735 2962 2883 3003 autem
2910 2959 2959 3003 in

1620 3012 1831 3069 futurum
1860 3016 2034 3071 tempus
2063 3011 2260 3058 obtinere
2281 3012 2483 3058 volumus
2508 3026 2649 3071 neque
2678 3013 2784 3059 illos
2801 3027 2958 3073 poena

1621 3081 1766 3126 supra
1807 3066 1929 3112 dicta
1970 3067 2237 3122 eximentes,
2281 3068 2360 3126 qui
2396 3067 2501 3113 inde
2538 3082 2568 3113 a
2605 3074 2762 3115 nostro
2789 3069 2958 3128 princi-

1621 3127 1735 3182 patu
1763 3122 1973 3168 monachi
2001 3124 2234 3169 constituti
2259 3124 2347 3170 tale
2368 3123 2479 3182 quid
2494 3124 2714 3182 fecerunt.
2757 3125 2957 3170 anterius

1624 3179 1739 3224 enim
1769 3182 1941 3237 tempus
1966 3182 2060 3225 ,tam
2088 3179 2381 3224 humanitatis
2399 3180 2553 3238 qratia
2581 3193 2716 3238 quam
2747 3180 2956 3240 temporis

1623 3234 1803 3279 ratione
1827 3234 2134 3280 erubescentes
2162 3234 2443 3288 absolvimus,
2473 3236 2686 3292 quoniam
2711 3240 2845 3281 antea
2867 3250 2959 3282 non

1629 3294 1677 3334 13
1727 3290 1972 3354 perspicue
1988 3291 2276 3335 constitutum
2291 3295 2402 3335 erat.
2431 3289 2676 3336 Praeterea
2691 3295 2736 3336 et
2749 3290 2834 3336 hoc
2855 3305 2959 3336 con-

1623 3345 1864 3399 stituimus,
1895 3350 1948 3390 ut
1967 3345 2060 3391 sive
2080 3351 2222 3405 pater
2241 3347 2334 3392 sive
2355 3350 2498 3391 mater
2527 3347 2620 3392 sive
2645 3347 2748 3404 quis
2769 3346 2886 3392 alius
2911 3347 2960 3391 in

1625 3401 1848 3458 defectum
1886 3400 2127 3447 liberorum
2165 3402 2274 3447 viris
2309 3402 2570 3460 quibusdam
2610 3402 2680 3448 vel
2705 3401 2960 3448 mulieribus

1623 3457 1949 3502 restitutionem
1977 3457 2048 3503 vel
2072 3457 2429 3502 substitutionem
2455 3457 2720 3511 iniunxerit,
2752 3458 2786 3502 ii
2813 3463 2959 3503 autem

1627 3513 1680 3557 ob
1709 3513 1846 3558 vitam
1873 3513 2132 3571 reliqiosam
2159 3513 2490 3557 matrimonium
2515 3512 2779 3558 contrahere
2807 3513 2958 3558 nolue-

1624 3569 1738 3623 rint,
1779 3568 1891 3613 tales
1917 3569 2223 3613 restitutiones
2250 3569 2319 3613 vel
2340 3567 2675 3613 substitutiones
2702 3568 2958 3613 rescindan-

1628 3630 1702 3670 tur
1745 3623 1964 3681 liceatque
2005 3625 2063 3668 iis
2090 3623 2458 3682 quemadmodum
2497 3623 2738 3676 voluerint,
2772 3624 2855 3683 pie
2894 3630 2958 3668 ta-

1626 3694 1740 3733 men,
1768 3692 1885 3737 quae
1911 3679 2017 3724 inde
2043 3679 2102 3723 iis
2130 3679 2367 3724 obveniunt
2394 3692 2660 3724 consecrare
2687 3684 2731 3724 et
2757 3678 2827 3725 vel
2853 3679 2956 3724 dum

1627 3736 1778 3781 vivunt
1813 3747 2005 3792 eroqare
2041 3735 2112 3780 vel
2134 3739 2251 3793 post
2282 3739 2469 3780 mortem
2513 3734 2568 3780 de
2605 3734 2663 3779 iis
2700 3734 2960 3794 disponere.-

1626 3792 1743 3836 sicut
1777 3791 1912 3835 etiam
1947 3790 1989 3834 si
2022 3790 2103 3835 sub
2143 3790 2406 3835 condicione
2441 3789 2679 3835 liberorum
2714 3803 2957 3849 procrean-

1627 3847 1785 3891 dorum
1823 3845 1880 3888 iis
1916 3845 2030 3903 quid
2063 3846 2266 3891 relictum
2301 3845 2470 3904 fuerit,
2508 3850 2554 3890 et
2580 3844 2666 3890 hoc
2693 3859 2770 3890 eos
2798 3844 2960 3890 habere

1629 3905 1826 3960 oportet,
1867 3898 2107 3946 liberorum
2140 3901 2460 3960 procreatione
2496 3901 2672 3945 minime
2709 3901 2766 3944 iis
2791 3900 2957 3945 incum-

1634 3961 1682 4002 14
1737 3955 1876 4001 bente.
1924 3955 2128 4001 Eandem
2157 3957 2295 4015 leqem
2323 3955 2602 4001 extendimus
2629 3956 2762 4000 etiam
2789 3955 2837 3999 in
2863 3969 2956 3999 mu-

1627 4013 1760 4058 lieres
1793 4011 2094 4069 virqinitatem
2123 4012 2367 4071 professas
2401 4016 2446 4057 et
2486 4011 2790 4056 devotissimos
2831 4010 2957 4054 cleri-

1629 4081 1707 4112 cos
1775 4066 1904 4111 uibus
1940 4068 2238 4112 matrimoniis
2276 4067 2453 4111 omnino
2489 4066 2769 4111 interdictum
2806 4070 2873 4110 est
2914 4070 2959 4110 et

1629 4123 1712 4167 deo
1782 4135 1867 4167 anc
1902 4123 2099 4180 qratiam
2127 4122 2295 4167 nostris
2325 4121 2593 4179 temporibus
2630 4121 2811 4186 diqnam
2837 4121 2956 4185 rese-

1633 4182 1682 4223 15
1738 4178 1890 4223 timus.
1947 4176 2191 4223 Praeterea
2218 4177 2461 4229 sancimus,
2497 4177 2588 4221 sive
2616 4176 2684 4221 vir
2709 4175 2955 4221 solitariam

1631 4232 1764 4279 vitam
1792 4233 1957 4290 eliqere
1983 4233 2088 4279 velit
2113 4233 2204 4278 sive
2241 4232 2401 4277 mulier
2425 4231 2523 4277 viro
2552 4232 2710 4276 relicto
2739 4230 2801 4275 ad
2827 4244 2952 4276 exer·

1626 4288 1882 4332 citationem
1920 4290 2228 4334 monachicam
2267 4289 2456 4340 venerit,
2496 4300 2552 4331 ne
2589 4289 2675 4332 noc
2712 4285 2824 4346 ipsis
2850 4302 2959 4353 poe·

1625 4357 1710 4388 nae
1752 4357 1890 4389 eausa
1933 4345 2015 4398 sit,
2066 4344 2146 4389 sed
2186 4343 2381 4402 propria
2425 4341 2680 4388 omnimodo
2722 4343 2959 4402 recipiant,

1630 4403 1681 4463 ut
1707 4401 1881 4446 mulieri
1911 4399 2056 4465 dotem
2083 4417 2228 4468 suam,
2267 4406 2451 4462 coniuqi
2475 4410 2580 4452 ante
2607 4412 2789 4467 nuptias
2815 4407 2956 4454 dona-

1631 4459 1791 4517 tionem
1834 4470 2034 4521 reci-ere
2076 4458 2227 4512 liceat,
2271 4459 2442 4504 lucrum
2477 4466 2624 4507 autem
2660 4476 2722 4508 ex
2756 4461 2826 4508 Itis
2862 4477 2955 4510 non

1632 4523 1762 4570 quast
1787 4525 1899 4570 rep-u
1930 4526 2019 4556 ium
2047 4514 2347 4560 intercesserit
2368 4515 2612 4561 vindicetur
2632 4517 2701 4563 vel
2726 4522 2957 4564 remaneat

1628 4566 1753 4629 apud
1778 4581 1874 4610 eum
1904 4570 1981 4625 qui
2010 4583 2099 4613 non
2127 4570 2460 4623 renuntiaverit,
2482 4571 2569 4637 :⁹⁶st
2587 4585 2663 4637 ex·
2670 4579 2809 4631 pacto
2832 4574 2955 4639 quod

1618 4632 1667 4666 tn
1684 4623 1859 4664 ‘mortis
1887 4636 2035 4667 casum
2063 4626 2218 4669 initum
2247 4630 2325 4677 est,
2361 4639 2487 4682 quast
2518 4640 2559 4670 ts
2585 4641 2659 4684 qui
2691 4642 2719 4671 a
2748 4636 2950 4674 convictu
