3094 4732
231 104 304 148 nn
339 103 709 149 srRA'roRmns

225 243 335 288 libet
362 244 410 289 in
434 245 582 290 officio
611 258 838 291 sacrarum
865 246 933 290 lar
962 245 1145 290 'tionum
1174 247 1268 292 vel¹
1296 249 1568 304 privatarum

226 299 448 356 cingulum
464 302 644 347 militiae
659 302 744 347 sibi
769 314 922 346 sumen
953 315 1027 345 um
1043 302 1272 358 existimet,
1289 305 1374 349 nisi
1388 311 1568 349 nostrae

224 358 574 403 mansuetudinis
602 358 930 403 adnotationem
958 360 1178 402 meruerit.
1252 359 1307 404 D.
1338 361 1464 418 prid.
1504 360 1565 404 id.

225 416 340 470 Auq.
357 416 568 472 Ancyrae
583 413 831 458 Stilichone
845 425 893 457 11
911 419 956 458 et
968 414 1204 459 Anthemio
1222 429 1364 460 conss.
1393 420 1448 469 [a.
1467 418 1564 468 405]

285 468 348 516 10
381 470 549 536 ²Impp.
580 469 815 514 Honorius
851 475 898 513 et
932 467 1208 514 Theodosius
1235 472 1326 515 ΛΑ,
1369 471 1567 516 Iohanni

223 539 301 583 pp.
359 525 603 579 Palatinos,
633 525 709 590 qui
738 537 964 568 sacrarum
1000 527 1402 571 remunerationum
1430 526 1565 570 ratio-

225 594 325 625 nem
353 586 600 626 tractantes
643 581 925 636 inculpanter
952 580 1010 624 ad
1041 582 1206 625 calcem
1245 584 1566 637 terminumque

225 637 406 682 militiae
434 638 713 693 pervenerint.
726 638 756 688 ³,
788 636 1034 680 adiutorem
1067 642 1112 681 et
1139 639 1409 693 primicerios
1426 639 1565 682 diver-

225 707 376 738 sorum
426 694 676 738 officiorum
724 704 883 748 praece
917 692 1028 737 imus
1078 695 1242 738 habere
1292 693 1520 751 privilegia
1533 695 1564 745 ⁴,

225 762 338 804 quae
367 763 510 806 nuper
537 752 743 804 agentum
770 748 816 791 in
843 761 892 792 re
925 762 976 792 us
1015 750 1194 794 scholae
1223 765 1250 794 a
1278 756 1433 795 nostra
1461 754 1567 793 sunt

223 805 559 850 mansuetudine
577 804 828 849 contributa
841 807 870 856 ⁵,
903 806 1073 849 scilicet
1097 812 1148 850 ut
1174 820 1201 850 a
1225 806 1420 850 tironum
1436 817 1564 861 prae-

225 861 390 906 bitione
418 861 647 906 memorati
675 860 920 904 reddantur
942 867 1140 906 exsortes
1167 869 1400 919 ceteraque
1429 873 1566 905 onera

223 930 314 961 non
341 920 600 973 agnoscant.
658 915 712 960 D.
738 928 810 959 VJ]
829 917 887 959 icl.
915 916 1014 961 Iun.
1045 917 1289 963 Ravennae
1304 922 1418 976 post
1441 930 1562 961 cons.

225 971 422 1017 Honorii
457 984 576 1017 VJJJ!
599 978 646 1016 et
674 971 913 1016 Theodosii
949 985 980 1016 V
1001 976 1095 1018 ΛΑ.
1377 977 1434 1026 [a.
1465 975 1563 1024 413]

282 1028 338 1074 11
377 1026 522 1073 “Idem
536 1029 629 1072 ΛΑ.
645 1028 815 1085 Anysio
840 1029 993 1073 comiti
1011 1043 1247 1074 sacrarum
1273 1029 1564 1094 laryitionum

222 1091 268 1129 et
297 1083 447 1129 Tauro
487 1084 639 1128 comiti
673 1098 823 1128 rerum
844 1085 1146 1142 privatarum.
1214 1086 1287 1129 Ad
1317 1084 1562 1130 similitudi-

222 1153 323 1184 nem
351 1141 593 1185 sanctionis
605 1141 635 1191 ⁷,
677 1144 839 1195 quam⁸
867 1140 921 1184 de
957 1141 1167 1196 proximis
1204 1154 1432 1186 sacrorum
1461 1153 1563 1196 pro-

221 1196 507 1263 mulgavimus
551 1196 835 1248 scriniorum,
882 1197 1014 1240 etiam
1056 1198 1103 1240 in
1143 1197 1292 1241 officio
1333 1209 1562 1240 sacrarum

221 1252 500 1308 largitionum
522 1258 655 1306 atque
679 1253 952 1308 privatarum
982 1266 1064 1308 pro
1087 1253 1264 1297 biennio
1296 1266 1464 1297 annum
1479 1252 1562 1296 sub

221 1314 437 1364 perpetua
476 1309 780 1353 observatione
820 1309 1112 1364 praecipimus
1145 1309 1380 1361 custodiri,
1421 1309 1485 1352 ita
1513 1313 1563 1351 ut

222 1370 266 1407 et
293 1365 540 1420 privilegia,
583 1378 695 1420 quae
723 1364 975 1409 huiusmodi
1004 1364 1164 1408 officiis
1193 1365 1260 1408 vel
1300 1363 1561 1420 primiceriis

221 1421 360 1464 sacris
389 1421 560 1476 legibus
592 1420 862 1474 deferuntur,
892 1421 1063 1476 integra
1091 1421 1349 1477 illibataque
1379 1433 1558 1464 serven-

220 1482 306 1520 tur.
376 1475 430 1521 D.
471 1488 541 1520 ΙΙΙ
575 1476 617 1520 lc.
651 1476 738 1520 Iul.
781 1475 1176 1534 Constantinopoli
1218 1476 1468 1521 Theodosio
1508 1477 1560 1519 A.

229 1544 300 1575 1111
326 1539 373 1577 et
399 1531 611 1577 Palladio
639 1545 782 1577 conss.
1374 1536 1430 1585 [a.
1464 1535 1560 1583 416]

278 1585 344 1634 12
374 1586 488 1646 Imp.
523 1587 564 1632 T
558 1588 799 1633 heodosius
819 1589 871 1632 A.
903 1593 949 1633 et
971 1587 1319 1632 Valentinianus
1343 1586 1386 1632 C.
1408 1586 1563 1632 Maxi·-

219 1644 340 1688 mino
380 1644 533 1688 comiti
568 1658 804 1688 sacrarum
844 1643 1149 1701 larqitionum.
1207 1643 1340 1687 Viros
1381 1643 1562 1687 devotos

218 1700 440 1763 palatinos
464 1713 555 1743 non
577 1705 784 1755 oportere
807 1699 856 1742 in
883 1700 970 1743 hac
994 1699 1116 1754 regia
1138 1699 1248 1742 urbe
1272 1700 1390 1754 apud
1420 1699 1562 1742 virum

217 1755 432 1800 illustrem
469 1756 743 1811 praefectum
780 1755 905 1799 urbis
935 1755 1106 1810 litigare
1138 1755 1362 1810 compelli,
1392 1754 1480 1797 nisi
1508 1754 1562 1798 de

216 1811 524 1855 aedificatione
553 1810 782 1854 domorum
806 1816 851 1854 et
875 1810 1158 1854 servitutibus
1184 1813 1230 1852 et
1258 1810 1446 1853 annonis
1463 1813 1563 1853 orta

219 1865 420 1910 videatur
449 1878 605 1909 causa:
648 1866 695 1908 in
724 1865 823 1909 aliis
853 1878 955 1910 vero
987 1865 1134 1909 causis
1163 1870 1255 1908 tam
1293 1865 1560 1920 pecuniariis

217 1934 349 1977 quam
389 1921 691 1965 criminalibus
730 1921 850 1976 apud
878 1921 995 1966 viros
1031 1921 1227 1964 illustres
1256 1920 1560 1964 tantummodo

221 1983 237 2020 1
303 1978 484 2022 comites
513 1990 618 2022 suos
647 1976 930 2032 respondere.
988 1976 1256 2021 Rectoribus
1281 1981 1429 2020 autem
1458 1989 1561 2031 pro-

215 2033 457 2078 vinciarum
471 2033 590 2077 intra
605 2032 1002 2076 administrationis
1027 2045 1135 2077 suae
1158 2032 1269 2075 fines
1291 2031 1408 2076 inter
1432 2045 1561 2088 prae·

217 2095 364 2135 sentes
402 2089 624 2146 palatinos
662 2102 746 2133 nec
786 2088 933 2133 causis
971 2087 1164 2145 publicis
1202 2091 1444 2144 occupatos
1486 2102 1561 2132 co-

217 2158 430 2201 gnoscere
467 2150 558 2188 tam
595 2159 677 2201 pro
716 2144 833 2189 civili
870 2157 1002 2200 quam
1038 2158 1122 2200 pro
1164 2144 1381 2188 criminali
1425 2157 1562 2189 causa

217 2201 524 2258 permittimus,
555 2201 620 2245 sic
646 2207 808 2253 tamen,
839 2203 891 2244 ut
919 2213 1009 2244 non
1037 2200 1166 2244 aliter
1195 2200 1432 2244 criminalis
1461 2213 1561 2244 sen-

217 2258 357 2302 tentia
394 2257 606 2302 adversus
644 2269 720 2301 eos
759 2256 1026 2312 proferatur,
1070 2256 1156 2300 nisi
1193 2268 1248 2299 ex
1285 2257 1563 2311 suggestione

217 2313 498 2370 provincialis
520 2312 672 2356 iudicii
695 2311 762 2356 vir
783 2312 967 2356 illustris
995 2325 1141 2356 comes
1172 2312 1255 2355 sub
1286 2325 1373 2368 quo
1403 2312 1564 2356 militat

219 2370 483 2414 certioratus
511 2369 599 2413 hoc
627 2369 669 2413 ei
729 2368 958 2413 ermiserit.

277 2423 342 2472 13
376 2425 500 2470 Idem
521 2425 638 2469 ΛΑ.9
690 2425 885 2468 sudooeio
911 2424 1064 2468 comiti
1087 2437 1324 2467 sacrarum
1354 2423 1561 2481 larqitio-

219 2496 336 2526 num.
380 2482 503 2525 Inter
530 2481 640 2525 alias
670 2480 1013 2536 praerogativas,
1045 2492 1156 2535 quas
1178 2484 1282 2523 ante
1310 2485 1564 2523 meruerant

219 2538 400 2584 scholae
429 2537 654 2582 societatis
685 2549 914 2580 sacrarum
941 2536 1245 2589 largitionum,
1283 2535 1562 2591 primicerius

220 2602 266 2639 et
293 2599 384 2639 tres
415 2593 652 2650 primicerii
674 2593 938 2643 scriniorum
968 2592 1133 2635 tribuni
1156 2592 1426 2647 praetoriani
1449 2592 1560 2635 mili-

218 2651 329 2696 taris
359 2650 570 2705 dignitate
598 2649 817 2702 fruantur,
854 2648 979 2692 nulla
1009 2648 1070 2691 eis
1102 2660 1156 2691 ex
1186 2647 1419 2691 cuiuslibet
1446 2648 1561 2691 iudi-

221 2708 284 2752 cis
312 2706 625 2773 praeceptione
661 2705 931 2760 iniungenda
966 2704 1148 2759 publica
1176 2703 1246 2747 vel
1280 2704 1454 2760 privata
1484 2718 1561 2748 ne-

223 2767 441 2808 cessrtate.

278 2818 343 2866 14
375 2818 500 2863 Idem
538 2819 631 2863 ΑΛ.
663 2817 896 2862 Florentio
931 2830 1016 2875 pp.
1082 2816 1288 2859 Iubemus
1329 2816 1446 2860 viros
1486 2816 1559 2860 de-

219 2881 345 2920 votos
389 2875 613 2931 palatinos
655 2873 720 2917 rei
762 2873 905 2917 nostri
947 2871 1140 2916 numinis
1184 2872 1379 2927 privatae
1421 2872 1562 2916 isdem

219 2931 455 2988 privilegiis
499 2930 724 2983 decorari,
810 2928 939 2973 uibus
983 2929 1114 2972 etiam
1165 2928 1353 2983 palatini
1398 2928 1474 2984 qui
1516 2929 1562 2971 in

220 2989 360 3032 sacris
389 2987 697 3041 largitionibus
728 2985 782 3029 de
798 2985 1001 3029 eruatur.
1057 2997 1156 3027 cum
1187 2984 1302 3027 enim
1330 2997 1413 3039 par
1441 2984 1560 3027 simi-

219 3044 360 3100 lisque
387 3043 544 3087 militia
573 3043 643 3092 sit,
673 3042 839 3086 iustum
867 3046 913 3084 et
941 3043 1194 3096 competens
1224 3039 1396 3083 videtur
1421 3040 1562 3083 isdem

226 3105 243 3141 l
303 3104 539 3154 utrumque
565 3098 761 3142 officium
788 3097 1023 3152 privilegiis
1045 3095 1236 3151 gloriari.
1281 3095 1560 3139 Primicerios

219 3155 369 3211 itaque
399 3154 533 3198 officii
560 3157 740 3209 tresque
768 3153 977 3208 primates
1009 3152 1269 3196 scriniorum
1298 3165 1442 3195 rerum
1471 3152 1561 3207 pri-

220 3215 422 3255 vatarum
449 3209 575 3253 finito
612 3215 810 3265 tempore
848 3209 1029 3252 militiae
1057 3208 1173 3251 inter
1209 3207 1412 3253 tribunos
1450 3207 1563 3250 mili-

220 3271 341 3311 tares
370 3265 699 3322 praetorianos,
744 3264 876 3308 salvis
904 3264 1044 3308 isdem
1073 3263 1294 3318 praestitis
1324 3263 1559 3318 privilegiis

222 3323 362 3368 sacris
393 3321 808 3375 constitutionibus,
836 3324 1037 3364 nostram
1067 3319 1343 3362 clementiam
1373 3318 1560 3362 adorare

222 3379 520 3431 decernimus,
551 3377 616 3420 ita
644 3381 814 3430 tamen,
844 3379 895 3420 ut
924 3377 1087 3420 nullam
1116 3375 1432 3419 iniunctionem
1460 3375 1558 3417 nul-

221 3436 309 3479 lam
334 3432 675 3479 sollicitudinem
702 3432 861 3488 privati
885 3433 956 3476 vel
984 3431 1149 3487 publici
1171 3430 1334 3486 negotii
1365 3429 1561 3484 quolibet

220 3491 451 3535 iudiciario
490 3494 729 3545 praecepto
769 3487 987 3532 sustinere
1025 3486 1220 3543 possint,
1258 3486 1336 3530 sed
1374 3492 1560 3541 excepta

222 3547 342 3591 omni
371 3546 635 3590 necessitate
666 3543 869 3599 omnique
896 3543 1156 3599 fatigatione
1182 3541 1391 3597 indeptae
1421 3540 1559 3596 digni-

223 3603 328 3647 tatis
357 3603 524 3646 honore
553 3602 796 3656 potiantur.

684 3716 874 3764 xxnn
908 3714 1099 3776 (xxv).

641 3798 719 3839 DE
748 3795 1134 3837 STRATORIBUS.

283 3881 308 3929 1
334 3880 517 3939 ¹⁰Impp.
544 3879 886 3925 Valentinianus
907 3883 954 3922 et
971 3876 1135 3921 Valens
1149 3877 1241 3922 ΑΑ.
1257 3875 1319 3920 acl
1339 3874 1562 3938 Zosimum

223 3938 476 3997 praesidem
505 3949 647 3981 novae
677 3934 824 3992 Epiri.
869 3932 956 3977 Per
985 3945 1135 3976 omnes
1164 3931 1413 3987 provincias
1444 3928 1562 3972 edic-

225 4002 319 4038 tum
345 3992 548 4049 generale
576 3991 784 4043 misimus,
815 3991 868 4032 ut
895 3989 994 4031 ab¹²
1023 3988 1289 4032 stratoribus
1319 3998 1432 4029 unus
1462 3987 1562 4027 tan-

1559 87 1670 153 *465

2646 97 2758 180 XII*
2784 99 2989 150 23--25

1650 251 1745 291 tum
1759 247 1924 292 solidus
1938 246 2149 304 probae¹¹
2161 248 2336 292 nomine
2350 252 2621 304 posceretur,
2637 248 2741 292 etin
2758 248 2990 293 offerendis

1651 304 1774 360 equis
1804 310 1970 348 certam
2009 303 2197 347 formam
2227 310 2441 348 staturam
2471 309 2661 349 aetatem
2699 305 2989 360 provinciales

1656 364 1670 402 1
1732 360 1874 403 nostri
1900 359 2231 404 custodiendam
2256 373 2353 404 esse
2379 367 2664 415 cognoscant.
2710 359 2828 415 Quos
2856 360 2990 403 etiam

1648 414 1757 459 fisco
1803 420 1924 460 certo
1969 414 2212 460 solidorum
2255 417 2383 459 modo
2429 416 2642 460 obnoxios
2687 415 2892 468 fecimus,
2937 416 2990 469 si,

1649 471 1767 526 quod
1789 476 2002 515 stratores
2028 474 2177 527 petere
2192 471 2471 515 interdictum
2489 478 2556 514 est
2570 473 2618 522 ²³,
2647 470 2713 513 illi
2744 471 2849 514 dare
2874 477 2989 515 stra-

1650 530 1673 568 2
1731 527 1903 571 toribus
1934 540 2024 571 non
2052 527 2270 571 timerent.
2324 527 2528 571 Officium
2558 539 2731 581 quoque
2760 526 2988 581 gravitatis

1646 587 1750 625 tuae
1780 590 1955 626 centum
1985 583 2155 638 argenti
2178 583 2302 627 libris
2326 582 2595 630 multabitur,
2625 581 2664 624 si
2687 581 2830 625 sciens
2861 594 2989 637 prae-

1648 636 1810 680 dictam
1848 651 1939 682 rem
1976 646 2145 693 gestam
2187 639 2325 683 fuisse
2362 651 2452 681 non
2487 636 2590 680 ilico
2631 649 2727 679 eam
2767 637 2991 681 severitati

1646 692 1902 737 iudiciariae
1939 694 2221 749 prodidisset.
2289 692 2344 737 D.
2377 703 2481 736 ΧΠ]
2515 690 2558 735 lc.
2590 690 2677 735 Iul.
2718 693 2990 749 Apolloniae

1658 746 1976 793 Valentiniano
2006 755 2052 794 et
2091 747 2277 792 Valente
2305 749 2399 793 AA.
2431 759 2573 791 conss.
2800 751 2858 801 [a.
2890 750 2989 801 373}

2125 918 2260 966 XXV
2299 917 2554 976 (XXVI).¹⁴

1758 999 1835 1039 DE
1865 998 2306 1040 CASTBENSIANIS
2336 999 2411 1040 ET
2440 997 2881 1039 MINISTERIANIS.

1705 1081 1728 1127 1
1769 1079 1950 1139 ¹⁶Impp.
1980 1080 2216 1125 Honorius
2245 1086 2290 1125 et
2320 1080 2596 1125 Theodosius
2623 1082 2714 1123 AA.
2747 1079 2888 1123 Narsi
2915 1093 2989 1123 oo-

1646 1137 1742 1181 miti
1771 1143 1816 1181 et
1844 1137 2063 1181 castrensi
2090 1137 2212 1180 sacri
2273 1136 2416 1180 alatii.
2474 1137 2527 1179 In
2556 1134 2704 1179 officio
2735 1135 2987 1189 spectabili·

1646 1193 1752 1237 tatis
1792 1196 1896 1236 tuae
1935 1193 2177 1236 secundum
2235 1205 2401 1235 ormam
2441 1191 2647 1235 divalium
2675 1203 2989 1246 responsorum

1646 1252 1750 1304 post
1774 1249 2039 1304 completum
2063 1255 2237 1303 tempus
2268 1248 2562 1304 praefinitum,
2592 1247 2639 1291 id
2662 1254 2730 1292 est
2751 1248 2989 1302 biennium,

1646 1304 1868 1359 prioribus
1920 1304 2233 1348 decedentibus
2277 1305 2557 1359 insequentes
2610 1303 2667 1347 ad
2717 1304 2863 1347 locum
2907 1317 2990 1359 pro

1645 1360 1802 1404 merito
1833 1361 2037 1404 laborum
2066 1360 2471 1415 stipendiorumque
2500 1359 2753 1410 succedant,
2786 1372 2867 1403 nec
2897 1360 2990 1403 ulla

1644 1417 1824 1460 licentia
1852 1416 2077 1460 tribuatur
2105 1416 2187 1468 his,
2219 1416 2296 1472 qui
2320 1417 2545 1471 impletum
2574 1415 2859 1470 deposuerint
2888 1414 2989 1458 offi-

1647 1472 1774 1525 cium,
1807 1472 1948 1516 denuo
1988 1472 2045 1516 ad
2085 1472 2267 1515 eandem
2306 1472 2504 1515 militiam
2537 1472 2606 1515 vel
2644 1471 2987 1515 sollicitudinem

1644 1529 1882 1572 remeandi.
1955 1527 2011 1572 D.
2050 1540 2101 1571 VJ
2135 1528 2194 1571 id.
2236 1528 2364 1572 Febr.
2413 1527 2805 1585 Constantinopoli
2848 1526 2986 1571 leeo-

1644 1584 1773 1628 dosio
1802 1587 1854 1628 A.
1894 1595 1968 1627 VII
1993 1590 2039 1628 et
2066 1583 2316 1682 quisuerit
2344 1584 2639 1627 nunciatus-¹⁶.
2798 1587 2856 1636 [a.
2887 1586 2986 1634 416]

1702 1639 1732 1685 2
1765 1638 1890 1683 Idem
1908 1642 2000 1683 AA.
2032 1638 2151 1683 Solio
2172 1639 2355 1683 astieo¹⁷
2380 1639 2533 1683 comiti
2559 1645 2604 1682 et
2626 1639 2844 1683 castrensi
2866 1638 2990 1683 sacri

1637 1695 1820 1753 palatii.
1866 1695 1913 1738 Si
1943 1695 2040 1749 quis
2069 1695 2237 1750 primae
2266 1695 2333 1738 vel
2363 1694 2583 1739 secundae
2611 1695 2679 1738 vel
2708 1694 2867 1738 tertiae
2894 1694 2987 1738 for-

1645 1763 1744 1794 mae
1773 1750 2024 1806 specialiter
2047 1751 2162 1794 inter
2194 1756 2385 1794 statutos
2414 1751 2599 1805 gradum
2632 1751 2814 1794 caelitus
2838 1751 2988 1794 value-

1644 1807 1704 1849 rit
1726 1807 1976 1862 impetrare,
2003 1807 2416 1862 supernumerarius
2438 1807 2616 1851 ultimus
2639 1807 2808 1851 formae
2831 1806 2989 1850 tertiae

1643 1862 1690 1905 in
1708 1863 1953 1906 matriculis
1974 1863 2204 1905 habeatur.
2251 1861 2304 1906 D.
2315 1862 2439 1919 prid.
2466 1863 2524 1905 icl.
2542 1862 2638 1906 lan.
2673 1861 2988 1907 Constantino-

1637 1917 1741 1975 poli
1767 1918 1977 1962 Honorio
1995 1930 2098 1961 xln
2118 1926 2163 1962 et
2189 1917 2439 1962 Theodosio
2457 1931 2490 1961 x
2511 1920 2601 1962 ΑΑ.
2627 1931 2772 1962 conss.
2814 1921 2871 1971 [a.
2888 1921 2986 1970 4221

1703 1972 1733 2020 3
1771 1973 1954 2031 ¹⁸Impp.
1994 1973 2086 2018 Leo
2117 1979 2163 2018 et
2189 1973 2450 2018 Anthemius
2478 1976 2569 2017 ΛΑ.
2609 1971 2807 2017 Iohanni
2835 1973 2990 2018 comiti

1643 2034 1689 2073 et
1715 2030 1932 2086 maqiscro
1965 2029 2237 2086 officiorum.
2289 2029 2346 2082 Ii,
2387 2029 2462 2085 qui
2490 2031 2537 2073 in
2565 2029 2718 2073 schola
2744 2029 2877 2074 vestis
2915 2042 2986 2074 sa·

1646 2098 1748 2129 crae
1776 2085 1988 2139 militant,
2019 2086 2088 2129 vel
2117 2093 2281 2129 matres
2310 2098 2464 2129 eorum
2491 2086 2560 2130 vel
2590 2098 2750 2130 uxores
2782 2085 2987 2129 crimina-

1644 2142 1730 2185 lem
1768 2142 1836 2185 vel
1875 2141 2046 2185 civilem
2095 2142 2216 2185 litem
2257 2147 2412 2185 contra
2451 2154 2500 2185 se
2543 2141 2899 2185 commovendam
2940 2141 2988 2186 in

1644 2197 1765 2262 nullo
1806 2197 1893 2240 alio
1931 2197 2019 2241 nisi
2054 2197 2101 2240 in
2143 2197 2425 2241 sublimitatis
2463 2204 2568 2242 tuae
2608 2197 2852 2253 suscipiant
2879 2209 2985 2242 exa-

1643 2266 1775 2297 m1ne.

1702 2308 1732 2354 4
1765 2307 1910 2366 Impp.
1951 2308 2044 2352 Leo
2085 2314 2130 2352 et
2169 2307 2290 2352 Zeno
2330 2309 2421 2352 ΑΑ.
2461 2308 2706 2352 Hilariano
2752 2309 2905 2352 comiti
2942 2315 2989 2353 et

1646 2365 1866 2421 maqistro
1899 2378 1925 2408 o
1947 2364 2173 2428 ficiorum.
2242 2363 2360 2407 Ante
2390 2365 2537 2408 omnia
2553 2366 2587 2390 ¹⁹
2614 2364 2778 2408 nullius
2807 2364 2986 2420 penitus

1645 2420 1829 2464 alterius
1865 2420 1911 2463 iu
1944 2419 2024 2463 1cis
2061 2419 2241 2463 minoris
2270 2420 2337 2463 vel
2373 2420 2550 2464 maioris
2587 2433 2714 2464 sacro
2743 2420 2984 2464 ministerio

1644 2484 1798 2520 nostro
1838 2476 2094 2531 deputatos,
2134 2488 2322 2530 quorum
2360 2475 2511 2519 officia
2550 2476 2802 2530 singillatim
2842 2476 2984 2521 brevis

1644 2534 1797 2577 subter
1826 2532 2022 2575 adnexus
2055 2532 2264 2584 continet,
2295 2531 2379 2574 nisi
2409 2544 2437 2574 a
2471 2538 2576 2575 tuae
2606 2532 2835 2575 dumtaxat
2863 2545 2984 2587 mag-

1643 2588 1855 2632 nitudinis
1901 2588 2130 2631 sententiis
2170 2587 2412 2637 conveniri,
2458 2590 2508 2631 ut
2550 2588 2596 2631 in
2645 2588 2765 2632 nullo
2808 2588 2985 2643 penitus

1643 2645 1826 2688 alterius
1849 2644 2006 2688 iudicis
2034 2644 2129 2687 foro
2159 2643 2431 2698 pulsantium
2443 2645 2481 2669 ²⁰
2505 2643 2650 2687 nisiin
2673 2650 2777 2687 tuae
2792 2649 2984 2688 tantum-

1643 2701 1772 2745 modo
1803 2699 2103 2755 amplitudinis
2134 2699 2334 2742 examine
2363 2699 2607 2755 praebeant
2639 2699 2875 2755 aliquando
2913 2712 2983 2744 re·

1650 2761 1670 2800 1
1729 2769 1951 2812 sponsum.
2011 2754 2097 2798 Sed
2126 2766 2182 2798 ne
2210 2755 2258 2797 in
2286 2755 2373 2798 hoc
2410 2755 2506 2811 ipso
2535 2755 2700 2799 iudicio
2730 2755 2984 2800 enormibus

1644 2813 1934 2856 molestentur
1973 2810 2235 2866 dispendiis,
2280 2810 2348 2853 vel
2390 2823 2446 2855 ex
2489 2811 2641 2855 nudis·
2665 2811 2984 2856 conveniantur

1643 2868 1774 2912 facile
1805 2868 2120 2922 cuiuscumque
2149 2865 2393 2919 mandam,
2432 2867 2539 2922 ipsis
2570 2880 2743 2922 quoque
2772 2867 2983 2923 sportulis

1646 2932 1690 2968 et
1718 2923 2074 2968 fideiussionibus
2104 2923 2282 2965 modum
2313 2923 2621 2967 constituimus
2648 2923 2982 2975 observandum,

1644 2987 1748 3024 ante
1788 2979 1935 3023 omnia
1973 2979 2282 3029 decernentes,
2319 2990 2377 3021 ne
2414 2978 2591 3034 quando
2628 2978 2722 3021 sine
2760 2978 2983 3033 scriptura

1645 3038 1712 3081 vel
1749 3035 2105 3090 interpellatione
2141 3034 2342 3088 deposita
2382 3046 2436 3077 ac
2486 3034 2703 3077 sententia
2744 3038 2983 3089 prorogata

1643 3099 1746 3135 tuae
1763 3089 2073 3144 magnitudinis
2099 3090 2335 3145 eademque
2351 3102 2440 3132 non
2465 3090 2581 3132 edita
2597 3089 2818 3132 conveniri
2834 3101 2980 3144 posse,

1645 3154 1883 3192 conventos
1899 3160 2000 3190 vero
2030 3159 2117 3188 uon
2143 3145 2274 3188 alium
2295 3144 2596 3188 fideiussorem
2618 3145 2704 3188 nisi
2732 3145 2981 3188 actuarium

1643 3204 1711 3248 vel
1747 3217 1882 3246 unum
1922 3215 1946 3245 e
1986 3201 2249 3256 primatibus
2290 3212 2395 3243 suae
2432 3201 2611 3243 scholae
2648 3201 2981 3245 exsecutoribus

1643 3273 1724 3315 pro
1750 3271 1856 3302 suae
1879 3270 2095 3312 personae
2118 3256 2406 3312 responsione
2431 3255 2525 3299 sine
2551 3257 2715 3312 scripto
2741 3260 2981 3311 praestare,

1645 3316 1736 3359 sive
1765 3327 1844 3370 per
1868 3326 1916 3356 se
1944 3313 2032 3367 ipsi
2054 3312 2144 3355 sive
2173 3318 2460 3367 procuratore
2490 3311 2593 3354 dato
2622 3312 2668 3355 in
2708 3311 2869 3355 iudicio
2910 3324 2980 3356 re·

1646 3369 1851 3426 sponsuri
1881 3377 1998 3419 sunt,
2031 3374 2073 3411 et
2110 3369 2200 3412 sive
2228 3368 2272 3410 in
2304 3367 2450 3411 causis
2478 3367 2674 3412 civilibus
2714 3370 2982 3422 appetantur

1646 3431 1669 3469 2
1729 3426 1819 3469 sive
1848 3425 1894 3468 in
1934 3424 2232 3467 criminalibus
2261 3423 2529 3466 incusentur.
2597 3423 2692 3467 Nec
2722 3423 2839 3466 ultra
2874 3435 2979 3466 con·

1644 3481 1860 3526 ventionis
1899 3480 2073 3523 nomine
2117 3480 2415 3535 sportularum
2455 3491 2587 3534 quam
2622 3492 2758 3522 unum
2798 3491 2980 3521 aureum

1644 3536 1979 3582 exsecutoribus
2015 3549 2155 3590 usque
2182 3535 2240 3578 ad
2269 3534 2400 3578 finem
2442 3534 2531 3577 litis
2561 3539 2798 3589 praestent,
2830 3546 2979 3588 quem·

1646 3605 1833 3647 cumque
1886 3591 2118 3646 contigerit
2166 3591 2401 3634 conveniri.
2482 3589 2829 3633 inducendorum
2872 3601 2980 3633 sane

1645 3649 1819 3692 nomine
1844 3650 1889 3691 et
1911 3648 2206 3701 cognitionum
2228 3645 2573 3689 exercendarum
2596 3645 2865 3699 standaeque
2880 3657 2980 3700 per-

1644 3716 1781 3748 sonae
1808 3703 1952 3758 gratia
1981 3715 2035 3745 ex
2063 3701 2252 3757 simplici
2280 3700 2580 3757 postulatione
2610 3707 2766 3744 contra
2795 3712 2870 3744 eos
2898 3699 2980 3742 ha-

1644 3760 1759 3812 bita,
1790 3760 1880 3803 sive
1906 3771 1960 3801 ex
1985 3758 2284 3813 appellatione
2310 3757 2548 3800 subsecuta
2572 3756 2639 3799 vel
2670 3756 2864 3811 quolibet
2891 3755 2978 3799 alio

1644 3815 1774 3859 modo
1804 3815 1850 3858 in
1879 3813 2041 3856 iudicio
2073 3813 2333 3867 deponatur,
2372 3812 2514 3854 tribus
2544 3810 2844 3854 tantummodo
2874 3811 2977 3854 soli-

1646 3871 1713 3915 dis
1744 3883 1883 3925 usque
1909 3869 1966 3913 ad
1992 3869 2224 3912 terminum
2247 3867 2409 3922 negotii
2434 3880 2509 3910 eos
2535 3866 2611 3921 qui
2631 3865 2856 3922 accepturi
2875 3871 2980 3910 sunt

1679 3926 1943 3980 raecipimus
1984 3937 2157 3980 semper
2194 3937 2290 3967 esse
2322 3925 2566 3965 contentos.
2632 3922 2679 3964 in
2709 3921 2977 3976 cognitiona-

1645 3940 1761 4026 iibus
1791 3994 1894 4024 vero
1923 3980 2057 4035 gestis
2087 3979 2267 4023 edendis
2291 3979 2402 4021 duos
2430 3977 2732 4020 tantummodo
2761 3978 2980 4032 praestari

240 4068 2978 4097 ΜΝ

228 4138 277 4187 (1)
305 4134 579 4187 largitionum
618 4133 683 4172 vel
722 4147 794 4172 om.
838 4130 911 4171 Th.
1054 4131 1108 4180 (2)
1148 4147 1194 4163 =
1233 4127 1307 4168 ΤΙι.
1339 4128 1378 4175 6,
1416 4133 1476 4174 30,
1515 4132 1560 4187 ἱζο

227 4195 281 4244 (3)
309 4189 574 4255 pervenerint
605 4188 694 4237 Th„
732 4186 1017 4238 pervenientes
1053 4197 1127 4223 nec
1167 4195 1250 4222 non
1289 4182 1411 4221 etiam
1444 4180 1560 4219 libri:

244 4244 253 4258 Ι

227 4245 312 4289 ὅσα
342 4249 431 4289 τοῖς
458 4243 547 4287 απὸ
585 4246 841 4299 πριγκίπων
870 4241 1204 4296 μαγιστριανοῖς
1242 4233 1425 4299 Sesami!
1457 4248 1562 4288 προ-

227 4300 376 4356 νόμια,
404 4301 549 4343 ταῦτα
577 4301 651 4339 καὶ
681 4298 746 4350 τῷ
778 4295 942 4350 βοηθῷ
972 4295 1047 4346 τῆς
1076 4291 1241 4358 τᾴξεως
1268 4293 1348 4333 τοῦ
1379 4300 1564 4357 κιέμητος

227 4359 324 4400 τῶν
359 4354 672 4420 λαργιῖιώνιυν
709 4354 783 4394 καὶ
820 4353 913 4392 τοῖς
950 4348 1033 4391 τὸν
1073 4347 1207 4405 λογον
1239 4355 1565 4405 τρακταισασιν

240 4410 251 4426 )

229 4416 470 4468 αμέμπτως
492 4412 721 4470 αρμοζέτω
738 4409 780 4449 Β
793 4425 805 4448 .-
835 4408 938 4448 unde
970 4414 1144 4459 apparet
1165 4405 1383 4445 adiutorem
1410 4410 1444 4441 et
1468 4400 1565 4452 pri-

229 4472 409 4511 micerios
450 4484 533 4510 esse
572 4483 636 4509 eos
676 4481 743 4519 qut
773 4465 831 4504 ad
872 4462 1036 4502 militiae
1078 4460 1280 4500 terminum
1316 4455 1568 4520 pervenerint

229 4529 283 4577 (4)
314 4525 596 4578 praecepimus
626 4535 672 4562 ea
700 4519 850 4559 habere
875 4517 981 4569 priV.
998 4515 1229 4556 adiutorem
1250 4518 1292 4554 et
1314 4522 1568 4565 primicerios

231 4582 312 4623 div.
343 4581 409 4621 off.
444 4580 518 4621 Th.
616 4581 670 4632 (5)
703 4577 776 4618 Th.
808 4578 847 4626 6,
879 4583 936 4626 27,
968 4581 1007 4614 13
1093 4572 1149 4623 (6)
1180 4591 1233 4606 =
1264 4570 1339 4611 Th.
1370 4572 1408 4619 6,
1438 4575 1497 4617 30,
1526 4573 1566 4606 21

311 4655 360 4688 II.

1647 4122 1701 4171 (7)
1737 4122 1910 4171 12,19‚6
1996 4121 2052 4170 (8)
2082 4119 2308 4170 quam‘le.
2339 4130 2418 4169 que
2443 4118 2524 4159 ΚΟ
2608 4118 2664 4169 (9)
2693 4118 2820 4170 impp.
2845 4117 2979 4159 Theo·

1647 4176 1784 4216 dosius
1814 4178 1854 4215 et
1880 4174 2198 4214 Valentinianus
2228 4177 2312 4215 AA.
2344 4174 2469 4214 scribi
2499 4175 2632 4214 debuit
2714 4175 2789 4226 (10)
2818 4193 2873 4208 =
2903 4173 2977 4215 Th.

1648 4235 1685 4279 (5,
1718 4240 1769 4277 31,
1802 4241 1814 4271 ι
1850 4230 1894 4270 Β
1923 4234 1962 4281 6,
1993 4240 2051 4282 32,
2080 4241 2096 4271 1
2189 4230 2258 4279 (11)
2289 4228 2339 4268 ab
2371 4229 2460 4279 Th„
2491 4244 2562 4268 om.
2597 4230 2692 4269 libri
2782 4230 2855 4279 (12)
2883 4242 2979 4281 pro-

1647 4287 1722 4327 bae
1755 4286 1827 4326 ΤΙι.
1860 4300 1944 4326 cum
1975 4286 2032 4336 B,
2071 4285 2236 4338 proprie
2271 4285 2318 4334 Ο,
2356 4284 2525 4336 proprio
2554 4283 2603 4323 K
2739 4286 2813 4335 (13)
2841 4288 2979 4336 petere

1648 4353 1872 4391 numquam
1900 4341 2049 4381 timent
2083 4342 2152 4381 le.
2257 4340 2331 4389 (14)
2364 4340 2406 4379 B
2436 4342 2475 4391 6,
2506 4347 2548 4380 32
2648 4340 2718 4390 (15)
2748 4360 2803 4375 ==
2833 4339 2908 4381 Th.
2939 4343 2979 4388 6.

1649 4407 1706 4448 32,
1737 4407 1753 4437 1
1841 4397 1913 4446 (16)
1942 4398 2001 4437 sic
2032 4397 2121 4447 Th„
2151 4400 2192 4435 et
2219 4394 2407 4434 Palladio
2436 4407 2565 4434 conss.
2594 4397 2829 4448 scripserint
2856 4395 2980 4436 Iusti-

1648 4453 1764 4492 niani
1834 4452 1907 4503 (ιτ)
1934 4472 1992 4488 ==
2022 4452 2097 4492 Th.
2128 4453 2165 4502 6,
2183 4459 2278 4499 32,2
2337 4452 2412 4501 (ιε)
2443 4451 2562 4503 iunqe
2595 4451 2657 4498 12,
2675 4461 2709 4499 5,
2725 4460 2758 4492 3.
2792 4452 2856 4502 12,
2873 4459 2933 4500 59,
2957 4460 2980 4494 s

1648 4511 1725 4560 (19)
1755 4519 1780 4547 a
1810 4508 1885 4548 im.
1916 4507 2133 4548 Mommsen
2217 4508 2296 4558 (20)
2326 4515 2502 4559 expectes
2531 4504 2791 4557 pulsantibus

2593 4631 2648 4672 59
