3094 4732
172 142 248 181 nn
283 140 604 180 noscamus
1496 121 1596 180 419

598 306 805 355 xxxxi
840 304 1074 366 (xxxx).

171 402 247 443 DE
288 402 611 444 HONORIBUS
653 402 728 442 ET
770 400 1100 442 MUNERIBUS
1150 403 1266 443 NON
1316 404 1503 444 CONTI-

170 457 420 499 NUANDIS
464 457 640 498 INTER
681 455 913 497 PATREM
955 456 1030 497 ΕΤ
1068 458 1272 500 FILIUM
1315 460 1389 500 ET
1426 460 1504 501 DE

643 512 706 552 IN
707 510 1035 554 TERVALLIS.

229 607 251 655 1
292 607 455 675 ¹hnpp.
480 607 670 654 Severus
691 613 736 652 et
755 608 1011 652 Antoninus
1032 610 1122 654 AA.
1151 609 1398 667 Septimio²
1424 608 1504 653 Ze-

168 664 292 710 noni.
352 665 478 708 Sicut
506 663 697 707 honores
727 667 771 706 et
799 676 994 720 munera,
1033 678 1131 708 cum
1160 667 1287 722 pater
1316 669 1360 708 et
1387 664 1504 708 filius

168 720 428 764 decuriones
456 721 575 774 sunt,
603 719 651 763 in
675 718 828 762 eadem
854 720 983 764 domo
1007 721 1255 765 continuari
1270 734 1357 764 non
1374 733 1504 776 opor-

167 778 246 830 tet,
273 775 340 820 ita
368 775 648 819 vacationum
680 785 892 819 concessa
920 780 1119 832 tempora
1154 791 1243 821 non
1273 776 1372 820 aliis
1400 788 1502 831 pro-

167 831 295 876 desse
353 835 520 883 ossunt,
551 843 683 885 quam
708 829 785 886 qui
807 831 864 874 ad
890 832 1065 875 eosdem
1085 833 1152 876 vel
1177 833 1287 875 alios
1315 832 1504 876 honores

170 892 186 930 1
249 899 304 932 ea
335 898 490 942 emque
516 886 586 930 vel
614 885 702 930 alia
729 900 912 931 munera
942 887 1086 932 denuo
1111 893 1338 932 vocantur.
1388 886 1503 929 ³Pro

165 942 335 986 infante
372 942 504 986 vero⁴
541 941 656 994 filio,
697 954 827 998 quem
864 943 1143 988 decurionem
1181 956 1280 988 esse
1314 941 1504 996 voluisti,

165 1010 430 1054 quamquam
481 997 611 1041 fidem
659 1001 783 1042 tuam
834 999 880 1041 in
929 1003 1155 1055 posterum
1203 998 1503 1051 adstrinxeris,

163 1056 343 1098 tamen⁵
386 1065 522 1096 onera
565 1054 783 1098 sustinere
827 1068 918 1098 non
960 1056 1151 1111 cogeris,
1204 1067 1301 1098 cum
1347 1053 1405 1097 ad
1451 1065 1504 1097 ea

164 1107 518 1210 qusseuffandffi
549 1111 1048 1210 possuntAvogpntlaZtem
1066 1110 1259 1210 Aitedlilsse
1298 1109 1505 1209 deearisd

333 1178 376 1207 m
411 1198 420 1208 .
494 1177 548 1207 or
574 1178 712 1208 tanus
783 1201 791 1210 .
855 1180 928 1231 φη
967 1180 1006 1210 o.
1199 1178 1325 1210 onon
1355 1178 1409 1209 us
1448 1177 1474 1208 a

164 1219 339 1265 eosdem

161 1287 264 1320 vero
309 1275 367 1319 ad
410 1276 536 1320 alios.
604 1277 823 1332 legatione
866 1282 1012 1322 autem
1050 1277 1295 1333 perfunctis
1338 1276 1506 1320 biennii

161 1332 333 1377 vacatio
366 1345 582 1376 concessa
611 1336 692 1377 est.

219 1384 249 1434 3
282 1386 427 1446 Impp.
459 1387 770 1432 Diocletianus
805 1395 849 1434 et
887 1389 1198 1434 Maximianus
1225 1390 1317 1432 AA.
1349 1394 1393 1433 et
1425 1386 1502 1432 CC.

163 1443 333 1487 Niciae.
393 1445 629 1487 Intervalla
657 1447 917 1500 temporum,
949 1458 1061 1502 quae
1083 1445 1130 1489 in
1156 1445 1286 1489 unius
1312 1456 1504 1500 persona

162 1499 308 1543 locum
336 1500 525 1552 habent,
566 1500 801 1554 fratribus,
838 1501 943 1545 licet
971 1501 1221 1545 communia
1247 1500 1506 1557 possideant

161 1555 301 1610 bona,
340 1555 516 1599 minime
552 1556 763 1611 prodesse
799 1556 1052 1612 frequenter
1093 1556 1382 1600 constitutum
1422 1560 1501 1599 est.

165 1615 185 1654 1
246 1611 363 1655 Sane
390 1611 460 1655 his
489 1611 648 1664 missis,
679 1612 756 1667 qui
783 1614 973 1656 necdum
1001 1612 1146 1656 functi
1170 1612 1424 1656 muneribus
1449 1611 1505 1655 ad

162 1667 271 1711 haec
299 1667 445 1711 idonei
474 1667 703 1711 constituti
731 1669 882 1712 vocari
912 1667 1099 1718 debent,
1130 1680 1229 1720 vos,
1270 1667 1310 1711 si
1339 1668 1395 1710 ad
1426 1668 1503 1711 ob-

162 1723 364 1779 sequium
400 1723 590 1767 civilium
626 1736 857 1766 munerum
897 1723 1141 1778 reppererit
1179 1723 1381 1777 paruisse
1394 1755 1405 1775 ,
1449 1734 1506 1766 ne

161 1779 319 1822 iterum
348 1778 698 1834 interpellemini,
737 1791 918 1834 praeses
957 1777 1210 1835 provinciae
1241 1778 1503 1834 providebit.

401 1232 558 1264 onores
598 1220 884 1277 quinquenmi
923 1222 1054 1266 datur
1092 1221 1285 1274 vacatio,
1326 1220 1506 1264 triennii

551 1976 784 2025 xxxxn
822 1975 1107 2040 (xxxxl).⁷

357 2072 436 2113 DE
465 2071 796 2114 MUNERIBUS
825 2072 1314 2115 PATRIMONIORUM.

219 2167 242 2214 1
281 2165 350 2211 Im
385 2201 394 2211 .
426 2166 682 2212 Antoninus
709 2168 762 2216 A.
793 2167 1071 2227 Philocyrio.
1131 2169 1285 2214 Civilia
1323 2182 1507 2214 munera

161 2235 240 2280 per
269 2235 320 2267 or
398 2235 468 2267 em
495 2235 578 2279 pro
607 2222 736 2268 modo
767 2224 1046 2269 fortunarum
1086 2224 1346 2269 sustinenda
1386 2230 1503 2269 sunt.

218 2277 250 2324 2
281 2277 407 2323 Idem
444 2278 498 2323 A.
537 2277 762 2324 Materno.
820 2279 1034 2333 Munera,
1075 2293 1188 2335 quae
1227 2281 1506 2336 patrimoniis

161 2334 367 2435 publiicae
395 2334 599 2379 utilitatis
626 2335 772 2391 gratia
792 2335 1061 2391 indicuntur,
1091 2337 1148 2380 ab
1175 2336 1378 2381 omnibus
1400 2336 1505 2381 sub-

163 2404 249 2435 eun
280 2403 307 2434 a
337 2394 456 2434 sunt.

219 2444 249 2493 3
280 2445 396 2504 Imp.
441 2445 703 2491 Alexander
743 2448 795 2491 A.
840 2447 993 2491 Atilio.
1062 2447 1146 2502 Qui
1187 2446 1506 2491 immunitatem

163 2514 394 2546 munerum
422 2502 705 2557 publicorum
733 2503 962 2547 consecuti
986 2508 1101 2557 sunt,
1134 2516 1269 2547 onera
1291 2504 1504 2559 patrimo-

163 2558 337 2602 niorum
362 2558 580 2602 sustinere
602 2558 777 2603 debent.
807 2559 855 2602 in
880 2558 1039 2615 quibus
1065 2560 1211 2603 causis
1239 2563 1284 2602 et
1307 2559 1505 2615 hospites

163 2613 406 2670 recipiendi
435 2616 552 2658 sunt.

219 2668 251 2715 4
281 2668 382 2728 Imp
419 2703 428 2714 .
457 2668 727 2714 Valerianus
752 2674 796 2715 et
816 2668 1047 2715 Gallienus
1062 2671 1155 2715 AA.
1174 2670 1358 2714 Neroni.
1404 2670 1504 2715 Non

161 2725 336 2770 videtur
365 2738 392 2769 a
424 2725 604 2770 horrere
627 2727 796 2771 ratione
820 2726 1053 2780 sententia,
1084 2739 1172 2782 qua
1195 2738 1378 2782 praeses
1401 2740 1503 2782 pro-

161 2781 334 2826 vinciae
372 2794 509 2848 equos
550 2782 757 2827 curules⁸
793 2783 911 2826 alere
948 2795 1038 2827 non
1076 2795 1388 2838 personarum,
1428 2782 1506 2826 sed

162 2837 416 2894 patrimonii
445 2849 540 2882 esse
576 2838 780 2882 decrevit.
840 2843 884 2882 et
919 2843 1065 2883 tamen
1104 2839 1143 2882 si
1181 2838 1336 2894 iniqua
1374 2843 1502 2892 esset,

162 2893 323 2937 omisso
349 2905 377 2938 a
399 2897 445 2937 te
467 2894 776 2950 appellationis
802 2894 966 2938 auxilio
992 2894 1242 2939 necessario
1258 2897 1503 2950 permanet.

217 2948 247 2994 5
280 2947 461 3049 Imppr.
493 2949 635 2994 Carus
660 2949 848 2994 Carinus
868 2955 912 2995 et
937 2950 1236 2995 Numerianus
1257 2950 1389 2994 AAA.
1413 2951 1505 2994 An-

165 3005 338 3062 tepisto.
442 3017 553 3061 eque
581 3009 780 3062 tempore
810 3006 970 3050 aetatis
1000 3019 1143 3062 neque
1182 3018 1365 3050 numero
1394 3005 1504 3050 libe-

162 3072 313 3103 rorum
340 3071 369 3103 a
395 3061 653 3105 muneribus
683 3074 796 3115 quae
825 3062 1190 3116 patrimoniorum
1228 3064 1334 3105 sunt
1369 3073 1504 3104 excu-

165 3115 382 3159 sationem
411 3115 508 3170 quis
538 3115 703 3159 habere
731 3119 892 3171 potest.

220 3167 252 3216 6
291 3169 439 3228 Impp.
482 3169 793 3214 Diocletianus
842 3176 887 3215 et
928 3170 1240 3215 Maximianus
1282 3169 1375 3213 AA.
1416 3168 1505 3214 Po-

164 3226 193 3268 g,
211 3230 393 3269 mnesto.
472 3225 697 3269 Professio
742 3228 787 3269 et
827 3225 1090 3270 desiderium
1131 3229 1257 3269 tuum
1299 3225 1415 3269 inter
1457 3237 1506 3269 se

164 3240 435 3346 discrepant.
479 3293 581 3324 nam
611 3293 711 3324 cum
739 3281 1049 3338 philosophum
1078 3285 1122 3324 te
1146 3293 1242 3325 esse
1266 3292 1504 3345 proponas,

166 3337 353 3381 vinceris
382 3336 592 3381 avaritiae
623 3337 835 3381 caecitate
863 3340 910 3381 et
937 3349 1073 3381 onera
1102 3348 1214 3392 quae
1238 3335 1502 3392 patnmonio

166 3398 239 3436 tuo
263 3392 553 3447 iniungantur
577 3393 698 3436 solus
724 3405 934 3437 recusare
957 3391 1149 3437 conaris.
1196 3392 1313 3447 quod
1337 3391 1506 3436 frustra

165 3453 210 3492 te
238 3447 387 3492 facere
417 3451 666 3492 ceterorum
695 3449 892 3503 exemplo
921 3448 1088 3503 poteris
1119 3446 1305 3491 edoceri.

158 3507 161 3509 ’
221 3501 249 3549 7
283 3502 408 3547 Idem
449 3505 541 3546 AA.
587 3503 864 3547 Alexandro.
932 3503 1082 3546 Etiam
1123 3502 1313 3547 minores
1357 3506 1504 3546 aetate

163 3558 528 3614 patrimoniorum
556 3558 810 3602 muneribus
831 3558 1059 3614 subiugari
1082 3558 1237 3602 solent.
1295 3558 1413 3601 unde
1434 3558 1503 3601 in-

164 3614 333 3669 tellegis
376 3617 423 3658 te
463 3614 631 3658 frustra
672 3615 847 3669 plenam
883 3614 1202 3658 immunitatem
1240 3613 1502 3666 desiderare,

166 3683 265 3713 cum
307 3682 490 3714 munera
529 3682 642 3726 quae
679 3670 903 3726 impensas
942 3671 1122 3725 exigunt
1158 3670 1307 3713 subire
1344 3673 1389 3712 te
1425 3681 1502 3713 ne-

166 3737 289 3770 cesse
318 3725 390 3769 sit.

222 3778 252 3828 8
284 3779 410 3824 Idem
447 3781 538 3823 AA.
580 3785 626 3824 et
667 3779 745 3824 CC.
792 3779 1014 3838 Lonqino.
1073 3780 1168 3824 Nec
1210 3780 1503 3837 protostasiae

167 3836 233 3880 vel
255 3835 495 3880 sacerdotii
517 3835 586 3879 vel
600 3835 882 3891 decaprotiae
903 3849 1087 3880 munera
1112 3836 1362 3892 corporalia
1385 3839 1501 3889 sunt,

165 3892 244 3936 sed
272 3893 444 3934 tantum
472 3891 728 3947 patrimonii
758 3904 855 3935 esse
884 3905 974 3936 non
1002 3892 1251 3957 ambigitur.

222 3946 252 3994 9
285 3946 411 3990 Idem
440 3948 530 3990 AA.
563 3952 607 3990 et
638 3946 714 3990 CC.
741 3946 954 3991 Marciae.
1013 3947 1384 3992 Patrimoniorum
1408 3960 1503 3990 mu-

169 4016 274 4047 nera
301 4002 507 4046 mulieres
538 4002 670 4045 etiam
698 4002 916 4046 sustinere
947 4003 1121 4046 debent.

225 4057 289 4106 10
322 4057 593 4115 Exemplum
618 4070 855 4101 sacrarum
877 4057 1128 4102 litterarum
1153 4057 1395 4103 eorundem
1410 4059 1501 4101 AA.

167 4118 210 4157 et
240 4113 318 4158 CC.
359 4113 421 4156 ad
446 4113 725 4177 praefectos.
785 4112 1006 4166 Quantum
1042 4113 1100 4156 ad
1128 4113 1503 4157 extraordinarias

165 4168 428 4213 indictiones
456 4171 659 4223 pertinet,
690 4168 968 4223 praesidibus
999 4168 1306 4223 significamus,
1336 4173 1386 4212 ut
1412 4181 1503 4212 om-

167 4236 244 4268 nes
281 4236 561 4280 possessores
602 4227 858 4278 ceterosque
896 4223 1042 4267 sciant
1082 4224 1301 4268 conveniri
1331 4224 1503 4275 debere,

2631 134 2679 185 X
2718 138 2922 187 41--44

1590 275 1942 334 quandoquidem
1985 288 2038 321 ea
2080 278 2334 334 patrimonii
2376 294 2558 326 munera
2604 295 2700 327 esse
2754 286 2925 327 constet

1589 333 1830 388 meritoque
1859 333 1916 377 ab
1947 333 2150 378 omnibus
2181 337 2361 391 agnosci
2391 339 2592 392 debeant,
2634 352 2718 394 quo
2749 339 2923 384 facilius

1590 389 1810 445 obsequiis
1840 389 2027 445 publicis
2055 396 2279 446 pareatur.

1967 561 2221 610 xxxxm
2259 562 2542 623 (xxxxii).

1591 639 2033 684 QUEMADMODUM
2060 641 2277 683 CIVILIA
2299 642 2538 683 MUNERA
2561 643 2924 686 INDICUNTUR.

1648 719 1671 764 1
1709 719 1887 778 Imppp.
1937 720 2079 764 Carus
2125 721 2313 765 Carinus
2355 727 2400 765 et
2448 722 2749 768 Numerianus
2791 727 2923 771 AAA.

1589 774 1833 819 Feliciano.
1894 775 2002 818 Cum
2032 780 2076 818 te
2107 779 2356 819 curatorem
2385 777 2442 819 ad
2472 779 2690 832 cogendas
2722 781 2925 835 angarias

1591 832 1788 873 creatum
1817 829 2157 885 appellationem
2185 831 2501 886 interposuisse
2528 846 2766 889 proponas,
2796 849 2925 891 prae-

1589 898 1661 930 ses
1689 885 1955 941 provinciae,
1995 885 2033 927 si
2063 885 2244 929 alterius
2275 885 2426 929 curiae
2454 890 2498 930 te
2527 900 2626 932 esse
2654 890 2925 935 animadver-

1589 940 1715 992 terit,
1760 940 1818 983 ad
1854 940 1986 984 alieni
2023 941 2223 996 corporis
2259 953 2446 984 munera
2486 944 2637 987 vocari
2675 958 2763 988 non
2802 947 2926 1001 sinet,

1590 997 1694 1052 quia
1722 996 1816 1040 eius
1845 995 2018 1052 partis⁹
2047 996 2257 1040 oneribus
2288 998 2555 1052 respondere
2586 1000 2742 1054 debes,
2784 1002 2856 1045 c-ui
2884 1007 2927 1045 te

1589 1052 1853 1096 attributum
1881 1064 1979 1096 esse
2009 1063 2336 1096 commemoras.

1647 1107 1678 1153 2
1715 1107 1895 1166 ¹⁰Impp.
1928 1108 2239 1152 Diocletianus
2278 1114 2322 1153 et
2349 1108 2661 1155 Maximianus
2695 1113 2786 1156 AA.
2818 1112 2927 1158 Dio-

1589 1165 1732 1222 nysio.
1791 1164 2038 1209 Maioribus
2066 1164 2310 1208 honoribus
2340 1165 2517 1210 functos
2547 1167 2603 1210 ad
2632 1167 2822 1213 minores
2852 1169 2927 1213 de·

1589 1220 1740 1264 vocari
1767 1234 1856 1265 non
1886 1225 2091 1276 oportere
2118 1220 2303 1264 rationis
2333 1224 2415 1265 est.

1646 1273 1676 1323 3
1708 1274 1834 1321 Idem
1856 1277 1948 1320 AA.
1975 1275 2275 1334 Eutychiana
2338 1277 2446 1320 Cum
2476 1281 2520 1321 te
2550 1279 2753 1323 omnibus
2776 1293 2925 1326 mune-

1589 1332 1712 1376 ribus
1740 1332 1945 1376 functum
1974 1344 2072 1376 esse
2101 1332 2349 1386 adseveras,
2380 1333 2437 1377 ad
2467 1334 2618 1378 eadem
2646 1349 2850 1389 munera,
2890 1338 2927 1381 si

1590 1388 1775 1432 aliorum
1801 1388 1959 1432 civium
1984 1389 2113 1444 copia
2138 1392 2219 1441 est,
2243 1388 2319 1444 qui
2341 1389 2562 1445 obsequiis
2590 1391 2789 1436 civilibus
2806 1392 2928 1448 fungi

1590 1447 1790 1499 possunt,
1814 1457 1995 1500 praeses
2010 1444 2262 1500 provinciae
2279 1444 2484 1489 devocari
2508 1449 2551 1489 te
2577 1459 2665 1491 non
2689 1449 2924 1502 permittet.

1646 1499 1678 1546 4
1714 1499 1874 1543 ¹¹Idem
1902 1500 1993 1543 AA.
2025 1506 2067 1544 et
2100 1499 2176 1545 CC.
2208 1500 2396 1565 Reyino.
2446 1501 2574 1545 Ultra
2603 1504 2779 1546 modum
2809 1517 2926 1548 sum-

1589 1560 1744 1611 ptuum
1786 1560 1832 1599 te
1871 1555 2127 1600 muneribus
2172 1556 2375 1600 civillbus
2415 1558 2589 1612 gravari
2631 1558 2785 1604 levatis
2829 1560 2927 1603 aliis

1589 1624 1770 1667 praeses
1786 1611 2038 1666 provinciae
2054 1625 2143 1655 non
2167 1612 2375 1667 patietur,
2401 1613 2477 1657 sed
2501 1614 2812 1669 aequalitatem
2837 1619 2928 1659 tam

1589 1667 1698 1711 iuris
1728 1679 1860 1723 quam
1891 1678 2105 1710 censurae
2133 1680 2299 1711 memor
2330 1669 2448 1713 circa
2473 1669 2669 1714 ordinem
2695 1671 2919 1716 custodiet

1949 1838 2227 1886 xxxxnn
2264 1838 2573 1899 (xxxxm).

1588 1918 1668 1959 DE
1705 1918 1803 1959 HIS
1843 1918 1942 1965 QUI
1981 1919 2197 1959 SPONTE
2239 1919 2479 1961 MUNERA
2518 1921 2880 1963 SUSCEPERUN
2883 1924 2930 1964 T.

1649 1999 1673 2046 1
1710 1998 1825 2058 Imp.
1867 1999 2131 2045 Alexander
2165 2001 2217 2044 A.
2263 2001 2505 2046 Feliciano.
2565 2003 2797 2059 Veterani,
2843 2005 2931 2061 qui,

1591 2069 1692 2100 cum
1720 2060 1905 2112 possent
1934 2068 1981 2100 se
2009 2056 2124 2100 tueri
2153 2057 2426 2101 immunitate
2449 2058 2517 2102 his
2543 2071 2767 2115 concessa,
2798 2059 2930 2104 decu-

1589 2112 1736 2156 riones
1759 2124 1808 2156 se
1837 2112 1934 2155 fieri
1961 2112 2009 2156 in
2038 2113 2184 2168 patria
2214 2125 2295 2156 sua
2320 2115 2582 2167 maluerunt,
2612 2116 2757 2159 redire
2780 2116 2837 2160 ad
2856 2130 2930 2160 ex-

1591 2168 1864 2212 cusationem
1895 2180 2025 2223 quam
2054 2168 2326 2224 reliquerunt
2354 2183 2444 2214 non
2467 2176 2668 2226 possunt,
2697 2172 2784 2215 nisi
2810 2177 2932 2215 certa

1589 2224 1686 2279 lege
1716 2228 1761 2267 et
1788 2228 1922 2279 pacto
1952 2224 2192 2268 servandae
2220 2225 2511 2270 immunitatis
2539 2226 2607 2270 vel
2636 2231 2806 2283 partem
2837 2227 2929 2271 eius

1591 2280 1738 2324 oneris
1769 2284 2053 2334 agnoverunt.

1648 2335 1679 2380 2
1711 2334 1779 2378 Im
1849 2334 2183 2379 .Diocletianus
2208 2339 2252 2379 et
2275 2334 2587 2379 Maximianus
2610 2336 2701 2380 AA.
2733 2337 2927 2382 Valerio.

1591 2391 1674 2446 Qui
1712 2349 1882 2447 pufflci
1916 2391 2109 2435 muneris
2150 2391 2422 2435 vacationem
2459 2392 2614 2447 habet,
2660 2393 2698 2436 si
2740 2393 2930 2449 aliquem

1589 2448 1801 2491 honorem
1831 2449 2016 2502 excepto
2047 2446 2337 2490 decurionatu
2367 2452 2525 2502 sponte
2563 2449 2828 2504 susceperit,
2872 2450 2928 2493 ob

1589 2503 1648 2556 id,
1680 2502 1797 2558 quod
1825 2502 1996 2558 patriae
2026 2515 2134 2546 suae
2164 2502 2429 2546 utilitatibus
2461 2504 2643 2547 cesserit
2670 2505 2740 2548 vel
2762 2505 2930 2560 gloriae

1592 2558 1833 2614 cupiditate
1857 2558 2085 2614 paulisper
2104 2559 2172 2602 ius
2199 2559 2423 2614 publicum
2450 2559 2726 2611 relaxaverit,
2752 2573 2928 2617 compe-

1590 2620 1689 2659 tens
1718 2614 1991 2670 privilegium
2019 2627 2109 2657 non
2138 2614 2316 2658 amittit.

1649 2668 1678 2716 3
1715 2668 1865 2728 ¹²Imp.
1897 2670 1989 2714 Leo
2021 2672 2070 2713 A.
2103 2668 2281 2713 Pusaeo
2304 2683 2388 2727 pp.
2446 2669 2531 2724 Qui
2561 2670 2809 2715 condicioni
2840 2685 2930 2716 non

1591 2726 1808 2770 obnoxius
1826 2725 1980 2769 curiali
2006 2725 2243 2781 quemlibet
2263 2725 2474 2769 honorem
2500 2726 2568 2770 vel
2591 2739 2752 2771 munus
2775 2728 2929 2772 volun-

1590 2785 1683 2825 tate
1712 2781 1894 2837 propria
1921 2781 1967 2824 in
1997 2793 2270 2836 quacumque
2298 2781 2483 2836 gesserit
2522 2782 2720 2837 civitate,
2760 2784 2930 2827 nullum

1590 2837 1908 2894 praeiudicium
1939 2837 2059 2880 circa
2086 2837 2310 2880 fortunam
2346 2849 2470 2879 suam
2507 2839 2757 2894 statumque
2797 2840 2928 2883 susti-

1590 2898 1716 2937 neat:
1748 2893 1826 2937 sed
1855 2896 1946 2936 tam
1976 2893 2070 2948 ipse
2099 2905 2229 2948 quam
2258 2891 2387 2935 liberi
2417 2891 2512 2936 eius
2538 2896 2582 2936 et
2607 2893 2683 2948 qui
2708 2906 2761 2937 ex
2786 2894 2855 2937 his
2882 2895 2929 2938 in

1589 2954 1815 3005 posterum
1844 2948 2106 3004 procreandi
2136 2951 2240 2991 sunt
2276 2948 2332 2990 ab
2371 2948 2487 2990 omni
2525 2947 2772 2992 huiusmodi
2813 2963 2928 2993 nexu

1590 3019 1690 3048 cum
1732 3004 1823 3047 suis
1868 3003 2155 3047 facultatibus
2200 3003 2327 3047 liberi
2366 3002 2587 3057 alienique
2624 3007 2927 3058 permaneant,

1588 3061 1651 3103 ita
1678 3062 1828 3102 tamen
1857 3062 1927 3111 ut,
1967 3058 2006 3102 si
2042 3058 2190 3113 aliqua
2228 3058 2396 3102 functio
2425 3058 2672 3102 volentibus
2702 3059 2766 3102 eis
2794 3059 2929 3103 fuerit

1587 3115 1805 3164 iniuncta,
1853 3126 1906 3156 ex
1951 3126 2039 3168 qua
2081 3127 2259 3157 necesse
2299 3114 2356 3156 sit
2393 3113 2558 3168 aliquid
2597 3125 2673 3157 eos
2711 3114 2926 3170 accipere,

1589 3170 1706 3226 quod
1736 3182 1791 3213 ex
1819 3169 1924 3212 data
1953 3169 2039 3212 sibi
2066 3169 2256 3223 pecunia
2284 3170 2329 3212 in
2355 3168 2535 3224 reliquis
2562 3169 2681 3225 apud
2703 3182 2780 3214 eos
2802 3183 2926 3213 man-

1588 3227 1700 3270 sisse
1731 3225 1990 3277 constiterit,
2022 3226 2239 3268 solventes
2270 3224 2364 3268 sine
2389 3224 2481 3267 ulla
2502 3225 2704 3269 molestia
2728 3226 2798 3269 vel
2821 3239 2923 3270 con-

1593 3286 1610 3325 l
1672 3280 1857 3324 dicionis
1887 3292 1995 3323 suae
2023 3280 2257 3324 formidine
2301 3279 2542 3323 discedant.
2602 3280 2649 3325 Si
2687 3281 2785 3336 quis
2823 3294 2927 3326 vero

1587 3349 1643 3381 ex
1671 3337 1739 3380 his
1769 3335 1914 3380 omnia
1943 3335 2229 3380 decurionum
2258 3348 2440 3379 munera
2468 3335 2537 3380 vel
2571 3335 2823 3381 functiones
2859 3337 2928 3381 vel

1587 3393 1776 3436 honores
1806 3392 1927 3434 nulla
1954 3391 2205 3435 imminente
2234 3391 2510 3444 necessitate,
2551 3392 2629 3435 sed
2659 3405 2741 3436 sua
2770 3396 2928 3447 sponte

1587 3446 1828 3503 peregerit,
1869 3459 1967 3489 eum
2007 3460 2087 3502 pro
2119 3459 2200 3490 sua
2228 3447 2495 3491 liberalitate
2523 3452 2692 3503 patrem
2723 3448 2924 3502 civitatis,

1586 3505 1632 3547 in
1663 3515 1751 3558 qua
1779 3501 2052 3546 voluntarius
2083 3503 2312 3559 municeps
2346 3503 2591 3558 apparebit,
2622 3504 2659 3547 si
2683 3504 2768 3547 hoc
2798 3503 2840 3547 ei
2872 3503 2925 3545 li-

1586 3559 1745 3610 buerit,
1775 3557 1874 3601 fieri
1904 3557 2198 3613 constituique
2226 3559 2312 3602 hac
2340 3559 2437 3611 lege
2465 3558 2753 3602 decernimus.
2811 3558 2866 3602 D.
2901 3568 2930 3600 ν

1585 3613 1644 3658 id.
1676 3614 1788 3658 Nov.
1835 3612 2225 3672 Constantinopoli
2263 3614 2489 3658 Basilisco
2530 3618 2575 3657 et
2611 3613 2923 3657 Herminerico

1588 3669 1775 3713 conss.¹³
2737 3673 2792 3720 [a.
2825 3671 2922 3719 465]

1645 3723 1676 3770 4
1710 3721 1859 3781 ¹⁴Imp.
1882 3722 2164 3767 Iustinianus
2187 3725 2239 3768 A.
2258 3723 2419 3767 Menae
2435 3738 2517 3780 pp.
2564 3722 2670 3775 Eos,
2697 3723 2771 3778 qui
2795 3723 2922 3766 liberi

1588 3780 1769 3824 fortuna
1799 3778 1954 3823 curiali
1985 3779 2213 3822 constituti
2239 3783 2396 3834 postea
2422 3792 2469 3822 se
2495 3778 2645 3822 curiae
2671 3779 2920 3821 cuiuscum-

1589 3847 1672 3890 que
1689 3835 1875 3879 civitatis
1891 3834 2143 3886 obtulerint,
2160 3834 2381 3878 confidere
2396 3833 2607 3886 volumus,
2631 3833 2749 3888 quod
2774 3836 2923 3888 poste-

1588 3892 1698 3934 ritas
1723 3903 1874 3934 eorum
1900 3903 1989 3933 non
2014 3890 2155 3934 solum
2179 3891 2267 3933 iam
2290 3892 2535 3945 procreata,
2566 3888 2643 3932 sed
2666 3889 2796 3931 etiam
2820 3890 2924 3942 post

1588 3946 1720 3989 talem
1745 3945 2006 3988 deditionem
2029 3945 2306 4000 procreanda
2331 3943 2578 3987 huiusmodi
2590 3944 2770 3987 fortuna
2784 3943 2923 3987 libera

1589 4000 1795 4054 manebit,
1834 4001 1929 4044 sive
1959 4000 2207 4056 specialiter
2237 4001 2319 4044 sub
2348 4000 2434 4042 hac
2463 3999 2557 4054 lege
2587 3999 2735 4042 curiae
2764 4011 2812 4042 se
2841 3998 2920 4041 ob-

1588 4056 1790 4110 tulerint,
1828 4058 1882 4099 ut
1916 4056 1973 4099 ab
2012 4055 2082 4099 his
2125 4055 2439 4099 descendentes
2478 4054 2558 4098 tali
2586 4053 2765 4098 fortuna
2793 4052 2921 4097 liberi

1588 4115 1795 4155 maneant
1809 4112 1856 4162 ¹⁵,
1896 4111 1985 4155 sive
2023 4110 2189 4154 nullam
2227 4109 2475 4154 huiusmodi
2512 4110 2699 4153 fecerint
2734 4108 2920 4152 mentio-

1587 4181 1706 4220 nem,
1747 4166 1869 4210 nullo
1907 4166 2095 4210 audente
2134 4166 2299 4218 dicere,
2340 4164 2458 4220 quod
2499 4165 2592 4208 nati
2620 4165 2688 4208 vel
2718 4163 2921 4218 concepti

1586 4225 1691 4280 post
1717 4223 1851 4265 talem
1888 4221 2152 4266 deditionem
2191 4221 2314 4277 sequi
2352 4222 2580 4276 paternam
2619 4219 2920 4263 condicionem

168 4362 218 4413 (1)
247 4362 293 4403 Β
318 4363 386 4413 54,
412 4371 445 4412 7,
470 4370 515 4402 39
602 4360 658 4412 (2)
688 4359 876 4412 septimio
901 4359 999 4412 Diq.
1019 4362 1085 4408 50,
1111 4369 1143 4410 1,
1169 4368 1221 4405 21.
1246 4370 1280 4410 s,
1313 4377 1384 4402 om.
1413 4361 1508 4401 libri
1590 4359 1656 4408 (11)
1687 4360 1740 4412 cst
1762 4361 1826 4409 10,
1851 4368 1903 4410 51,
1927 4367 1948 4400 4
2018 4359 2092 4409 (12)
2120 4360 2172 4412 eff.
2190 4359 2247 4399 ad
2270 4361 2305 4409 1,
2332 4366 2389 4408 sc,
2416 4367 2429 4400 1
2503 4360 2575 4410 (¹3)
2596 4360 2919 4410 subscr-sptionem

169 4419 225 4468 (3)
258 4422 277 4463 5
303 4426 319 4459 1
341 4437 398 4453 =
421 4417 522 4470 Diq.
539 4418 607 4465 50,
632 4425 662 4464 1,
688 4424 741 4464 21,
768 4423 789 4455 6
868 4415 923 4466 (4)
955 4427 1050 4454 vero
1081 4430 1154 4456 om.
1173 4415 1273 4470 Diy.
1356 4416 1410 4467 (5)
1438 4414 1503 4455 in-

170 4473 290 4512 terim
319 4473 394 4514 ins.
420 4472 521 4525 Diy.

176 4527 361 4568 Cuiacius
388 4528 544 4568 collatis
571 4530 628 4576 11,
647 4536 700 4577 41,
718 4536 749 4567 5.
783 4527 845 4575 12,
863 4534 920 4574 49,
938 4534 956 4566 7
991 4525 1063 4565 Th.
1086 4528 1228 4585 15„1o:
1258 4526 1503 4567 rulescuria-

169 4581 227 4622 les
249 4583 308 4633 Ia,
338 4581 513 4622 curiales
539 4580 674 4623 Kozb
752 4582 808 4631 (9)
830 4580 987 4632 patriae
1014 4582 1102 4620 dett.
1183 4581 1260 4633 (1ο)
1286 4582 1331 4622 Β
1348 4584 1413 4629 54,
1432 4590 1465 4630 3,
1483 4590 1503 4621 2

1587 4414 1759 4455 restituit
1801 4414 1980 4463 Gentius,
2015 4416 2196 4468 sortasse
2235 4428 2282 4453 en:
2325 4415 2363 4461 1,
2391 4421 2449 4462 36,
2481 4421 2519 4455 1:
2563 4416 2616 4465 ej:
2647 4415 2705 4453 ad
2742 4415 2805 4461 12,
2836 4423 2869 4463 5,
2900 4422 2919 4455 4

599 4473 656 4523 (6)
690 4472 729 4510 B
755 4472 820 4517 54,
848 4479 880 4518 3,
907 4479 923 4511 1
1006 4471 1061 4521 (7)
1093 4471 1136 4511 Β
1161 4472 1229 4524 54,
1255 4480 1276 4513 5
1361 4471 1418 4522 (8)
1446 4472 1505 4511 sic
1588 4471 1660 4521 (14)
1691 4471 1915 4523 iunyendae
1943 4472 2127 4510 videntur
2157 4471 2194 4518 5,
2225 4477 2280 4515 27,
2314 4478 2347 4510 8.
2380 4479 2414 4509 9.
2459 4470 2521 4519 10,
2550 4477 2609 4519 35,
2639 4477 2659 4510 3
2692 4470 2743 4520 (v.
2772 4471 2796 4509 i.
2837 4474 2856 4517 §
2881 4470 2918 4521 2)

1588 4525 1662 4578 (15)
1690 4523 1812 4564 liberi
1839 4528 2035 4567 maneant
2062 4525 2119 4575 K,
2149 4523 2346 4563 liberetur
2381 4524 2428 4573 Ο,
2458 4522 2686 4564 liberentur
2716 4526 2806 4565 dett.

2498 4647 2585 4686 53*
