3054 4796
162 193 238 239 ma
273 191 506 236 cADUcis
543 191 851 236 ’1000001110

158 347 230 381 res
274 336 558 391 appellabant
599 337 645 380 in
682 349 817 381 causa
855 334 1032 379 caduci:
1077 337 1144 379 vel
1187 340 1361 382 mortuo
1404 339 1492 382 iam

158 395 372 436 testatore
414 392 499 436 1100
542 393 661 449 quod
702 393 903 436 relictum
947 396 1014 434 est
1065 391 1318 447 deficiebat,
1373 395 1492 449 quod

159 451 183 491 3
241 454 397 503 aperta
436 458 545 493 voce
584 449 797 493 caducum
834 447 1187 502 nuncupabatur.
1253 450 1305 493 In
1349 451 1489 506 primo

155 502 305 558 itaque
336 503 507 558 ordine,
547 505 623 548 ubi
651 517 732 560 pro
762 517 849 547 non
880 502 1059 558 scriptis
1088 504 1394 549 efficiebantur
1424 519 1489 559 ea,

157 571 270 614 quae
299 561 503 615 personis
541 561 629 603 iam
668 563 768 603 ante
797 562 1108 602 testamentum
1137 562 1322 605 mortuis
1352 565 1490 606 testa-

155 616 228 658 tor
257 614 480 669 donasset,
511 619 726 660 statutum
755 615 921 660 fuerat.
952 620 1002 658 ut
1031 627 1084 658 ea
1113 617 1256 660 omnia
1284 621 1491 661 maneant

157 671 275 726 apud
305 683 393 726 eos,
424 675 479 714 a¹
511 672 669 728 quibus
698 671 878 714 fuerant
906 671 1136 726 derelicta,
1176 673 1261 716 nisi
1290 673 1489 716 vacuatis

156 727 223 770 vel
253 727 522 771 substitutus
553 726 809 782 suppositus
839 727 906 769 vel
945 728 1207 771 coniunctus
1236 729 1382 773 fuerat
1409 727 1488 771 ad-

155 788 382 838 gregatus:
427 786 536 827 tunc
582 783 697 825 enim
737 795 826 825 non
869 781 1146 836 deficiebant,
1191 785 1267 828 sed
1306 785 1363 828 ad
1390 784 1488 827 illos

154 839 494 894 perveniebant:
537 837 659 881 nullo
702 838 953 892 gravamine
993 839 1078 882 nisi
1117 853 1298 894 perraro
1327 840 1374 884 in
1402 840 1489 883 hoc

156 897 213 938 3a
267 907 348 950 pro
378 907 467 938 non
496 893 661 949 scripto
691 895 1041 949 superveniente.
1102 895 1229 950 Quod
1263 903 1306 940 et
1335 899 1490 939 nostra

154 949 362 994 maiestas
392 950 516 1015 quasi
546 949 754 1005 antiquae
784 950 1113 994 benevolentiae
1145 956 1489 995 consentaneum

155 1009 201 1049 et
228 1005 421 1049 naturali
448 1005 620 1049 ratione
658 1005 894 1049 subnixum
932 1007 1146 1050 intactum
1185 1014 1318 1063 atque
1345 1007 1488 1050 illiba-

153 1065 246 1104 tum
287 1061 504 1117 praecipit
547 1060 762 1104 custodiri
807 1062 851 1105 in
889 1076 1015 1106 omne
1055 1076 1210 1107 aevum
1239 1063 1486 1106 valiturum.

155 1120 179 1159 4
237 1116 325 1161 Pro
356 1117 547 1160 secundo
577 1130 680 1160 vero
718 1117 893 1170 ordine,
937 1119 983 1161 in
1027 1133 1112 1175 (100
1155 1133 1207 1162 00
1243 1122 1487 1168 vertuntur,

153 1184 266 1227 quae
307 1172 353 1216 in
391 1185 525 1216 causa
564 1173 721 1216 caduci
763 1173 857 1216 fieri
903 1175 1205 1230 contingebat,
1252 1180 1375 1218 vetus
1418 1174 1487 1216 ius

153 1228 420 1284 corrigentes
451 1229 674 1272 sancimus
706 1241 779 1283 ea,
823 1244 935 1285 (1000
970 1231 1034 1274 ita
1073 1231 1319 1281 evenerint,
1359 1228 1490 1272 simili

152 1283 326 1338 quidem
353 1284 483 1328 modo
513 1297 689 1328 manere
718 1286 839 1340 apud
870 1299 967 1339 000,
1006 1299 1033 1330 0
1072 1287 1232 1342 (1011100
1273 1291 1376 1330 0001,
1413 1285 1488 1328 de-

150 1339 325 1393 relicta,
369 1340 553 1384 heredes
592 1340 709 1385 forte
744 1343 813 1385 vel
852 1342 1087 1397 legatarios
1124 1343 1193 1385 vel
1234 1342 1368 1394 alios,
1415 1340 1489 1396 qui

149 1393 483 1440 fideicommisso
513 1397 689 1452 gravari
719 1404 918 1453 possunt,
946 1399 1031 1442 nisi
1061 1404 1103 1441 et
1129 1399 1176 1440 in
1200 1398 1319 1441 hunc
1338 1410 1488 1441 casum

148 1450 218 1494 vel
261 1451 528 1496 substitutus
567 1453 636 1496 vel
679 1454 944 1497 coniunctus
990 1467 1066 1497 eos
1110 1453 1366 1497 antecedat:
1410 1452 1489 1496 sed

149 1519 300 1552 omnes
337 1520 566 1564 personas,
607 1509 767 1564 quibus
807 1509 978 1553 lucrum
1015 1522 1097 1564 per
1135 1509 1254 1552 hunc
1291 1508 1488 1552 ordinem

147 1561 366 1618 defertur,
406 1576 482 1607 eas
524 1564 656 1607 etiam
687 1577 923 1620 gravamen
953 1564 1070 1619 quod
1100 1565 1156 1607 ab
1185 1564 1312 1607 initio
1342 1563 1490 1606 fuerat

149 1618 424 1673 complexum
453 1620 700 1664 omnimodo
733 1620 907 1673 sentire,
939 1621 1029 1662 sive
1057 1619 1103 1661 in
1129 1619 1273 1662 dando
1299 1619 1356 1662 sit
1382 1632 1486 1662 con-

147 1673 351 1717 stitutum
389 1675 479 1718 sive
517 1675 563 1718 in
603 1675 866 1731 quibusdam
908 1674 1122 1717 faciendis
1161 1675 1230 1717 vel
1268 1675 1314 1716 in
1356 1675 1486 1718 modo

145 1730 215 1773 vel
243 1730 514 1774 condicionis
542 1730 790 1786 implendae
817 1730 960 1784 gratia
988 1730 1056 1772 vel
1093 1729 1181 1772 alia
1210 1743 1486 1784 quacumque

145 1785 214 1828 via
243 1785 550 1839 excogitatum.
610 1797 751 1839 neque
788 1785 902 1828 enim
941 1784 1150 1828 ferendus
1196 1790 1263 1828 est
1304 1785 1366 1835 is,
1413 1786 1488 1839 qui

143 1841 317 1884 lucrum
347 1840 519 1894 quidem
547 1840 840 1895 amplectitur,
872 1852 985 1883 onus
1016 1844 1166 1883 autem
1197 1841 1238 1883 01
1267 1840 1486 1884 adnexum

143 1899 167 1937 5
227 1894 479 1938 contemnit.
525 1894 577 1937 In
606 1895 842 1939 novissimo
870 1899 1020 1939 autem
1046 1896 1248 1946 articulo,
1282 1896 1357 1938 ubi
1382 1909 1485 1950 pro-

140 1949 238 2006 prie
267 1948 436 1993 caduca
463 1949 644 2002 fiebant,
675 1950 919 1994 secundum
950 1950 1070 2005 quod
1098 1951 1410 2006 praediximUS‚
1443 1957 1486 1994 et

141 2005 303 2049 clausis
346 2005 510 2049 tabulis
561 2009 654 2049 tam
707 2006 896 2051 existere
946 2007 1130 2051 heredes
1176 2020 1309 2062 quam
1352 2020 1485 2062 posse

140 2061 274 2116 adire,
305 2060 396 2104 sive
425 2074 481 2105 ex
507 2066 637 2160 parte
668 2063 757 2105 sint
787 2062 878 2106 sive
908 2074 962 2105 ex
993 2076 1092 2107 asse
1122 2063 1338 2114 instituti,
1383 2076 1484 2106 cen-

141 2129 288 2161 semus
318 2120 364 2160 et
392 2117 484 2161 dies
531 2123 759 2172 egatorum
789 2123 833 2162 et
857 2119 1298 2163 fideicommissorum
1326 2132 1484 2162 secun-

142 2174 244 2217 dum
273 2172 390 2229 quod
417 2173 716 2230 praediximus
746 2187 774 2217 a
803 2180 944 2218 morte
975 2175 1172 2219 defuncti
1198 2175 1375 2218 cedere:
1408 2176 1483 2218 he—

142 2229 371 2273 reditatem
415 2229 598 2283 etenim,
644 2230 729 2273 nisi
771 2229 907 2274 fuerit
943 2231 1077 2283 adita,
1122 2231 1364 2274 1100011111,ῖί
1403 2244 1485 2274 000

144 2290 309 2328 veteres
340 2284 644 2329 concedebant
671 2299 756 2330 nec
785 2300 866 2331 nos
895 2287 1102 2342 patimur,
1140 2288 1336 2342 exceptis
1367 2287 1485 2331 vide-

140 2341 245 2384 licet
272 2341 509 2385 liberorum
535 2342 752 2396 personis,
778 2342 832 2386 de
857 2343 1016 2397 quibus
1043 2343 1356 2387 Theodosiana
1385 2344 1485 2386 lex2

141 2409 276 2452 super
303 2397 554 2440 huiusmodi
585 2398 731 2442 causis
769 2398 951 2441 inducta
980 2398 1198 2454 loquitur:
1240 2399 1308 2441 his
1348 2399 1484 2442 nihilo

139 2453 299 2504 minus,
331 2465 444 2508 quae
474 2465 609 2508 super
636 2453 719 2507 his,
756 2454 831 2519 qui
860 2454 1154 2498 deliberantes
1185 2455 1242 2498 ab
1272 2455 1356 2498 1100
1385 2455 1485 2498 1000

62 2542 67 2546 .
140 2509 330 2564 migrant
341 2510 370 2562 ³,
412 2521 439 2551 a
473 2509 602 2552 nobis
645 2515 888 2553 constituta
933 2511 1076 2561 sunt⁴‚
1120 2511 1167 2554 in
1206 2523 1286 2554 suo
1324 2511 1484 2554 robore

142 2569 166 2609 6
224 2565 459 2608 mansuris.
503 2565 810 2609 Libertatibus
827 2567 984 2621 procul
1000 2566 1135 2610 dubio
1160 2572 1204 2610 et
1227 2571 1330 2622 post
1352 2579 1482 2621 prae-

141 2624 309 2666 sentem
345 2620 618 2665 sanctionem
657 2625 842 2677 propter
880 2622 951 2665 sui
980 2625 1207 2675 naturam,
1245 2635 1359 2678 quae
1389 2623 1482 2665 adi-

140 2677 304 2720 tionem
346 2676 520 2720 heredis
564 2680 792 2732 expectat,
838 2679 894 2721 ab
940 2678 1060 2722 adita
1105 2678 1350 2721 hereditate
1394 2691 1483 2721 una

142 2746 240 2776 cum
268 2732 380 2785 aliis,
421 2745 532 2787 quae
562 2733 698 2776 servis
730 2733 777 2776 in
809 2737 1074 2777 testamento
1104 2735 1383 2778 manumissis
1413 2735 1483 2778 vel

141 2793 197 2834 δα
254 2788 350 2832 01110
391 2788 548 2842 legatis
590 2788 746 2832 relicta
783 2792 911 2844 sunt,
956 2791 1320 2844 competentibus
1389 2790 1482 2833 Ex-

141 2848 270 2900 cepto
310 2843 443 2887 etiam
480 2857 565 2887 usu
604 2844 775 2898 fructu,
817 2845 892 2900 qui
922 2845 992 2889 sui
1021 2851 1182 2889 natura
1211 2845 1267 2889 ad
1297 2846 1481 2890 heredes

137 2899 340 2956 legatarii
381 2899 622 2943 transmitti
665 2913 756 2944 non
798 2901 969 2957 patitur
1007 2904 1053 2945 et
1091 2915 1234 2957 neque
1274 2914 1301 2945 a
1339 2906 1482 2946 morte

136 2955 363 3000 testatoris
408 2969 549 3020 neque
590 2956 648 3000 ab
693 2956 815 3000 adita
864 2957 1121 3011 hereditate,
1168 2963 1381 3013 quantum
1425 2959 1482 3002 ad

137 3011 190 3056 eb
247 3011 638 3063 transmisslonem,
671 3011 762 3056 dies
793 3013 886 3056 01110
918 3014 1046 3057 cedit.
1107 3013 1195 3057 Sed
1234 3014 1345 3057 haec
1383 3015 1481 3070 (101-

138 3067 236 3111 (1010
261 3067 407 3111 omnia
431 3069 478 3111 in
499 3067 567 3111 his
593 3069 820 3114 observari
844 3070 1066 3113 sancimus
1094 3070 1336 3113 secundum
1351 3084 1480 3126 prae-

137 3123 276 3167 fatam
305 3123 660 3179 dispositionem,
700 3137 813 3179 quae
853 3138 964 3180 pure
994 3127 1062 3169 vel
1089 3126 1136 3168 in
1166 3126 1280 3169 diem
1311 3132 1480 3170 certum

141 3183 162 3220 7
222 3178 378 3224 relicta
407 3178 587 3222 fuerint.
635 3179 713 3222 Sin
743 3185 891 3223 autem
921 3181 1086 3234 aliquid
1116 3182 1198 3224 sub
1221 3182 1480 3226 condicione

139 3234 415 3288 relinquatur
458 3234 525 3276 vel
569 3235 738 3277 casuali
781 3236 851 3278 vel
904 3237 1171 3290 potestativa
1214 3237 1285 3279 vel
1327 3238 1476 3287 mixta,

140 3302 324 3346 quarum
359 3291 541 3332 eventus
581 3302 636 3332 ex
662 3290 844 3333 fortuna
871 3292 939 3334 vel
969 3304 1023 3334 ex
1052 3291 1295 3334 honoratae
1324 3305 1477 3347 perso-

140 3358 224 3389 nae
253 3345 479 3389 voluntate
508 3345 576 3388 vel
615 3357 669 3388 ex
709 3348 898 3400 utroque
927 3347 1140 3401 pendeat,
1181 3347 1250 3389 vel
1290 3348 1372 3391 sub
1410 3348 1476 3390 10-

141 3406 262 3445 certa
284 3400 368 3452 die,
400 3405 635 3456 expectare
658 3406 834 3457 oportet
859 3401 1128 3446 condicionis
1153 3407 1367 3454 eventum,
1395 3405 1477 3448 sub

139 3470 227 3514 qua
255 3456 390 3500 fuerit
419 3456 688 3509 derelictum,
718 3457 785 3500 vel
817 3456 952 3510 diem,
987 3463 1036 3501 ut
1065 3460 1172 3500 tunc
1204 3458 1344 3511 cedat,
1378 3472 1478 3503 cum

139 3514 237 3557 vel⁵
281 3512 479 3563 condicio
522 3513 757 3567 impleatur
794 3513 862 3556 vel
906 3513 1000 3557 dies
1038 3513 1235 3557 incertus
1265 3514 1476 3559 extiterit.

139 3568 258 3624 quod
287 3569 323 3612 si
350 3568 398 3611 in
426 3568 568 3612 medio
598 3568 659 3620 is,
700 3568 774 3623 qui
803 3581 857 3612 ex
887 3571 1150 3613 testamento
1179 3569 1350 3612 lucrum
1381 3583 1476 3613 sor-

138 3625 248 3668 titus
277 3629 367 3676 est,
407 3623 592 3667 decedat
619 3624 687 3667 vel
721 3637 771 3667 eo
803 3625 1044 3680 superstite
1075 3625 1273 3668 condicio
1304 3625 1475 3670 defece-

138 3681 211 3731 rit,
242 3680 341 3732 hoc,
373 3679 490 3735 quod
517 3679 614 3723 ideo
646 3693 735 3723 non
764 3681 1031 3735 praevaluit,
1072 3693 1248 3724 manere
1278 3681 1475 3736 disponi·

138 3749 235 3780 mus
279 3735 411 3780 simili
446 3735 574 3779 modo
604 3736 724 3791 apud
762 3749 851 3788 eos,
890 3749 916 3779 a
953 3737 1114 3792 quibus
1152 3737 1353 3779 relictum
1393 3742 1473 3791 est,

139 3791 226 3835 nisi
254 3794 300 3835 et
325 3791 398 3834 hic
427 3791 499 3835 uel
528 3791 791 3835 substitutus
823 3793 1026 3836 relictum
1051 3792 1245 3847 accipiat
1272 3792 1340 3836 vel
1368 3806 1474 3837 con-

138 3848 316 3891 iunctus
357 3847 446 3890 sive
485 3847 612 3890 heres
642 3847 732 3891 sive
759 3847 998 3902 legatarius
1027 3848 1113 3892 hoc
1142 3849 1225 3892 sibi
1255 3848 1474 3904 adquirat,

140 3917 239 3947 cum
269 3902 378 3946 certi
405 3902 514 3946 iuris
544 3903 604 3946 sit
632 3908 676 3946 et
703 3903 751 3946 in
779 3903 1130 3948 institutionibus
1168 3910 1212 3948 et
1247 3904 1401 3960 legatis
1431 3910 1476 3948 et

139 3957 488 4003 fideicommissis
533 3962 578 4002 et
620 3959 772 4002 mortis
817 3971 954 4004 causa
992 3959 1304 4004 donationibus
1343 3972 1475 4016 posse

141 4020 163 4058 8
189 4031 194 4037 ·
223 4014 444 4059 substitui.
513 4014 600 4057 Sed
643 4019 692 4057 ut
728 4014 1053 4067 manifestetur,
1097 4029 1179 4071 pro
1220 4029 1307 4071 qua
1348 4021 1476 4071 parte

139 4083 316 4115 manere
345 4073 519 4126 oportet
547 4070 644 4121 1100,
677 4070 795 4125 quod
819 4070 953 4114 fuerit
977 4071 1208 4122 defectum,
1240 4072 1359 4126 apud
1385 4085 1474 4123 eos,

139 4140 195 4171 ex
223 4127 383 4183 quibus
421 4127 480 4170 sit
516 4125 793 4179 derelictum,
839 4127 1082 4179 sancimus,
1127 4127 1167 4171 si
1205 4128 1378 4182 quidem
1418 4128 1475 4170 ad

140 4183 322 4227 heredes
351 4182 524 4226 lucrum
552 4183 790 4237 perveniat,
820 4195 902 4237 pro
963 4187 1058 4226 arte
1086 4182 1351 4227 hereditaria
1379 4183 1475 4227 fieri

139 4239 233 4283 eius
273 4238 649 4290 distributionem,
697 4250 796 4280 cum
835 4241 881 4281 et
918 4250 945 4280 a
1013 4238 1122 4293 ipsis
1162 4239 1293 4282 simili
1330 4239 1473 4293 modo,

139 4295 180 4337 si
207 4294 429 4347 valuisset,
459 4299 773 4350 praestaretur,
804 4293 889 4337 nisi
917 4294 1174 4337 nominatim
1204 4295 1259 4338 ab
1291 4308 1378 4339 uno
1404 4296 1473 4338 vel

140 4362 195 4393 ex
220 4349 352 4394 certis
375 4349 610 4394 heredibus
635 4349 780 4393 fuerat
799 4349 1024 4393 relictum:
1054 4354 1162 4393 tunc
1177 4350 1304 4404 enim,
1322 4364 1471 4406 quem-

142 4405 375 4450 admodum
413 4406 532 4450 solus
562 4406 631 4450 vel
667 4405 750 4449 soli
779 4407 1090 4462 praestabant,
1128 4405 1194 4449 ita.
1228 4410 1272 4450 et
1299 4407 1472 4451 lucrum

144 4548 193 4598 11)
223 4557 247 4584 a
277 4541 329 4594 R,
359 4561 430 4586 om.
467 4546 503 4588 C
623 4547 678 4600 (2)
709 4548 748 4597 6,
779 4555 838 4597 52,
868 4555 884 4587 1

143 4605 212 4640 tur
247 4601 288 4645 C.
317 4601 540 4652 migrantes
573 4602 633 4642 R⁰
719 4603 773 4655 (4)
803 4604 841 4651 6,
873 4610 931 4651 30,
962 4611 1002 4643 19

142 4657 242 4698 dant
271 4655 334 4695 vel
370 4658 412 4706 C,
449 4657 594 4697 cedant
623 4658 686 4698 vel
716 4671 808 4697 cum
837 4658 878 4698 R

226 4725 268 4761 u.

1011 4547 1065 4597 (3)
1092 4548 1152 4587 sic
1180 4543 1254 4598 Rb,
1289 4546 1470 4598 migran-

1097 4601 1152 4652 (5)
1181 4603 1239 4642 sic
1269 4604 1375 4652 deta,
1407 4615 1469 4642 ce-

1019 4656 1076 4709 (6)
1116 4656 1167 4698 ab
1196 4657 1385 4698 heredem
1428 4659 1470 4708 C,

1485 179 1580 241 281

2728 183 2800 241 VI
2839 190 2896 240 51

1578 342 1633 382 Sa
1691 339 1896 383 sentiant.
1966 337 2042 381 Sin
2083 344 2228 382 autem
2269 341 2463 395 legatarii
2497 343 2561 385 vel
2600 341 2904 384 fideicommis-

1575 395 1679 438 sarii
1723 396 1811 439 sint
1851 395 1918 437 vel
1957 395 2110 438 mortis
2151 408 2288 439 causa
2327 398 2560 441 donatione
2596 398 2801 440 honorati
2837 398 2904 439 vel

1574 451 1661 494 alia
1699 451 1813 495 forte
1850 462 2059 506 persona,
2105 464 2216 506 quae
2253 451 2586 497 fideicommisso
2626 452 2906 508 praegravari

1571 512 1731 561 potest,
1764 513 1807 551 et
1837 506 1922 550 hoc
1953 513 2206 558 evanescat,
2250 521 2427 553 manere
2465 511 2549 553 hoc
2578 508 2698 563 apud
2728 521 2905 550 enume-

1571 569 1695 605 ratas
1734 575 1947 618 personas
1991 562 2211 606 sancimus
2249 577 2330 620 pro
2366 565 2478 608 virili
2517 563 2764 608 omnimodo
2802 575 2904 616 por-

1573 620 1597 658 9
1655 618 1788 671 tione,
1817 619 1864 661 id
1893 622 1961 661 est
1986 631 2068 683 pro
2097 622 2280 663 numero
2309 633 2612 675 personarum.
2662 617 2732 660 Ne
2759 623 2905 659 autem

1570 671 1670 723 hoc,
1711 673 1827 727 quod
1866 686 1955 716 non
1983 674 2255 729 1neleganter
2284 676 2443 718 summi
2470 674 2633 739 ingenii
2659 673 2726 736 vir
2754 671 2906 736 Ulpia-

1570 740 1655 770 nus
1698 728 1745 770 in
1787 728 1872 771 hac
1909 732 2036 783 parte
2079 743 2179 773 cum
2223 731 2341 775 omni
2386 730 2629 774 subtihtate
2674 727 2907 781 dlsposult,

1569 787 1887 837 praetereatur,
1928 787 2084 827 nostra
2121 786 2351 829 sanctione
2388 786 2473 827 hoc
2509 783 2705 839 apertius
2734 781 2907 825 induci-

1572 842 1627 880 9a
1683 849 1796 880 mus,
1858 837 1967 880 Cum
2007 839 2121 881 enim
2157 841 2246 882 iam
2281 839 2517 882 statuimus
2548 840 2658 881 haec
2689 851 2788 880 cum
2818 838 2908 880 suis

1573 892 1782 938 oneribus
1820 892 1878 935 ad
1918 904 2017 934 eum
2054 894 2130 947 qui
2165 895 2364 936 lucretur
2390 893 2633 948 pervenire,
2672 893 2908 942 sancimus,

1572 950 1611 992 si
1649 948 1822 1003 quidem
1859 947 2060 991 condicio
2089 949 2158 990 vel
2187 948 2306 990 aliud
2335 961 2571 1002 gravamen
2599 950 2645 991 in
2675 948 2821 991 dando
2852 949 2910 991 sit

1573 1005 1876 1056 constitutum,
1905 1003 1992 1046 1100
2016 1003 2264 1046 omnimodo
2289 1003 2513 1047 lucrantes
2539 1017 2619 1059 pro
2645 1004 2774 1047 modo
2797 1004 2909 1047 lucri

1573 1060 1624 1103 ab
1684 1071 1938 1114 agnoscere.
2000 1058 2079 1102 Sin
2118 1061 2266 1102 autem
2303 1059 2350 1102 in
2387 1059 2592 1103 faciendo
2632 1060 2797 1114 aliquid
2831 1060 2909 1102 im-

1570 1117 1766 1172 positum
1807 1119 1890 1167 est,
1936 1116 1974 1158 si
2017 1114 2192 1213 ἓο1110111
2234 1115 2320 1159 hoc
2366 1120 2409 1159 et
2446 1128 2526 1170 per
2564 1116 2698 1159 alium
2737 1116 2911 1171 impleri

1570 1173 1733 1228 possit,
1775 1171 1906 1215 simili
1943 1185 2013 1214 mo
2047 1184 2072 1214 o
2112 1174 2159 1214 et
2196 1184 2223 1214 a
2257 1171 2459 1214 lucrante
2488 1172 2687 1226 agnosci,
2728 1175 2838 1227 puta
2873 1172 2912 1215 si

1571 1229 1790 1272 honorata
1818 1240 2008 1283 persona
2036 1227 2245 1277 iubeatur
2272 1227 2463 1271 insulam
2486 1229 2555 1272 vel
2580 1231 2912 1272 monumentum

1571 1285 1640 1328 vel
1675 1283 1798 1327 aliud
1834 1284 1923 1326 tale
1961 1284 2051 1327 suis
2090 1283 2340 1339 sumptibus
2378 1283 2526 1327 facere
2555 1285 2624 1328 vel
2662 1283 2815 1327 heredi
2843 1284 2912 1327 vel

1571 1340 1782 1395 legatario
1822 1341 1890 1383 vel
1929 1339 2002 1382 alii
2040 1339 2178 1391 forte,
2218 1352 2347 1394 quem
2382 1344 2569 1384 testator
2606 1339 2806 1392 voluerit,
2843 1340 2912 1383 vel

1571 1409 1662 1439 rem
1703 1397 1759 1440 ab
1795 1395 1987 1439 1101οᾶοὓ
2024 1395 2248 1439 testatoris
2281 1408 2423 1439 emere
2451 1396 2519 1440 vel
2548 1396 2814 1440 locationem
2843 1395 2912 1439 vel

1570 1452 1896 1495 fideiussionem
1926 1452 2097 1505 subire,
2139 1455 2184 1494 et
2222 1452 2259 1494 si
2298 1452 2402 1507 quid
2431 1452 2685 1496 huiusmodi
2712 1451 2823 1495 facti
2852 1452 2911 1495 si-

1570 1508 1671 1550 mile
1702 1509 1778 1551 sit:
1820 1507 1928 1551 nihil
1957 1507 2118 1550 etenim
2147 1507 2304 1560 refert,
2347 1509 2436 1551 sive
2465 1521 2547 1563 per
2577 1521 2698 1561 eum,
2739 1508 2793 1551 de
2823 1521 2910 1563 quo

1570 1568 1759 1607 testator
1801 1563 1978 1607 locutus
2017 1568 2105 1617 est,
2152 1564 2243 1606 sive
2280 1577 2361 1618 per
2397 1565 2533 1607 alium
2570 1564 2765 1608 eiusdem
2797 1564 2912 1608 lucri

1572 1624 1623 1662 90
1692 1631 1994 1663 successorem
2037 1619 2342 1674 adimpleatur.
2418 1619 2493 1663 Sin
2538 1634 2639 1664 vero
2687 1621 2790 1664 talis
2842 1626 2911 1664 est

1570 1676 1803 1718 verborum
1835 1675 2066 1728 conceptio
2091 1677 2135 1717 et
2158 1674 2267 1718 facti
2290 1678 2463 1728 natura,
2495 1682 2544 1719 ut
2570 1676 2688 1731 quod
2709 1676 2912 1720 relictum

1570 1736 1640 1774 est
1679 1732 1734 1772 ab
1771 1730 1858 1773 alio
1896 1729 2125 1784 adimpleri
2153 1743 2243 1773 non
2272 1730 2429 1785 possit,
2467 1736 2587 1785 tunc,
2629 1731 2712 1775 etsi
2740 1732 2911 1776 lucrum

1570 1786 1627 1828 ad
1657 1786 1846 1840 aliquem
1875 1785 2146 1839 pervenerit,
2189 1798 2278 1828 1100
2314 1790 2462 1829 tamen
2500 1791 2545 1830 et
2576 1799 2813 1841 gravamen
2843 1801 2910 1830 se-

1570 1841 1667 1896 qui,
1714 1841 1817 1895 quia
1860 1841 1946 1883 hoc
1989 1853 2130 1895 neque
2173 1840 2274 1896 ipsa
2317 1847 2478 1885 natura
2523 1843 2727 1886 concedit
2769 1856 2912 1898 neque

1569 1900 1758 1939 testator
1785 1896 1983 1939 voluerit.
2047 1895 2151 1950 quid
2182 1897 2318 1948 enim,
2360 1898 2397 1940 si
2435 1898 2614 1941 iusserit
2644 1911 2742 1941 eum
2771 1899 2818 1942 in
2847 1899 2911 1942 lo-

1571 1965 1670 1995 cum
1710 1957 1880 1995 certum
1913 1952 2042 1995 -abire
2080 1952 2149 1994 vel
2187 1952 2443 1997 liberalibus
2484 1954 2640 1998 studiis
2679 1954 2816 1998 imbui
2845 1955 2914 1998 vel

1569 2007 1743 2051 domum
1786 2007 1878 2051 suis
1918 2008 2119 2052 manibus
2159 2013 2362 2052 extruere
2391 2011 2459 2052 vel
2494 2009 2676 2065 pingere
2707 2010 2772 2053 vel
2801 2024 2912 2055 uxo-

1568 2075 1663 2107 rem
1707 2063 1897 2107 ducere?
1970 2077 2085 2119 quae
2138 2065 2285 2108 omnia
2339 2066 2565 2110 testatoris
2618 2067 2823 2111 voluntas
2866 2067 2912 2110 in

1567 2119 1707 2175 ipsius
1738 2120 1875 2163 solius
1905 2133 2097 2175 persona
2126 2121 2394 2176 intellegitur
2424 2123 2716 2175 conclusisse,
2757 2124 2828 2166 cui
2869 2127 2912 2167 et

1569 2175 1628 2218 ed
1684 2189 1811 2219 suam
1854 2176 2203 2220 munificentiam
2247 2178 2538 2233 relinquebat.
2613 2178 2665 2221 In
2710 2179 2911 2224 omnibus

1567 2232 1771 2275 videlicet
1800 2232 1886 2275 hoc
1917 2233 2157 2284 obtinente,
2189 2235 2240 2275 ut
2261 2246 2340 2289 pro
2368 2234 2500 2277 simili
2520 2239 2651 2290 parte
2675 2239 2719 2278 et
2739 2235 2910 2279 lucrum

1568 2288 1761 2331 sentiant
1791 2292 1835 2331 et
1862 2301 2108 2342 gravamen,
2139 2290 2216 2333 ubi
2242 2289 2327 2332 hoc
2351 2290 2495 2344 possit
2518 2291 2772 2345 procedere,
2804 2292 2909 2334 sub—

1568 2348 1620 2387 90
1678 2347 1792 2386 eant.
1853 2344 1916 2387 Et
1944 2344 2028 2388 hoc
2057 2344 2202 2387 locum
2232 2344 2395 2389 11011010
2429 2347 2545 2389 omni
2575 2346 2751 2401 quidem
2780 2348 2909 2391 modo

1567 2399 1613 2441 in
1642 2399 1732 2453 his,
1772 2412 1886 2454 (1000
1925 2400 1970 2442 10
2011 2413 2146 2443 00000
2186 2401 2342 2443 caduci
2370 2402 2437 2445 vel
2469 2401 2638 2445 caduca
2669 2402 2910 2446 secuudum

1569 2455 1686 2510 quod
1716 2467 1853 2510 supra
1882 2455 2048 2498 dictum
2078 2459 2146 2499 est
2174 2455 2363 2500 fiebant:
2403 2458 2448 2499 10
2487 2471 2568 2512 pro
2610 2471 2700 2501 non
2730 2459 2908 2514 scriptis

1567 2514 1716 2554 autem
1760 2523 1849 2554 non
1894 2512 2116 2565 omnibus,
2162 2511 2240 2555 sed
2283 2513 2564 2567 quibusdam,
2611 2514 2714 2569 quia
2757 2527 2909 2558 eorum

1568 2567 1804 2622 quaedam,
1843 2567 1926 2610 etsi
1956 2568 2062 2610 talia
2093 2573 2215 2622 sunt,
2254 2572 2402 2612 tamen
2433 2583 2530 2612 cum
2561 2583 2642 2613 suo
2674 2583 2806 2614 onere
2835 2583 2907 2614 ve·

1567 2623 1761 2675 mebant,
1793 2636 1905 2677 quae
1936 2626 1982 2666 et
2011 2637 2090 2667 nos
2120 2624 2166 2666 in
2195 2625 2297 2667 novi
2325 2625 2434 2668 iuris
2462 2626 2778 2681 compositione
2809 2639 2907 2682 spe-

1568 2679 1736 2722 cialiter
1779 2679 2025 2722 enumerari
2068 2679 2303 2735 iussimus,
2358 2693 2414 2724 ne
2458 2681 2555 2736 quis
2599 2683 2756 2725 veteris
2801 2683 2909 2726 iuris

1567 2735 1864 2790 prolixitatem
1896 2736 2022 2790 quasi
2052 2736 2186 2780 rebus
2219 2737 2516 2780 necessariam
2546 2738 2615 2781 vel
2643 2751 2724 2793 pro
2757 2751 2908 2782 eorum

1571 2796 1619 2833 10
1678 2791 1874 2834 revolvat
1904 2791 2102 2834 scientia.
2162 2792 2244 2839 His
2274 2793 2337 2835 ita
2374 2792 2586 2847 definitis,
2629 2806 2728 2837 cum
2757 2793 2804 2837 in
2833 2807 2907 2838 su-

1564 2846 1740 2901 periore
1784 2851 1910 2902 parte
1954 2850 2134 2892 nostrae
2181 2848 2424 2892 sanctionis
2466 2849 2512 2892 10
2556 2849 2756 2905 plurimis
2798 2851 2908 2894 10010

1567 2902 1794 2946 000100011
1815 2902 1999 2948 fecimus
2024 2904 2303 2957 mentionem,
2332 2905 2631 2948 necessarium
2656 2918 2752 2949 esse
2779 2906 2907 2950 duxi-

1565 2971 1662 3002 mus
1701 2971 1870 3002 omnem
1908 2959 2227 3015 inspectionem
2267 2961 2518 3005 huiusmodi
2557 2960 2734 3005 articuli
2772 2963 2906 3006 latius

1564 3020 1610 3058 et
1648 3028 1747 3058 cum
1786 3015 2015 3059 subtiliore
2045 3019 2242 3060 tractatu
2272 3017 2494 3069 dirimere,
2534 3021 2586 3059 ut
2618 3017 2676 3060 sit
2705 3018 2905 3061 omnibus

1573 3075 1651 3113 loa
1719 3077 1761 3114 et
1812 3071 1898 3114 hoc
1953 3072 2229 3127 apertissime
2273 3073 2575 3116 constitutum.
2645 3072 2747 3116 Non
2791 3074 2904 3116 enim

1565 3132 1738 3169 tantum
1770 3128 2046 3171 coniunctivo
2077 3128 2206 3170 modo
2233 3128 2447 3193 quaedam
2471 3128 2795 3183 relinquuntur,
2827 3129 2905 3172 sed

1566 3181 1697 3225 etiam
1729 3182 2004 3226 disiunctivo.
2063 3183 2110 3225 10
2140 3182 2210 3227 1110
2239 3188 2409 3238 ltaque,
2455 3184 2492 3226 si
2522 3183 2694 3239 quidem
2725 3185 2902 3228 cohere-

1565 3238 1640 3280 des
1671 3244 1775 3280 sunt
1804 3251 1955 3280 omnes
1988 3239 2256 3281 coniunctim
2286 3239 2354 3281 vel
2394 3252 2544 3283 omnes
2582 3239 2828 3283 disiunctim
2859 3244 2904 3284 et

1562 3294 1633 3339 vel
1662 3293 1851 3335 instituti
1881 3294 1949 3336 vel
1978 3294 2223 3346 substituti,
2254 3294 2352 3346 hoc,
2386 3295 2504 3349 quod
2532 3294 2668 3339 fuerit
2696 3299 2903 3362 (100(100·1

1564 3348 1690 3391 modo
1722 3353 1978 3397 vacuatum,
2018 3350 2055 3391 si
2084 3350 2129 3391 in
2159 3355 2286 3404 parte
2316 3350 2572 3394 hereditatis
2602 3351 2670 3395 vel
2697 3353 2901 3407 partibus

1564 3405 1799 3455 consistat,
1841 3404 1938 3447 aliis
1977 3405 2268 3449 coheredibus
2300 3419 2397 3449 cum
2429 3419 2510 3450 0110
2539 3407 2791 3462 gravamine
2820 3422 2901 3464 pro

1562 3459 1828 3503 hereditaria
1856 3463 2005 3514 parte,
2049 3461 2217 3505 etiamsi
2256 3463 2343 3504 iam
2375 3462 2571 3506 defuncti
2601 3468 2716 3518 sunt,
2748 3464 2899 3520 adqui-

1568 3515 1642 3558 1οὒ
1701 3519 1840 3558 ratur.
1907 3515 1969 3558 Et
2005 3515 2090 3559 hoc
2130 3518 2204 3560 et⁸
2241 3518 2494 3562 nolentibus
2539 3519 2635 3573 ipso
2680 3519 2775 3563 iure
2822 3521 2898 3563 ad-

1563 3575 1755 3624 crescat,
1798 3571 1836 3613 si
1875 3584 1979 3615 suas
2020 3572 2244 3627 portiones
2280 3573 2368 3616 iam
2407 3575 2676 3629 agnoverint,
2714 3589 2813 3619 cum
2842 3577 2900 3618 sit

1561 3626 1802 3669 absurdum
1831 3627 2025 3670 eiusdem
2054 3628 2310 3673 hereditatis
2339 3635 2511 3685 partem
2541 3630 2714 3686 quidem
2739 3644 2897 3687 agnos-

1562 3694 1673 3736 cere,
1717 3687 1886 3737 partem
1930 3696 2033 3727 vero
2069 3697 2291 3740 respuere,
2338 3686 2580 3729 secundum
2616 3685 2733 3741 quod
2770 3689 2816 3729 et
2850 3687 2898 3730 in

1561 3737 1716 3780 divinis
1761 3738 1902 3781 nostri
1940 3741 2130 3784 numinis
2170 3741 2467 3785 decisionibus
2509 3746 2722 3784 statutum
2766 3745 2894 3787 est⁸⁸.

1565 3797 1642 3835 100
1700 3793 1778 3836 Sin
1822 3806 1924 3837 vero
1969 3794 2143 3848 quidam
2192 3808 2245 3839 ex
2288 3795 2524 3839 heredibus
2568 3795 2783 3839 institutis
2827 3797 2896 3839 vel

1559 3848 1810 3892 substitutis
1841 3849 2046 3903 permixti
2084 3855 2187 3893 sunt
2226 3854 2271 3894 et
2299 3851 2374 3894 alii
2404 3851 2670 3894 coniunctim
2701 3850 2776 3893 alii
2805 3851 2893 3894 dis-

1558 3904 1740 3947 iunctim
1784 3905 2027 3959 nuncupati
2070 3911 2175 3949 sunt
2188 3907 2217 3959 ⁹,
2263 3906 2301 3949 si
2341 3907 2512 3962 quidem
2552 3918 2606 3948 ex
2647 3906 2894 3949 coniunctis

1560 3959 1718 4014 aliquis
1748 3959 1942 4008 deficiat,
1979 3961 2063 4004 hoc
2104 3962 2351 4005 omnimodo
2389 3962 2446 4004 ad
2481 3962 2598 4004 solos
2632 3961 2893 4004 coniunctos

1560 4028 1660 4058 cum
1689 4028 1770 4058 suo
1802 4016 1948 4059 veniat
1978 4028 2130 4071 onere,
2170 4017 2215 4060 id
2256 4023 2324 4060 est
2353 4030 2433 4072 pro
2463 4020 2590 4071 parte
2619 4016 2891 4071 hereditatis,

1564 4070 1647 4113 lod
1702 4083 1814 4124 quae
1850 4072 1905 4114 ad
1943 4084 2017 4115 eos
2055 4073 2268 4128 pervenit.
2329 4073 2404 4116 Sin
2434 4078 2578 4115 autem
2610 4085 2664 4115 ex
2691 4071 2775 4125 his,
2817 4073 2893 4127 qui

1559 4126 1811 4170 disiunctim
1853 4127 2007 4182 scripti
2059 4133 2187 4181 sunt,
2241 4128 2397 4182 aliquis
2415 4129 2450 4154 ¹⁰
2502 4131 2759 4180 evanescat,
2805 4127 2891 4171 hoc

1558 4195 1648 4225 non
1686 4181 1743 4225 ad
1786 4183 1903 4226 solos
1951 4182 2218 4239 disiunctos,
2259 4184 2335 4227 sed
2374 4183 2431 4226 ad
2468 4195 2618 4226 omnes
2658 4188 2748 4226 tam
2785 4195 2888 4227 con-

1557 4238 1731 4281 iunctos
1776 4250 1907 4293 quam
1951 4239 2196 4284 disiunctos
2245 4239 2441 4283 similiter
2489 4251 2588 4281 cum
2632 4251 2713 4282 suo
2757 4250 2890 4282 onere

1562 4298 1637 4337 loe
1692 4306 1773 4348 pro
1810 4294 2013 4349 portione
2055 4296 2310 4339 hereditatis
2353 4294 2592 4358 perveniat.
2661 4294 2783 4337 Haec
2826 4293 2890 4337 ita

1556 4351 1647 4392 tam
1698 4349 1840 4402 varie,
1887 4350 1991 4405 quia
2039 4351 2262 4394 coniuncti
2304 4349 2476 4405 quldem
2519 4351 2701 4404 propter
2743 4349 2887 4392 unita-

1555 4408 1644 4449 tem
1674 4404 1886 4449 sermonis
1916 4407 2042 4462 quasi
2080 4407 2125 4450 in
2160 4419 2295 4450 unum
2325 4418 2486 4461 corpus
2515 4404 2683 4448 redacti
2712 4410 2815 4449 sunt
2844 4410 2889 4448 et

1554 4544 1606 4583 ad
1636 4544 1825 4584 heredem
1857 4546 1897 4585 R
2011 4547 2064 4597 (τ)
2097 4548 2156 4587 sic
2183 4543 2258 4593 Rb,
2297 4555 2459 4596 quoque
2491 4545 2531 4590 C,
2573 4543 2762 4596 quodque
2792 4545 2887 4586 Rfl?

1553 4600 1609 4649 (8)
1639 4600 1679 4638 et
1713 4598 1755 4649 0,
1787 4613 1858 4638 om.
1892 4596 1932 4637 R
2062 4599 2136 4649 (8⁸)
2169 4599 2206 4648 6,
2235 4606 2295 4648 30,
2326 4605 2370 4639 20
2496 4599 2549 4650 (9)
2578 4603 2678 4641 sunt
2711 4600 2754 4650 0,
2782 4601 2880 4641 sunt

1553 4658 1651 4696 tunc
1681 4655 1721 4695 R
1835 4654 1909 4706 (10)
1937 4655 1996 4694 sic
2027 4653 2087 4705 M,
2118 4653 2277 4705 aliquid
2311 4654 2384 4695 CR

2505 4723 2554 4766 36
