3094 4732
123 138 198 188 XI
235 138 314 186 62.
350 133 412 182 63
1321 111 1726 196 L

1229 193 1320 200 --—-

122 286 202 327 bus
230 276 551 336 patrimoniales
576 272 877 336 possessiones
899 283 979 369 per
1004 270 1213 335 Asianam
1241 277 1295 307 ac
1319 263 1436 326 Bon-

120 340 249 380 ticam
288 331 501 376 dioecesin
532 329 599 374 vel
627 340 654 370 a
692 329 817 370 nobis
847 338 898 369 ve
952 339 980 369 a
1010 326 1145 368 divis¹
1182 318 1438 375 parentlbUS

119 389 278 435 nostris
308 398 434 431 sacra
461 383 659 437 largitate
683 382 871 425 donatae
895 383 1012 432 sunt,
1039 379 1301 422 inconcusse
1311 385 1433 481 dios-

124 453 139 489 1
207 444 375 488 sideant
410 444 540 494 atque
577 437 633 480 ad
672 449 775 479 suos
814 438 1014 490 posteros
1052 432 1240 474 mittant.
1350 426 1436 470 uod

120 500 288 556 quidem
318 510 403 540 non
431 495 570 538 solum
591 492 635 534 in
664 490 910 542 heredibus,
941 488 1018 532 sed
1042 492 1086 530 et
1109 486 1152 528 in
1185 487 1436 546 contracto-

118 556 238 599 ribus
263 552 378 597 omni
401 561 555 606 genere
579 548 775 590 volumus
799 544 1025 588 custodiri.
1071 540 1125 584 D.
1143 552 1211 584 111
1229 539 1272 583 lc.
1289 538 1435 597 April.

122 604 504 663 Constantinopoli
518 603 747 647 Ricomere
776 605 819 643 et
836 597 1047 642 Clearcho
1065 609 1207 660 conss.
1261 598 1319 647 [a.
1338 596 1436 660 3813]

174 663 201 710 7
239 663 355 707 Idem
395 666 438 705 et
474 657 694 702 Arcadius
729 655 899 698 AAAA.
944 650 1141 710 Cyneqzo
1169 661 1256 717 pp.
1289 706 1299 715 ³
1331 649 1436 716 Qui-

119 731 302 775 cumque
344 717 400 761 ad
446 711 744 769 emphyteusin
790 708 1026 773 fundorum
1046 706 1438 774 ‘patrimonialium

120 776 185 819 vel
223 776 285 817 rei
323 771 521 827 publicae
557 769 679 812 iussu
716 768 854 809 nostri
890 776 1082 807 numinis
1111 765 1304 815 venerit,
1332 775 1370 806 is
1402 774 1440 808 si

119 828 407 874 redundantia
428 827 699 869 fortunarum
723 821 907 864 idoneus
931 819 1068 863 fuerit
1081 818 1137 862 ad
1151 816 1437 868 restituenda,

120 899 230 941 quae
260 883 441 927 desertis
471 882 582 924 forte
603 875 953 933 possessionibus
978 875 1269 930 requirentur,
1301 874 1438 929 patri-

123 947 138 984 1
199 940 389 983 monium
421 949 543 980 suum
572 933 760 990 publicis
790 931 986 986 implicet
1015 931 1215 975 nexibus.
1259 929 1306 973 Si
1334 941 1438 972 vero

118 997 257 1039 minor
296 992 577 1037 facultatibus
623 987 903 1044 probabitur,
949 986 1063 1030 datis
1105 985 1439 1030 fideiussoribus

118 1051 282 1094 idoneis
308 1049 363 1092 ad
393 1046 690 1103 emphyteusin
714 1043 920 1087 accedat:
950 1043 1192 1086 scientibus
1215 1042 1298 1094 his,
1328 1053 1439 1096 quos

118 1107 268 1149 talium
285 1104 426 1148 rerum
443 1116 548 1146 cura
564 1100 782 1150 sollicitat,
807 1098 850 1141 in
877 1111 924 1142 se
946 1098 1242 1154 neglegentiae
1264 1096 1439 1150 damna,

119 1162 156 1206 si
184 1159 426 1204 huiusmodi
464 1158 606 1202 cautio
637 1155 844 1203 defuerit.
883 1166 981 1198 esse
1019 1153 1238 1198 vertenda.
1297 1151 1353 1196 D.
1392 1163 1443 1195 VJ

120 1217 160 1259 lc.
203 1215 336 1259 Mart.
389 1211 772 1270 Constantinopoli
811 1210 1019 1253 Honorio
1065 1210 1164 1253 nob.
1206 1221 1352 1266 puero
1397 1211 1440 1252 et

120 1271 295 1314 Euodio
326 1283 464 1315 conss.
1253 1268 1307 1316 [a.
1341 1266 1437 1314 386]

174 1324 203 1373 8
234 1325 355 1369 Idem
383 1325 553 1367 AAAA.
584 1321 794 1366 Clearolto
819 1335 897 1379 pp.
959 1320 1118 1364 Omnes
1148 1319 1274 1363 fundi
1302 1318 1439 1375 patri-

118 1380 324 1425 moniales
361 1393 440 1436 per
471 1378 831 1434 Mesopotamiam
871 1380 916 1420 et
953 1376 1223 1420 Osrhoenam
1262 1375 1440 1431 provin·

120 1438 221 1487 cias,
250 1449 362 1491 quos
393 1439 568 1478 constat
596 1434 791 1477 divorum
820 1438 938 1476 retro
968 1432 1217 1488 principum
1246 1432 1438 1476 sanctio-

117 1493 243 1535 nibus
283 1492 404 1534 limiti
439 1490 693 1546 deputatos,
734 1489 789 1532 ad
818 1489 885 1532 ius
922 1489 1154 1544 pristinum
1184 1487 1279 1531 sine
1308 1487 1440 1531 ullius

118 1547 373 1591 adsertionis
418 1551 675 1590 revocentur
722 1544 953 1588 obstaculo
996 1543 1238 1600 praebituri
1280 1543 1439 1595 omnia,

119 1616 230 1658 quae
265 1608 392 1645 antea
430 1601 717 1657 impendenda
758 1600 1097 1644 necessitatibus
1133 1599 1283 1643 limitis
1312 1611 1440 1654 prae-

117 1660 219 1702 bere
260 1662 597 1711 consueverant,
642 1657 704 1699 ita
747 1664 796 1699 ut
836 1656 943 1699 nulli
982 1656 1160 1712 penitus
1187 1655 1440 1707 audiantur,

119 1715 192 1768 qui
222 1720 298 1757 aut
326 1715 540 1769 rescripto
572 1719 649 1756 aut
676 1712 959 1756 adnotatione
989 1711 1226 1756 dominium
1255 1712 1323 1755 vel
1353 1724 1440 1754 em-

120 1770 353 1825 phyteusin
382 1770 447 1812 vel
479 1768 812 1813 conductionem
854 1767 1048 1822 quolibet
1075 1780 1236 1824 genere
1263 1767 1330 1811 Iar
1361 1768 1442 1810 'ta-

115 1826 172 1879 tis
202 1825 254 1868 de
282 1830 433 1868 nostra
461 1825 724 1869 liberalitate
753 1824 1004 1867 meruerint.
1045 1823 1101 1868 D.
1118 1823 1242 1882 prid.
1264 1823 1308 1867 lc.
1384 1823 1441 1866 ai.

120 1879 504 1938 Constantinopoli
520 1881 725 1924 Honorio
742 1895 772 1923 n
808 1887 877 1924 .et
895 1878 1072 1924 Euodio
1094 1893 1237 1923 conss.
1269 1883 1324 1931 [a.
1345 1882 1441 1931 386]

173 1934 204 1982 9
235 1935 376 2002 Impp.
415 1935 635 1980 Arcadius
672 1941 716 1980 et
803 1936 987 1979 onorius
1022 1937 1114 1979 AA.
1156 1933 1442 1992 Eutychiano

113 2006 191 2049 pp.
251 1991 450 2035 Universi
473 1996 742 2048 cognoscant
764 1991 870 2035 nihil
899 1992 1068 2046 privato
1093 1991 1189 2035 iure
1218 1992 1338 2035 salvo
1369 2002 1443 2033 ca-

118 2060 231 2090 none
266 2047 411 2090 fundis
451 2060 516 2091 em
549 2048 607 2091 tis
646 2061 743 2091 cum
781 2047 1160 2103 patrimonialibus
1199 2059 1296 2091 esse
1325 2059 1443 2090 com-

117 2116 265 2155 mune,
305 2103 366 2146 ita
395 2108 444 2146 ut
481 2116 508 2146 a
568 2115 643 2147 eos
672 2116 907 2159 numquam
944 2103 1314 2158 patrimonialium
1343 2101 1443 2145 fun-

118 2158 268 2201 dorum
298 2162 593 2214 peraequator
616 2159 822 2202 accedat:
851 2159 974 2214 gravi
994 2160 1135 2202 multa
1155 2158 1350 2203 feriendo
1376 2170 1443 2210 eo,

117 2214 192 2273 qui
221 2218 386 2257 statuta
406 2217 585 2258 nostrae
608 2215 866 2258 clementiae
895 2227 1031 2259 ausus
1062 2215 1194 2258 fuerit
1214 2217 1439 2258 temerare.

116 2269 171 2313 D.
202 2270 325 2326 prid.
366 2283 469 2316 non.
498 2269 585 2314 Iul.
627 2270 913 2314 Nicomediae
951 2270 1161 2315 Honorio
1191 2271 1242 2314 A.
1273 2281 1365 2314 1111
1399 2275 1445 2313 et

120 2324 403 2382 Eutychiana
433 2339 577 2369 conss.
1254 2330 1310 2378 [a.
1343 2327 1440 2377 398]

174 2379 236 2427 10
269 2380 392 2424 Idem
420 2382 511 2424 AA.
544 2380 831 2439 Eutychiana
862 2397 946 2440 pp.
1007 2381 1190 2425 Fundos
1229 2381 1440 2436 patrimo-

117 2436 253 2479 niales
284 2449 359 2480 eos
390 2437 637 2492 dumtaxat,
675 2437 751 2494 qui
787 2438 906 2482 salvo
938 2450 1107 2482 canone
1144 2437 1241 2480 iure
1269 2437 1441 2493 privato

117 2497 266 2535 nostra
289 2492 548 2536 liberalitate
572 2493 770 2538 concessi
795 2499 909 2546 sunt,
941 2506 1040 2537 cum
1063 2493 1131 2537 his
1156 2492 1440 2549 patrimonia-

116 2547 244 2601 libus,
276 2549 350 2603 qui
373 2550 418 2591 in
449 2548 706 2593 condicione
734 2550 915 2605 propria
940 2550 1170 2594 constituti
1193 2554 1310 2603 sunt,
1339 2549 1441 2593 illu-

117 2603 217 2647 stris
241 2604 481 2648 auctoritas
506 2610 582 2648 tua
603 2606 772 2649 iubebit
796 2605 1044 2661 exaequari,
1074 2606 1138 2649 ita
1158 2609 1209 2649 ut
1232 2605 1440 2658 relevat0,

116 2659 232 2713 quod
260 2660 453 2703 imminet
481 2660 695 2716 fatigatis,
726 2662 987 2705 translatio²
1020 2661 1067 2705 in
1096 2674 1194 2715 eos,
1225 2661 1301 2716 qui
1327 2661 1441 2705 inte·

115 2715 203 2768 gris
220 2715 383 2759 viribus
406 2715 576 2771 florent,
607 2717 848 2773 adscriptio
865 2718 1131 2762 tributorum
1154 2730 1295 2774 aequa
1313 2718 1441 2761 lance

118 2770 345 2814 dividatur.
415 2771 467 2815 D.
499 2784 591 2815 1111
616 2772 672 2816 id.
703 2774 847 2832 April.
881 2773 1270 2831 Constantinopoli
1302 2772 1441 2818 Theo-

118 2825 230 2871 doro
260 2840 379 2870 cons.
1253 2833 1309 2882 [a.
1343 2833 1438 2881 399]

176 2880 233 2926 11
278 2881 421 2940 Impp.
469 2883 702 2928 Honorius
743 2891 787 2929 et
831 2885 1104 2930 Theodosius
1147 2887 1239 2930 AA.
1285 2884 1438 2929 Probo

118 2938 266 2980 comiti
287 2951 520 2983 sacrarum
543 2940 843 2998 lar-qitionum.
888 2942 961 2985 Ius
978 2941 1288 2998 emphyteutici
1309 2953 1439 2997 prae-

117 2992 192 3043 dii,
232 2994 347 3047 quod
385 2995 479 3039 sine
517 2996 796 3052 obligationis
836 2997 1007 3042 vinculo
1049 3002 1315 3042 retentatum
1358 2999 1438 3051 est,

116 3053 264 3092 nostro
295 3050 467 3115 ‘iudicio
520 3052 789 3097 immutabile
841 3054 1079 3109 perdurare
1122 3053 1439 3120 praecipimus:

116 3116 436 3169 possessionem
471 3113 638 3162 autem,
677 3122 790 3164 quae
828 3110 924 3154 sine
952 3110 1220 3165 obligatione
1259 3108 1443 3165 speciali

115 3162 247 3204 tuerit
274 3161 451 3221 vitiosa,
491 3168 710 3209 vetustate
748 3166 959 3221 temporis
987 3167 1188 3210 volumus
1222 3165 1441 3209 adiuvari.

117 3214 168 3258 D.
198 3216 256 3259 id.
287 3218 429 3275 April.
460 3218 699 3265 Ravennae
730 3220 937 3266 Honorio
976 3234 1092 3266 VJJJJ
1117 3228 1161 3266 et
1192 3217 1442 3266 Theodosio

124 3283 149 3311 V
174 3274 264 3315 AA.
296 3285 437 3318 conss.
1254 3281 1311 3330 [a.
1343 3279 1441 3329 412]

173 3326 236 3372 12
270 3327 431 3387 ³Impp.
453 3330 724 3376 Theodosius
747 3341 789 3378 et
816 3333 1155 3379 Valentinianus
1171 3334 1263 3378 ΑΛ.
1291 3332 1441 3376 Tauro

112 3395 189 3438 pp.
219 3388 279 3447 ‘et
320 3386 534 3448 patricio.
615 3388 900 3434 Possessores
944 3390 1012 3434 vel
1062 3387 1444 3446 emphyteuticarii

114 3440 464 3495 patrimoniales,
503 3443 577 3498 qui
606 3443 767 3489 fundos
795 3446 969 3490 minime
998 3459 1115 3490 nunc
1154 3457 1294 3503 usque
1324 3457 1441 3489 coin·

114 3500 341 3549 pararunt,
373 3497 521 3540 eodem
545 3499 758 3554 largitatis
774 3502 900 3545 modo
917 3514 1195 3558 nequaquam
1217 3501 1273 3545 ad
1291 3513 1443 3545 eorum

116 3551 482 3618 comparationem
513 3562 796 3609 urgueantur,
827 3557 904 3600 sed
931 3561 1156 3613 tamquam
1184 3558 1337 3613 pretiis
1367 3557 1442 3600 de-

115 3617 277 3659 pensis,
307 3620 371 3651 sic
403 3621 463 3652 eis
493 3611 635 3654 nostri
662 3612 851 3656 numinis
869 3614 1081 3657 beneficio
1107 3615 1347 3670 potiantur,
1379 3615 1442 3666 ut,

117 3661 231 3714 quod
268 3662 376 3705 iuris
418 3665 531 3708 alter
567 3665 794 3711 inferendo
833 3669 1021 3723 pretium
1061 3675 1325 3714 consecutus
1363 3673 1442 3720 est,

115 3716 200 3759 hoc
237 3724 391 3762 nostra
425 3720 689 3765 liberalitate
725 3724 978 3778 praedictus
1019 3725 1442 3782 emphyteuticarius

120 3775 173 3836 1„
196 3773 368 3817 habeat.
428 3777 540 3819 Illud
569 3791 743 3834 quoque
772 3779 855 3831 ius,
884 3780 931 3823 in
960 3781 1120 3836 quibus
1151 3781 1287 3826 coluit
1315 3793 1443 3836 prae·

116 3826 219 3892 dus,
259 3831 375 3885 quod
413 3836 492 3875 aut
520 3846 574 3876 ex
609 3835 888 3879 successione
916 3844 994 3880 aut
1029 3850 1083 3881 ex
1114 3837 1443 3894 comparatione

114 3887 283 3935 privata
318 3891 396 3928 aut
425 3889 564 3931 nostri
603 3890 792 3935 numinis
822 3891 1087 3937 liberalitate
1115 3897 1194 3937 aut
1230 3906 1440 3949 quocum·

117 3951 197 3992 que
227 3941 354 4005 modo
371 3945 613 4009 ‚poss-edit,
644 3946 760 3989 sciat
786 3946 1017 3991 inlibatum
1045 3949 1443 4003 intemeratumque

115 4006 315 4061 serviti-13·
351 3997 531 4043 hcentia
574 4001 635 4044 eis
686 4002 966 4046 concedenda
1008 4005 1139 4048 etiam
1181 4005 1442 4049 libertates⁴

114 4061 340 4116 mancipiis
365 4065 421 4097 ex
448 4054 598 4100 fundis
626 4057 1005 4112 patrimonialibus
1031 4066 1163 4116 atque
1183 4061 1438 4117 emphyteu-

115 4109 302 4158 ticariis,
344 4122 443 4151 cum
471 4110 707 4156 fundorum
736 4118 841 4158 sunt
869 4114 1054 4168 domini,
1083 4120 1324 4172 praestare.
1382 4116 1437 4161 D.

115 4171 245 4258 {5712}ss
269 4161 311 4205 lc.
352 4162 438 4209 Iul.
472 4165 859 4227 Constantinopoli
896 4171 1142 4215 Ariobindo
1182 4179 1225 4217 et
1264 4173 1439 4231 Aspare

171 4266 231 4316 13
266 4271 406 4341 ‘Idem
441 4278 533 4321 ΛΑ.
573 4278 634 4321 ad
662 4279 946 4324 Florentium
976 4295 1058 4339 pp.
1125 4233 1436 4328 Nulliuizaigzssiiii

116 4331 336 4375 posterum
364 4330 494 4376 licere
522 4334 818 4390 praecipimus
855 4335 1185 4392 patrimoniales
1215 4352 1295 4384 seu
1323 4339 1436 4383 limi-

119 4466 168 4528 (ι)
184 4467 241 4504 sic
261 4467 308 4516 O,
323 4467 473 4509 divinia
498 4470 582 4512 VK
631 4472 688 4523 (2)
704 4475 745 4513 et
759 4473 959 4514 translato
979 4474 1167 4516 Cuiacim
1223 4478 1278 4528 (3)
1295 4499 1348 4514 ==
1365 4478 1438 4520 Th.

122 4530 158 4567 z),
188 4529 242 4569 13,
270 4530 312 4561 39
352 4525 534 4575 (praeter
568 4530 689 4567 verba
729 4531 919 4581 extrema)
949 4530 995 4571 B
1031 4532 1100 4580 56,
1128 4540 1181 4582 14,
1213 4541 1278 4575 28:
1320 4536 1440 4588 iunye

124 4572 195 4612 Th.
230 4578 419 4627 ll,28,1s
476 4581 530 4631 (4)
559 4583 616 4621 sic
645 4583 679 4631 I,
710 4580 977 4624 liberalitate·
1018 4585 1136 4627 VKO
1195 4589 1440 4640 (5)=-Nov.

2084 123 2159 161 nir.
2193 99 2473 164 MANOIPlIS
2509 126 2580 164 m
2616 126 2855 167 conoms

1522 258 1756 315 totrophos
1799 258 1868 303 vel
1910 261 2155 306 saltuenses
2197 260 2383 314 fundos,
2431 261 2506 316 qui
2545 275 2626 319 per
2666 267 2859 308 tractum

1524 313 1716 359 Orientis
1745 314 1880 379 positi
1908 321 2027 370 sunt,
2057 317 2115 361 ad
2143 317 2213 361 ius
2240 316 2480 360 transferre
2508 317 2740 372 privatum,
2769 319 2860 364 sive

1523 371 1699 425 dempto
1729 381 1818 413 sive
1859 370 1980 416 salvo
2012 385 2182 419 canone
2209 371 2317 416 iuris
2347 371 2587 416 fundorum
2613 373 2857 419 immutatio

1522 425 1792 481 postuletur:
1830 427 1936 482 legis
1974 431 2261 472 temeratores
2302 427 2618 483 quinquaginta
2650 428 2858 474 librarum

1523 481 1619 524 auri
1649 493 1795 536 poena
1824 488 2078 528 coercentes
2106 489 2198 528 tam
2227 483 2431 526 videlicet
2504 483 2701 526 etitorem
2730 497 2859 539 quam

1523 537 1732 603 officium,
1764 536 1881 592 quod
1909 538 2165 635 petitionem
2197 538 2400 583 concedit
2428 551 2456 583 a
2486 539 2621 593 mitti,
2650 538 2754 582 licet
2781 539 2862 582 ad-

1523 595 1693 636 notatio
1720 596 1889 644 nostra,
1926 597 2014 638 icet
2037 595 2182 639 divina
2203 594 2475 652 pragmatica
2499 599 2657 638 contra
2681 593 2863 638 vetitum

1522 647 1786 704 proferatur.
1844 647 1900 693 D.
1940 661 1990 693 VJ
2014 650 2074 694 id.
2105 650 2207 696 Iun.
2241 649 2632 708 Constantinopoli
2662 648 2864 694 Theodo-

1522 706 1591 747 sio
1623 707 1672 748 A.
1707 715 1821 747 XVI]
1847 710 1892 748 et
1919 703 2053 750 Festo
2083 719 2227 751 conss.
2673 709 2730 758 [α-
2761 707 2861 757 439]

1582 758 1645 805 14
1677 759 1810 818 ⁶Imp.
1828 760 2098 805 Anastasius
2124 763 2176 807 A.
2207 762 2501 807 Matroniano
2527 776 2607 820 pp.
2652 761 2862 805 Iubemus

1524 828 1695 868 omnes,
1747 815 1820 870 qui
1862 815 1908 859 in
1978 829 2138 861 uacum
2169 831 2227 862 ue
2265 818 2455 862 dioecesi
2497 817 2544 861 in
2587 827 2864 873 quacumque

1524 871 1752 927 provincia
1775 871 1844 915 vel
1875 885 1960 927 quo
1979 871 2070 916 ibet
2099 886 2149 917 sa
2167 880 2216 918 tu
2246 874 2406 918 fundos
2436 872 2767 929 patrimoniales
2795 871 2864 916 vel

1480 952 1484 968 ι.
1523 927 1787 983 templorum
1809 933 1887 970 aut
1908 929 2206 983 agonothetici
2232 943 2310 974 seu
2336 931 2632 974 relevatorum
2660 929 2863 984 iugorum

1524 983 1592 1026 vel
1622 982 1937 1039 cuiuscumque
1965 983 2077 1028 iuris
2106 998 2185 1042 per
2215 986 2506 1042 quadraginta
2533 985 2694 1039 iugiter
2723 995 2863 1028 annos
2950 1011 2953 1014 -

1525 1039 1823 1095 (possessione
1853 1038 2025 1083 scilicet
2052 1054 2142 1085 non
2181 1043 2322 1085 solum
2354 1055 2505 1086 eorum
2535 1041 2611 1096 qui
2638 1052 2758 1084 nunc
2787 1039 2862 1084 de·

1526 1097 1690 1144 tinent,
1720 1107 1871 1138 verum
1899 1096 2032 1139 etiam
2061 1109 2214 1140 eorum
2243 1111 2418 1154 quoque
2448 1097 2523 1153 qui
2552 1100 2684 1140 antea
2712 1107 2863 1152 posse-

1525 1150 1682 1194 derant
1721 1152 2035 1207 computanda)
2076 1164 2129 1196 ex
2171 1166 2447 1209 quocumque
2475 1153 2606 1197 titulo
2636 1152 2703 1196 vel
2733 1151 2864 1195 etiam

1525 1207 1621 1250 sine
1650 1206 1778 1251 titulo
1810 1207 2026 1251 hactenus
2056 1209 2349 1263 possederunt
2375 1210 2442 1253 vel
2470 1215 2628 1265 postea
2664 1220 2745 1264 per
2772 1219 2864 1251 me-

1524 1268 1742 1306 moratum
1774 1262 2068 1319 quadraginta
2099 1277 2314 1308 annorum
2343 1266 2534 1321 spatium
2574 1263 2863 1321 possederint,

1524 1319 1690 1362 nullam
1718 1318 1894 1374 penitus
1921 1332 2055 1375 super
2083 1320 2274 1364 dominio
2305 1327 2644 1366 memoratorum
2671 1319 2865 1364 omnium

1524 1374 1763 1419 fundorum
1791 1375 1859 1419 vel
1887 1376 2087 1420 locorum
2116 1377 2184 1420 vel
2213 1376 2441 1421 domorum
2463 1389 2491 1419 a
2506 1376 2690 1442 publico
2719 1375 2862 1420 actio-

1525 1443 1621 1474 nem
1652 1430 1718 1474 vel
1747 1431 1994 1475 molestiam
2022 1437 2102 1476 aut
2131 1433 2370 1488 quamlibet
2397 1432 2742 1489 inquietudinem
2771 1431 2862 1476 foi·-

1533 1492 1545 1529 1
1608 1486 1788 1531 midare.
1862 1487 1950 1532 Sed
1988 1488 2242 1544 impositum
2283 1501 2493 1533 canonem
2530 1502 2611 1544 pro
2653 1487 2866 1544 qualitate

1525 1543 1654 1597 iuris,
1695 1543 1820 1587 cuius
1858 1543 2040 1600 praedia
2070 1550 2174 1589 sunt
2201 1545 2270 1588 vel
2297 1545 2419 1596 loca,
2450 1558 2529 1600 per
2558 1541 2756 1599 siiigulos
2785 1555 2865 1586 an·

1526 1612 1606 1642 nos
1637 1598 1857 1644 solventes
1886 1613 1967 1656 pro
1994 1606 2114 1645 certo
2133 1600 2330 1645 habeant
2349 1613 2478 1646 suum
2497 1613 2594 1646 esse
2621 1599 2741 1656 quod
2762 1611 2864 1656 pos-

1526 1654 1672 1699 sident
1699 1656 1767 1699 vel
1796 1660 1953 1712 postea
1982 1656 2275 1712 possederint,
2305 1656 2370 1700 ita
2395 1663 2447 1699 ut
2468 1657 2671 1700 omnibus
2700 1655 2759 1699 ad
2790 1668 2866 1699 ex-

1528 1711 1789 1755 cludendam
1805 1725 1975 1756 omnem
2001 1712 2201 1768 quolibet
2213 1712 2343 1757 modo
2358 1725 2382 1756 e
2407 1712 2586 1768 publico
2609 1711 2867 1756 movendam

1526 1766 1829 1822 quaestionem
1851 1768 2026 1812 nudae⁷
2050 1772 2095 1813 et
2119 1781 2173 1812 ex
2197 1782 2475 1825 quocumque
2494 1769 2621 1813 titulo
2642 1768 2710 1812 vel
2734 1767 2866 1813 etiam

1527 1824 1622 1867 sine
1651 1824 1781 1867 titulo
1807 1825 2051 1879 corporalis
2076 1824 2367 1881 quadraginta
2387 1837 2603 1868 annorum
2620 1824 2742 1879 iugis
2761 1836 2865 1880 pos·

1530 1883 1553 1920 2
1612 1879 1820 1924 sessionis
1871 1881 2071 1937 exceptio
2116 1881 2258 1937 possit
2301 1880 2519 1924 sufficere.
2592 1879 2690 1923 Hoc
2733 1879 2864 1923 etiam

1529 1934 1774 1988 adiciendo,
1803 1940 1854 1979 ut
1882 1936 1946 1979 illi
1975 1950 2170 1993 quoque,
2201 1937 2276 1993 qui
2304 1936 2481 2002 dempto
2512 1947 2681 1979 canone
2710 1933 2864 1979 liuius-

1528 1990 1648 2034 modi
1674 1991 1836 2035 fundos
1877 1993 1933 2036 ab
1970 1993 2094 2036 initio
2124 1992 2360 2048 principali
2396 1991 2593 2036 iussione
2622 1990 2751 2036 datos
2779 1989 2864 2035 sibi

1528 2045 1667 2091 fuisse
1692 2047 1968 2101 confirmant,
1994 2048 2032 2093 si
2054 2061 2133 2104 per
2148 2048 2506 2105 quadragesimos
2529 2060 2671 2092 annos
2685 2045 2863 2101 ademp-

1528 2102 1563 2145 ti
1602 2104 1783 2147 canonis
1822 2104 2083 2151 beneficium
2119 2105 2279 2159 iugiter
2311 2103 2623 2160 possederunt,
2670 2114 2753 2146 nec
2789 2114 2864 2146 ca-

1528 2171 1699 2214 nonem,
1731 2159 1857 2203 cuius
1882 2160 2204 2216 ademptionem
2230 2159 2533 2215 quadraginta,
2558 2158 2676 2202 sicut
2699 2157 2864 2202 dictum

1529 2219 1609 2269 est,
1639 2227 1857 2259 annorum
1878 2217 2100 2272 possessio
2132 2220 2334 2268 testatur,
2365 2215 2539 2271 possint
2557 2214 2736 2270 penitus
2748 2226 2864 2270 .pro-

1527 2269 1692 2326 fligari,
1733 2282 1784 2315 eo
1815 2271 1933 2326 quod
1971 2276 2149 2315 nostrae
2187 2271 2345 2326 pietati
2386 2270 2559 2326 placuit
2591 2270 2638 2313 in
2676 2274 2866 2326 utroque

1530 2337 1651 2379 casu,
1681 2325 1726 2369 id
1755 2329 1825 2372 est
1852 2330 1944 2370 tam
1974 2327 2094 2371 salvo
2118 2340 2249 2382 quam
2274 2326 2451 2383 dempto
2477 2338 2658 2377 canone,
2688 2338 2864 2382 posses-

1529 2394 1677 2425 sorum
1704 2381 1806 2426 iura
1834 2387 2086 2427 nostrorum
2115 2383 2162 2426 in
2191 2395 2243 2427 eo
2273 2385 2417 2436 statu,
2455 2383 2501 2426 in
2531 2394 2618 2438 quo
2646 2394 2728 2439 per
2755 2393 2864 2438 qua-

1528 2436 1809 2492 dragesimos,
1835 2439 1951 2482 sicut
1967 2438 2134 2483 dictum
2149 2442 2230 2491 est,
2254 2438 2416 2494 iugiter
2435 2451 2577 2482 annos
2593 2441 2864 2488 manserunt.

1528 2493 1697 2549 absque
1724 2494 1817 2538 ulla
1845 2495 2128 2539 innovatione
2157 2495 2330 2539 durare.
2376 2495 2429 2539 D.
2450 2506 2518 2539 111
2543 2495 2585 2538 lc.
2602 2495 2718 2553 Auq.
2751 2491 2864 2538 Con-

1526 2550 1824 2608 stantinopoli
1856 2549 2040 2608 Olybrio
2071 2564 2133 2595 vc.
2166 2564 2287 2595 cons.
2675 2555 2732 2603 [a.
2763 2551 2863 2602 ⁴191]

2000 2722 2160 2771 inn
2195 2723 2384 2784 (ini).

1526 2803 1604 2843 DE
1644 2803 1938 2845 MANCIPIIS
1974 2804 2049 2845 ET
2089 2804 2327 2846 COLONIS
2364 2802 2863 2845 PATRIMONIALIUM

1526 2858 1601 2899 ET
1649 2857 2862 2958 SALTUENSIUMFUEffDgRIggYTEUTICARIORUM

1587 2996 1610 3042 1
1648 2996 1761 3056 Imp.
1789 2997 2107 3043 Constantinus
2121 3000 2172 3042 A.
2218 2996 2654 3064 Emphyteuticarios
2676 2996 2863 3051 gravant

1528 3053 1675 3098 coloni
1698 3066 1826 3110 agros
1856 3059 2033 3111 praeter
2056 3053 2420 3099 consuetudinem
2445 3055 2726 3117 usurpantes,
2750 3063 2862 3107 quos

1527 3109 1660 3153 nullis
1701 3111 1887 3155 culturis
1926 3110 2204 3164 erudierunt,
2249 3123 2348 3154 cum
2389 3109 2662 3154 sollemnitas
2703 3106 2748 3150 id
2785 3119 2862 3151 eos

1527 3169 1768 3211 attractare
1796 3167 2045 3223 permittat,
2085 3167 2204 3234 quod
2233 3179 2386 3210 eorum
2413 3166 2567 3210 labore
2595 3163 2661 3208 vel
2690 3162 2860 3228 olivetis

1528 3225 1597 3266 est
1638 3222 1831 3271 obsitum
1873 3223 1942 3267 vel
1965 3223 2156 3268 vinetis.
2229 3223 2308 3267 sed
2348 3227 2392 3266 et
2433 3222 2629 3276 inriguas
2673 3218 2862 3263 fontium

1528 3290 1666 3332 aquas
1696 3291 1914 3334 usurpare
1943 3285 2171 3334 conantur,
2212 3291 2398 3335 quarum
2429 3278 2604 3321 fructus
2634 3274 2741 3321 solis
2772 3286 2861 3319 em-

1533 3338 1549 3376 1
1609 3334 1943 3391 phyteuticariis
1972 3336 2201 3380 debentur.
2260 3334 2451 3391 Ideoque
2481 3332 2667 3389 placuit,
2708 3337 2758 3374 ut
2784 3329 2861 3374 de—

1526 3390 1679 3446 inceps
1717 3402 1934 3447 aquarum
1962 3391 2031 3436 ius
2069 3395 2400 3447 potestatesque
2437 3402 2572 3446 penes
2603 3387 2859 3443 emphyteu-

1526 3445 1706 3491 ticarios
1721 3452 2021 3503 permaneant,
2049 3450 2309 3504 tantumque
2327 3460 2381 3490 ex
2395 3445 2487 3490 0188
2511 3444 2677 3489 colonis
2702 3443 2862 3499 imper-

1527 3502 1685 3555 tiatur,
1755 3506 1939 3546 uantum
1980 3503 2166 3548 culturis
2207 3516 2361 3548 eorum
2406 3513 2611 3557 agrorum
2655 3498 2861 3543 sufficere

1530 3562 1553 3600 2
1611 3559 1728 3602 mani
1749 3562 1892 3603 estum
1908 3563 1988 3614 est,
2012 3571 2122 3616 quos
2145 3559 2232 3615 ipsi
2247 3559 2412 3603 colunt.
2454 3557 2541 3601 Pro
2556 3555 2685 3600 modo
2709 3556 2859 3598 autem

1528 3614 1778 3670 superfluae
1819 3614 2120 3670 inrigationis,
2174 3628 2307 3671 quam
2350 3614 2468 3658 ultra
2512 3612 2711 3656 culturas
2753 3622 2858 3676 suas

1528 3670 1861 3726 usurpaverint,
1892 3671 2295 3728 emphyteuticariis
2324 3668 2654 3727 possessoribus
2682 3678 2859 3723 pensio-

1528 3739 1605 3770 nes
1643 3726 2010 3783 accessionesque
2043 3728 2304 3783 praebeant.
2382 3723 2476 3768 PP.
2515 3735 2588 3768 VJ!
2623 3723 2681 3767 id.
2719 3720 2856 3766 Mart.

1532 3781 1800 3840 Carthayine
1813 3781 2105 3827 Constantino
2117 3786 2166 3826 A.
2188 3795 2215 3825 V
2226 3781 2449 3839 etLieinio
2468 3780 2512 3825 C.
2530 3792 2673 3824 conss:
2691 3780 2857 3831 [α.319]

1584 3836 1615 3883 2
1647 3836 1792 3897 Impp.
1836 3837 2175 3883 Valentinianus
2204 3843 2250 3883 et
2274 3837 2438 3882 Valens
2464 3837 2555 3881 AA.
2587 3834 2650 3879 ad
2678 3833 2858 3878 Germa-

1527 3894 1710 3938 nianum
1739 3894 1940 3937 comitem
1967 3906 2203 3938 sacrarum
2235 3893 2536 3959 lar9itionum.
2594 3890 2856 3939 Libertate&

1527 3962 1637 4004 quas
1665 3949 1896 4004 mancipiis
1925 3963 1982 3994 ex
2009 3949 2156 3994 fundis
2194 3948 2575 4006 patrimonialibus
2605 3952 2739 4002 atque
2767 3955 2856 4007 eni·

1526 4004 1792 4061 phyteuticis
1831 4006 1906 4061 qui
1942 4005 2177 4049 fundorum
2207 4018 2297 4050 non
2326 4010 2430 4048 sunt
2468 4002 2631 4048 domini
2669 4003 2854 4066 praesti·

1525 4065 1696 4112 terunt,
1743 4061 1982 4107 rationales
2030 4061 2283 4106 huiusmodi
2324 4059 2549 4116 praecepti
2590 4057 2856 4102 auctoritate

1524 4116 1789 4161 rescindant.
1860 4117 1952 4161 PP.
1993 4129 2098 4161 1111
2132 4117 2175 4161 lc.
2205 4116 2314 4161 Mai.
2354 4115 2575 4174 Lupicino
2615 4109 2856 4220 ettlotgzffl

1524 4185 1666 4216 conss.
2684 4181 2725 4210 a.

1579 4222 1609 4274 3
1641 4225 1819 4327 Inltppp.
1853 4227 2100 4273 Gratianus
2138 4227 2480 4272 Valentinianus
2507 4231 2553 4271 et
2581 4221 2856 4288 steodosius

1521 4284 1654 4328 AAA.
1726 4285 1980 4329 ostumiano
2000 4298 2083 4343 pp.
2138 4282 2431 4339 eognovimus
2458 4294 2487 4327 a.
2515 4279 2757 4343 nonnullis,
2780 4275 2856 4333 qui

1520 4339 1849 4394 patrimoniales
1864 4339 2027 4385 fundos
2047 4343 2318 4395 meruerunt,
2335 4338 2514 4383 colonos
2529 4334 2855 4392 antiquissimos

1527 4477 1676 4521 Theod.
1707 4480 1747 4530 5,
1765 4486 1831 4529 2,i
1918 4479 1974 4531 (c)
2006 4478 2050 4520 B
2078 4481 2145 4531 56,
2161 4487 2214 4529 u,
2230 4486 2293 4520 εις
2323 4478 2442 4531 {unqe
2471 4477 2586 4527 πω,
2604 4484 2637 4517 4.
2672 4477 2735 4528 10,
2761 4483 2852 4526 zm

1523 4535 1578 4586 (7)
1608 4532 1742 4574 nudae
1772 4534 1829 4584 K,
1860 4534 2009 4575 nudam
2037 4534 2085 4587 V,
2114 4532 2225 4574 nuda
2245 4533 2281 4574 0
2366 4533 2424 4584 (8)
2452 4531 2511 4573 ei·
2540 4532 2647 4586 deta,
2677 4547 2751 4574 om.
2771 4532 2856 4575 ΚΟ
