3034 4776
142 225 213 276 VI
249 225 311 272 23

139 367 388 416 strumentis
418 364 645 409 sustulisse
674 363 887 414 noscitur,
919 363 962 405 in
993 361 1088 404 aliis
1119 368 1291 423 quoque
1321 355 1458 399 omni—

139 429 218 470 bus
248 429 335 467 tam
366 419 663 466 contractibus
697 430 825 471 quam
855 416 1127 461 testamentis
1157 413 1370 462 tollimuS,
1411 415 1461 454 ut

137 482 213 523 tali
243 477 494 533 exceptione
525 477 724 516 cessante
754 480 798 515 et
826 473 1051 528 stipulatio
1082 473 1126 512 et
1154 468 1225 511 alii
1258 470 1459 531 contrac-

136 542 206 578 tus
236 538 280 577 et
302 530 522 575 testatoris
547 528 750 571 voluntas
771 527 1019 571 indubitate
1045 526 1197 575 valeat,
1230 526 1460 565 exactione

135 590 332 634 videlicet
391 592 460 630 ost
490 582 787 627 condicionem
816 583 883 625 vel
912 583 1024 625 diem
1055 581 1343 634 competente.
1413 574 1457 619 S.

136 647 174 689 d.
201 650 292 688 VJJ¹
317 644 334 685 i
367 641 496 686 ..Dea
522 639 593 682 dn.
613 637 867 681 Iustiniano
882 639 934 680 A.
953 651 1036 694 pp.
1056 647 1101 678 11
1114 647 1235 678 cons.
1286 637 1342 685 [a.
1361 634 1458 696 52ξ3]

191 698 255 746 26
282 697 422 742 2Idem
443 696 494 739 A.
511 692 770 750 Menaepp.
812 692 864 735 In
880 690 1152 736 testamentis
1170 689 1266 734 sine
1285 687 1460 753 scriptis

135 753 340 799 faciendis
394 763 563 795 omnem
614 748 842 792 formalem
894 747 1242 790 observationem
1285 751 1460 801 penitus

135 815 423 866 amputamus,
453 812 514 859 ut,
545 810 775 860 postquam
807 807 973 858 septem
1003 806 1140 846 testes
1166 801 1459 851 convenerint,

134 868 239 910 satis
278 865 336 909 sit
373 862 640 906 voluntatem
678 860 903 903 testatoris
944 859 1011 902 vel
1050 858 1289 902 testatricis
1333 856 1462 900 simul
1502 884 1504 888 ,

134 921 330 965 omnibus
359 917 630 961 manifestari
660 915 969 970 significantis.
1008 914 1065 958 ad
1105 928 1216 970 quos
1254 913 1461 957 substan·
1501 890 1505 969 1

133 979 235 1020 tiam
278 988 401 1019 suam
444 973 672 1028 pervenire
719 972 848 1015 vellet
891 971 957 1014 vel
1006 971 1163 1026 quibus
1205 970 1351 1025 legata
1395 968 1461 1011 vel
1502 1005 1505 1050 Ι

133 1030 465 1076 fideicommissa
495 1028 562 1072 vel
590 1029 816 1071 libertates
850 1026 1123 1083 disponeret,
1165 1026 1337 1070 etiamsi
1374 1037 1463 1068 non
1502 1051 1505 1082 Ι

134 1094 234 1132 ante
278 1085 525 1130 huiusmodi
581 1084 910 1139 dispositionem
960 1083 1228 1139 praedixerit
1275 1085 1463 1125 testator

134 1146 200 1188 vel
227 1142 429 1186 testatrix
458 1141 535 1183 illa
563 1139 766 1183 formalia
795 1140 950 1183 verba:
987 1138 1086 1182 ideo
1117 1138 1294 1182 eosdem
1325 1141 1461 1180 testes

135 1199 406 1251 convenisse,
449 1195 564 1252 quod
603 1195 698 1240 sine
739 1195 916 1250 scriptis
947 1207 1070 1238 suam
1098 1195 1368 1238 voluntatem
1396 1191 1465 1235 vel

133 1257 441 1300 testamentum
472 1264 732 1307 componere
762 1250 943 1294 censuit.
991 1250 1036 1294 S.
1068 1249 1109 1293 d.
1130 1251 1245 1294 [111²
1272 1249 1331 1293 id.
1356 1247 1462 1293 Dee.

136 1307 523 1367 Constantinopoli
531 1307 611 1351 dn.
625 1305 880 1351 Iustiniano
892 1308 944 1350 A.
959 1320 1044 1364 pp.
1065 1318 1112 1350 11
1132 1319 1252 1350 cons.
1295 1309 1352 1358 [a.
1367 1307 1463 1355 528]

190 1364 252 1412 27
285 1364 428 1408 ⁴Idem
457 1365 509 1408 A.
542 1362 724 1406 Iuliano
745 1377 828 1421 pp.
889 1362 1132 1416 Sancimus,
1164 1361 1203 1410 si
1231 1362 1329 1418 quis
1358 1361 1464 1415 legi-

133 1422 236 1465 timo
274 1420 401 1464 modo
439 1418 636 1463 condidit
673 1421 982 1462 testamentum
1022 1422 1065 1461 et
1100 1421 1204 1474 post
1232 1417 1326 1461 eius
1358 1430 1463 1460 con-

132 1477 362 1522 fectionem
401 1475 659 1519 decennium
689 1474 921 1530 profluxit,
964 1474 1001 1517 si
1040 1474 1212 1530 quidem
1246 1474 1369 1517 nulla
1397 1473 1463 1515 in-

133 1534 306 1577 novatio
344 1533 412 1576 vel
455 1531 676 1575 contraria
712 1530 915 1574 voluntas
967 1531 1193 1574 testatoris
1241 1529 1464 1586 apparuit,

132 1591 217 1633 hoc
254 1601 352 1633 esse
389 1587 575 1631 firmum.
643 1586 759 1643 quod
795 1586 909 1630 enim
946 1599 1035 1630 non
1071 1591 1290 1639 mutatur,
1329 1598 1466 1642 quare

133 1650 251 1689 stare
287 1644 579 1700 prohibetur?
646 1642 1011 1698 quemadmodum
1051 1643 1185 1697 enim,
1225 1642 1301 1697 qui
1328 1647 1464 1686 testa-

133 1704 326 1744 mentum
362 1699 468 1743 fecit
506 1702 551 1742 et
588 1698 698 1742 nihil
727 1698 863 1742 voluit
902 1699 1189 1753 contrarium,
1228 1699 1466 1742 intestatus

140 1763 153 1799 l
217 1755 439 1800 efficitur?
507 1755 583 1798 Sin
623 1758 769 1798 autem
806 1755 850 1797 in
887 1755 1031 1798 medio
1060 1761 1260 1811 tempore
1291 1757 1466 1798 contra-

134 1813 200 1856 ria
235 1812 437 1855 voluntas
468 1809 741 1864 ostenditur,
783 1811 821 1854 si
851 1810 1024 1866 quidem
1052 1810 1372 1866 perfectissima
1401 1813 1470 1853 est

135 1867 317 1911 secundi
344 1866 593 1910 testamenti
625 1865 857 1919 confectio,
894 1866 990 1921 ipso
1020 1867 1116 1910 iure
1145 1867 1268 1922 prius
1296 1866 1468 1912 tollitur

137 1928 160 1966 2
227 1927 550 1967 testamentum.
619 1921 695 1964 Sin
743 1926 888 1965 autem
932 1926 1123 1966 testator
1166 1922 1467 1966 tantummodo

137 1978 296 2022 dixerit
337 1991 425 2021 non
468 1978 657 2024 voluisse
701 1977 824 2035 prius
868 1982 987 2023 stare
1025 1984 1359 2033 testamentum,
1402 1978 1468 2020 vel

137 2035 233 2082 aliis
271 2038 416 2080 verbis
455 2037 618 2080 utendo
665 2036 929 2079 contrariam
973 2035 1147 2091 aperuit
1183 2036 1468 2084 voluntatem,

138 2098 182 2137 et
218 2094 304 2137 hoc
331 2093 399 2136 vel
437 2105 516 2148 per
551 2094 687 2135 testes
726 2091 906 2135 idoneos
942 2105 1030 2135 non
1059 2092 1202 2135 minus
1231 2091 1372 2135 tribus
1403 2091 1470 2133 vel

139 2151 251 2192 inter
292 2153 394 2192 acta
431 2147 776 2192 manifestaverit
815 2151 860 2190 et
902 2147 1159 2191 decennium
1201 2147 1281 2191 fiat
1323 2159 1468 2189 emen-

138 2219 247 2255 sum,
288 2209 394 2247 tunc
423 2203 595 2247 irritum
627 2216 723 2247 esse
751 2207 1060 2246 testamentum
1089 2206 1178 2246 tam
1208 2215 1261 2247 ex
1293 2205 1468 2247 contra-

139 2266 161 2304 3
218 2261 285 2303 ria
319 2260 543 2303 voluntate
582 2272 710 2314 quam
753 2272 806 2302 ex
843 2272 978 2303 cursu
1015 2259 1261 2315 temporali.
1327 2258 1470 2302 Aliter

136 2316 295 2360 etenim
338 2320 600 2358 testamenta
642 2318 912 2358 mortuorum
957 2326 1036 2371 per
1079 2314 1282 2358 decennii
1323 2318 1469 2357 trans-

137 2371 380 2414 cursionem
409 2382 669 2413 evanescere
697 2370 817 2413 nullo
847 2370 1041 2426 patimur
1069 2370 1214 2421 modo,
1245 2369 1468 2425 prioribus

135 2426 522 2470 constitutionibus
537 2427 566 2475 ⁵,
607 2438 720 2480 quae
753 2438 887 2481 super
915 2425 1167 2469 huiusmodi
1195 2426 1470 2469 testamentis

135 2482 373 2526 vacuandis
403 2481 520 2524 latae
549 2481 740 2535 fuerant,
771 2482 946 2537 penitus
977 2481 1274 2537 antiquandis.
1320 2480 1374 2524 D.
1403 2492 1474 2523 JV

133 2538 176 2581 lc.
193 2537 337 2594 April.
368 2535 760 2593 Constantinopoli
787 2536 1038 2594 Lampadio
1068 2543 1113 2580 et
1140 2536 1294 2581 Oreste
1325 2550 1388 2580 vv.
1407 2549 1467 2579 cc.

135 2605 276 2637 eonsS.
1297 2606 1337 2636 α.
1369 2595 1467 2644 530]

190 2646 256 2696 28
296 2646 419 2692 Idem
449 2649 500 2692 A.
533 2647 714 2692 Iuliano
748 2663 830 2707 pp.
898 2648 1007 2692 Cum
1046 2596 1295 2705 antiquitas[
1330 2652 1468 2691 testa-

135 2710 281 2748 menta
309 2704 405 2747 fieri
433 2704 571 2747 voluit
608 2705 729 2748 nullo
764 2709 868 2748 actu
897 2705 1214 2748 interveniente
1243 2711 1288 2749 et
1316 2705 1469 2748 huius-

135 2761 251 2804 modi
266 2761 495 2804 verborum
519 2761 777 2815 compositio
800 2774 890 2804 non
911 2761 994 2804 rite
1016 2762 1308 2816 interpretata
1330 2773 1469 2817 paene
1508 2758 1511 2819 1

137 2818 180 2859 111
209 2816 446 2872 perniciem
475 2821 520 2859 et
548 2817 807 2860 testantium
846 2822 889 2860 et
917 2821 1284 2860 testamentorum
1313 2829 1469 2872 proce·
1509 2833 1512 2844 ·

137 2873 281 2928 deret,
322 2873 541 2915 sancimus
580 2873 625 2915 in
657 2876 865 2928 tempore,
909 2886 995 2929 quo
1025 2877 1335 2917 testamentum
1366 2886 1469 2916 con·

137 2928 254 2972 ditur
295 2929 363 2971 vel
417 2928 641 2972 codicillus
695 2930 895 2972 nascitur
936 2930 1003 2972 vel
1057 2929 1212 2973 ultima
1255 2928 1471 2984 quaedam

137 2983 366 3040 dispositio
407 2984 647 3028 secundum
693 2985 926 3041 pristinam
970 2985 1220 3029 celebratur
1264 2986 1471 3029 observa·
1510 3007 1512 3011 ν

135 3040 298 3083 tionem
336 3039 460 3092 (nihil
497 3041 610 3084 enim
649 3054 703 3084 ex
740 3053 792 3085 ea
819 3042 998 3097 penitus
1027 3040 1346 3084 immutandum
1376 3053 1473 3085 esse

137 3100 393 3148 censemus),
423 3109 475 3139 ea
505 3097 691 3151 quidem,
727 3110 840 3153 quae
869 3097 1045 3141 minime
1073 3097 1325 3141 necessaria
1354 3101 1471 3152 sunt,

135 3152 255 3195 nullo
280 3152 520 3208 procedere
544 3153 687 3206 modo,
719 3154 881 3209 quippe
902 3166 1038 3197 causa
1061 3153 1347 3197 subtilissima
1367 3166 1470 3209 pro·
1510 3185 1513 3191 ,

136 3208 280 3263 posita
316 3220 368 3251 ea
405 3221 516 3264 quae
556 3209 781 3264 superflua
810 3215 914 3253 sunt
941 3209 1117 3253 minime
1145 3209 1306 3253 debent
1334 3209 1470 3253 inter-

140 3270 157 3306 1
229 3263 397 3308 cedere.
470 3264 516 3308 Si
568 3265 670 3320 quid
714 3271 858 3309 autem
906 3265 1201 3309 necessarium
1246 3265 1473 3309 advenerit

138 3322 183 3362 et
218 3319 263 3361 in
300 3320 442 3375 ipsum
481 3334 640 3376 corpus
676 3321 922 3366 laborantis
952 3321 1193 3377 respiciens
1225 3322 1470 3377 contigerit,

137 3374 184 3418 id
222 3380 292 3417 est
327 3376 393 3418 vel
420 3376 560 3419 victus
599 3378 837 3421 necessarii
865 3379 934 3421 vel
971 3378 1164 3434 potionis
1205 3378 1374 3422 oblatio
1404 3378 1472 3422 vel

139 3430 434 3495 medicaminis
465 3431 581 3475 datio
611 3434 679 3477 vel
706 3434 950 3489 impositio,
988 3434 1148 3489 quibus
1177 3434 1343 3478 relictis
1372 3434 1472 3489 ipsa

140 3492 305 3529 sanitas
344 3488 567 3531 testatoris
606 3489 901 3544 periclitatur,
941 3491 1009 3534 vel
1050 3491 1088 3534 si
1127 3491 1225 3546 quis
1264 3503 1471 3535 necessa·
1511 3510 1513 3518 ·

139 3542 250 3607 rius·
270 3547 454 3585 naturae
491 3557 597 3587 usus
629 3544 686 3587 ad
715 3546 1030 3601 depositionem
1059 3546 1271 3603 superflui
1303 3546 1470 3602 ponde-

139 3610 199 3640 r1s
237 3600 459 3641 1mmineat
494 3600 561 3642 vel
596 3602 800 3644 testatori
828 3603 895 3645 vel
925 3603 1133 3655 testibus,
1172 3615 1261 3646 non
1290 3616 1388 3647 esse
1417 3616 1473 3646 ex

139 3653 389 3719 hac-causa
417 3659 722 3699 testamentum
754 3657 1112 3711 subvertendum,
1152 3659 1256 3703 licet
1290 3659 1471 3703 morbus
1511 3645 1514 3697 !

141 3711 382 3764 comitlalis,
427 3711 544 3765 quod
586 3715 629 3754 et
671 3712 836 3756 factum
877 3727 973 3758 esse
1009 3716 1320 3770 comperimus,
1367 3716 1472 3758 uni⁸

141 3778 193 3808 ex
221 3766 409 3810 testibus
440 3767 690 3822 contigerit,
732 3769 808 3812 sed
845 3782 894 3814 eo
926 3771 1042 3826 quod
1071 3777 1231 3826 urguet
1259 3776 1303 3815 et
1331 3771 1470 3815 immi-

140 3825 212 3863 net
241 3822 410 3877 repleto
436 3823 503 3866 vel
534 3824 733 3878 deposito
763 3825 919 3868 iterum
949 3827 1081 3871 solita
1112 3840 1190 3882 per
1218 3827 1474 3871 testamenti

141 3880 164 3919 2
221 3876 457 3922 factionem
495 3879 737 3935 adimpleri.
806 3881 867 3924 Et
906 3882 942 3925 si
981 3883 1154 3938 quidem
1193 3896 1221 3926 a
1258 3888 1472 3928 testatore
1512 3911 1514 3928 5

139 3932 302 3997 aliquid
331 3934 411 3978 fiat
438 3936 625 3979 testibus
655 3936 879 3992 paulisper
908 3940 1147 3993 separatis,
1189 3953 1287 3983 cum
1324 3953 1471 3984 coram
1512 3953 1515 4000 5

139 3988 207 4031 1118
245 3989 394 4034 facere
433 3991 598 4046 aliquid
627 3993 854 4036 naturale⁷
893 3998 1080 4039 testator
1108 3997 1358 4047 erubescat,
1388 3996 1470 4039 ite·
1512 4005 1515 4039 ᾳ

139 4058 236 4087 111111
294 4046 558 4091 introductis
612 4049 800 4091 testibus
855 4053 1212 4105 consequentiam
1262 4052 1471 4096 factionis
1512 4061 1515 4110 1

1446 197 1548 257 256

140 4104 164 4143 3
222 4103 474 4146 testamenti
512 4104 763 4158 procedere.
833 4104 880 4148 Si
908 4111 1053 4150 tamen
1082 4108 1127 4150 in
1157 4108 1375 4163 quendam
1404 4108 1472 4152 vel
1513 4117 1515 4124 ·

140 4157 352 4211 quosdam
387 4160 565 4202 testium
603 4160 766 4216 aliquid
804 4161 894 4204 tale
933 4164 1179 4218 contingat,
1219 4164 1257 4209 si
1298 4164 1472 4219 quidem

138 4269 294 4312 iterum
325 4271 561 4314 eorundem
589 4272 766 4316 testium
795 4285 1016 4317 reversum
1054 4277 1281 4331 expectari
1311 4281 1356 4320 et
1385 4277 1471 4320 sol·

140 4328 166 4366 4
231 4325 390 4390 lemnia
432 4327 597 4382 peragi.
672 4328 746 4371 Sin
789 4331 936 4372 autem
978 4329 1174 4385 longiore
1216 4333 1359 4387 spatio
1401 4344 1471 4375 re-

140 4379 272 4424 fectio
317 4381 488 4425 fortuiti
532 4396 662 4427 casus
698 4384 916 4439 indigeat,
962 4389 1007 4429 et
1050 4387 1236 4431 maxime
1275 4389 1314 4432 si
1352 4388 1472 4431 salus

140 4438 361 4480 testatoris
405 4438 693 4493 periclitantis
732 4440 979 4492 immineat,
1023 4444 1129 4486 tunc
1165 4443 1240 4488 illo
1281 4444 1349 4489 vel
1385 4443 1472 4487 illis

141 4225 191 4255 ex
216 4213 335 4257 brevi
361 4216 570 4270 temporis
594 4216 824 4260 intervallo
851 4219 1087 4262 necessitas
1104 4225 1254 4275 potest
1268 4220 1471 4274 transire,
1508 4248 1517 4497 ¹

144 4576 192 4624 (1)
221 4576 270 4615 D.
287 4589 339 4617 111
362 4593 444 4619 cum
470 4581 508 4632 8,
524 4589 581 4632 37,
601 4591 632 4623 ιι
649 4597 727 4623 =scr.

145 4634 232 4676 (om.
262 4634 310 4683 s.)
339 4644 440 4675 recte
469 4638 507 4686 3,
538 4646 598 4689 28,
627 4646 665 4679 31

147 4687 186 4736 4,
215 4695 247 4737 4,
278 4697 297 4727 6

810 4582 867 4634 (2)
892 4583 1010 4636 iunye
1037 4585 1075 4634 3,
1092 4593 1152 4637 28,
1166 4593 1205 4629 ³1

778 4639 833 4689 (4)
863 4639 980 4692 {unqe
1010 4640 1048 4689 6,
1079 4647 1136 4689 33,
1165 4650 1185 4683 3

384 4691 438 4741 (6)
468 4692 541 4730 11111
573 4694 660 4733 edd.
693 4710 776 4735 cum
805 4694 986 4746 Graecis,
1017 4695 1101 4735 utri
1128 4697 1223 4739 libri

1291 4587 1345 4639 (3)
1362 4585 1401 4629 d.
1419 4598 1471 4627 111

1308 4644 1363 4694 (5)
1398 4643 1470 4684 Th.

1319 4699 1374 4751 (7)
1401 4709 1474 4738 na-

1895 214 1968 252 DE
2004 215 2401 256 TESTAMENTIS}
2440 213 2876 264 QUEMADMODUM

1542 352 1752 402 testibus,
1797 352 1916 397 circa
1953 367 2063 410 quos
2104 355 2269 412 aliquid
2307 353 2398 397 tale
2427 354 2615 407 eveniet,
2660 355 2879 411 separatis

1542 408 1652 451 alios
1691 409 1924 463 subrogari
1957 417 2003 454 et
2039 413 2095 456 ab
2136 425 2187 456 eo
2217 412 2284 455 vel
2321 412 2378 454 ab
2411 411 2473 452 eis
2502 414 2592 453 tam
2621 414 2880 455 testatorem

1543 475 1675 519 quam
1704 463 1815 508 alios
1844 469 1980 510 testes
2010 466 2242 520 sciscitari,
2274 466 2311 510 si
2342 477 2407 518 ea,
2438 478 2552 521 quae
2576 479 2727 510 eorum
2752 478 2878 523 prae-

1543 519 1732 563 sentiam
1769 520 2058 577 antecedunt,
2101 524 2247 567 omnia
2275 534 2425 566 coram
2455 520 2518 564 eis
2547 523 2880 577 processissent.

1545 579 1568 618 5
1627 575 1689 618 Et
1726 575 1765 620 si
1800 576 1886 619 hoc
1922 576 2058 622 fuerit
2095 580 2288 635 undique
2327 575 2638 629 manifestum,
2669 582 2778 621 tunc
2807 589 2882 621 eos

1543 630 1611 674 vel
1651 643 1751 674 eum
1785 643 1876 674 una
1911 645 2012 677 cum
2041 635 2138 678 aliis
2167 635 2357 678 testibus
2389 645 2441 676 ea
2470 645 2584 687 quae
2613 635 2789 688 oportet
2815 632 2883 676 fa-

1545 698 1665 740 cere,
1706 686 1789 731 etsi
1827 688 1872 730 in
1909 689 2051 734 medio
2083 689 2431 746 subscriptiones
2465 688 2644 731 testium
2671 688 2760 731 iam
2787 687 2883 732 fue—

1544 747 1646 786 rant
1675 743 1954 789 subsecutae.
2013 745 2079 790 sic
2108 747 2269 790 etenim
2300 750 2345 789 et
2373 749 2561 788 naturae
2588 743 2814 787 medemur
2841 745 2888 787 et

1544 801 1818 842 mortuorum
1858 799 1998 855 elogia
2034 802 2081 845 in
2123 815 2204 847 suo
2244 806 2365 846 statu
2394 800 2580 844 facimus
2610 810 2886 856 permanere.

1546 860 1569 897 6
1601 857 1659 906 (1)
1720 853 1830 898 Cum
1860 861 2006 900 autem
2037 858 2373 911 constitutione,
2415 868 2527 912 quae
2565 855 2619 899 de
2647 858 2887 898 testamen-

1544 912 1600 954 t'is
1633 910 1889 955 ordinandis
1918 914 2134 968 processit
2147 917 2176 968 ⁸,
2218 918 2418 967 cavetur,
2459 915 2679 968 quatenus
2717 913 2886 966 septem

1545 966 1721 1011 testium
1751 968 2004 1023 praesentia
2038 969 2083 1013 in
2119 971 2395 1014 testamentis
2426 968 2680 1024 requiratur
2708 971 2752 1010 et
2781 965 2887 1010 sub-

1546 1023 1728 1079 scriptio
1769 1035 1796 1066 a
1834 1026 2050 1068 testatore
2090 1025 2170 1069 fiat
2197 1027 2264 1070 vel
2295 1026 2382 1069 alio
2414 1038 2494 1082 pro
2525 1037 2598 1077 00,
2638 1028 2684 1067 et
2719 1020 2888 1066 consti-

1503 1091 1505 1098 ’
1545 1080 1657 1123 tutio
1700 1079 1766 1123 sic
1804 1079 1964 1123 edixit:
2006 1082 2185 1125 ‘octavo
2225 1081 2529 1138 subscriptore
2569 1079 2765 1123 adhibito
2777 1078 2804 1131 ⁹,
2845 1081 2890 1121 et

1548 1135 1725 1191 quidam
1755 1138 2068 1179 testamentum
2097 1151 2225 1181 suum
2256 1151 2386 1182 omne
2413 1150 2546 1180 manu
2572 1136 2754 1192 propria
2782 1146 2889 1178 con-

1546 1191 1723 1247 scripsit
1752 1196 1796 1234 et
1823 1196 1929 1247 post
1958 1193 2053 1236 eius
2077 1192 2250 1238 litteras
2275 1197 2413 1238 testes
2438 1193 2624 1236 adhibiti
2651 1203 2758 1235 suas
2783 1190 2888 1235 sub-

1547 1248 1814 1304 scriptiones
1850 1254 2183 1304 supposuerunt
2221 1250 2395 1306 aliaque
2434 1249 2582 1294 omnia
2618 1247 2891 1292 sollemniter

1546 1304 1593 1348 in
1620 1307 1886 1348 testamento
1916 1310 2100 1360 peracta
2129 1310 2234 1348 sunt
2262 1311 2307 1349 et
2342 1308 2658 1349 testamentum
2696 1317 2751 1348 ex
2789 1303 2890 1356 hoc,

1547 1361 1602 1404 de
1641 1373 1730 1416 quo
1770 1360 2022 1415 dubitatur,
2050 1361 2224 1404 irritum
2252 1363 2419 1406 factum
2447 1365 2529 1415 est,
2569 1360 2754 1405 eandem
2784 1372 2890 1403 con-

1547 1416 1819 1461 stitutionem
1860 1417 2130 1472 corrigentes
2169 1418 2414 1470 sancimus,
2450 1418 2488 1462 si
2518 1417 2615 1472 quis
2645 1428 2728 1461 sua
2754 1427 2892 1459 manu

1546 1477 1690 1517 totum
1733 1476 2047 1517 testamentum
2086 1474 2153 1517 vel
2197 1473 2447 1518 codicillum
2490 1472 2807 1529 conscripserit
2847 1473 2895 1516 et

1547 1530 1632 1573 hoc
1678 1529 1930 1586 specialiter
1971 1529 2018 1573 111
2063 1530 2288 1586 scriptura
2330 1529 2597 1585 reposuerit,
2648 1527 2767 1584 quod
2809 1539 2895 1572 sua

1547 1598 1682 1630 manu
1725 1586 1812 1630 hoc
1858 1585 2070 1641 confecit,
2126 1585 2320 1630 sufficiat
2373 1585 2413 1630 ei
2457 1585 2596 1629 totius
2638 1583 2893 1629 testamenti

1550 1643 1772 1698 scriptura
1813 1646 1857 1685 et
1894 1656 1983 1686 non
2022 1643 2110 1685 alia
2150 1642 2420 1699 subscriptio
2459 1641 2712 1697 requiratur
2751 1652 2896 1696 neque

1549 1700 1606 1742 ab
1647 1711 1700 1743 eo
1739 1710 1882 1754 neque
1919 1711 2001 1754 pro
2031 1711 2083 1742 eo
2113 1699 2171 1743 ab
2202 1699 2312 1751 alio,
2354 1697 2431 1742 sed
2465 1702 2710 1753 sequantur
2737 1695 2894 1740 huius-

1549 1754 1668 1798 modi
1703 1755 1971 1810 scripturam
2010 1757 2056 1798 et
2093 1755 2268 1799 litterae
2306 1755 2486 1798 testium
2525 1759 2570 1798 et
2608 1753 2750 1798 omnis
2780 1765 2894 1809 quae

1552 1815 1812 1866 expectatur
1852 1811 2125 1864 observatio,
2168 1814 2215 1854 et
2249 1811 2309 1855 sit
2344 1813 2659 1855 testamentum
2687 1809 2894 1861 validum,

1550 1871 1596 1909 et
1635 1866 1889 1920 codicillus,
1928 1867 1966 1910 si
2007 1867 2200 1923 quinque
2238 1866 2417 1910 testium
2456 1867 2630 1911 litterae
2664 1865 2895 1910 testatoris

1551 1923 1800 1978 scripturae
1831 1923 2158 1977 coadunentur,
2197 1924 2244 1967 in
2285 1936 2367 1966 sua
2407 1922 2615 1966 firmitate
2653 1924 2894 1974 remaneat,

1553 1983 1596 2021 et
1638 1991 1766 2023 nemo
1811 1979 1994 2023 callidus
2034 1979 2311 2023 machinator
2354 1978 2607 2022 huiusmodi
2649 1978 2896 2034 iniquitatis

1550 2035 1595 2078 in
1627 2039 1851 2091 posterum
1886 2035 2148 2080 inveniatur.
2208 2035 2262 2079 D.
2302 2047 2353 2079 VJ
2389 2034 2432 2079 lc.
2463 2035 2608 2092 April.
2643 2034 2896 2078 Constanti-

1552 2105 1611 2134 no
1627 2091 1711 2134 mli
1739 2090 1991 2150 Lampadio
2022 2098 2065 2135 et
2097 2091 2252 2137 Oreste
2281 2105 2344 2136 vv.
2377 2104 2438 2135 oo.
2474 2103 2618 2134 conss.
2707 2094 2764 2143 [a.
2796 2093 2895 2142 530]

1605 2106 1674 2193 {9
1708 2145 1834 2191 Idem
1858 2148 1910 2190 A.
1929 2146 2111 2191 Iuliano
2129 2162 2213 2206 pp.
2254 2148 2460 2191 Iubemus
2486 2146 2736 2190 omnimodo
2757 2148 2896 2189 testa-

1551 2205 1707 2256 torem,
1738 2203 1777 2246 si
1799 2203 1913 2247 vires
1943 2204 2000 2246 ad
2031 2203 2344 2248 scribendum⁹
2372 2204 2551 2254 habeat,
2581 2214 2742 2246 nomen
2769 2201 2896 2246 here·

1552 2259 1619 2302 dis
1659 2259 1732 2302 vel
1767 2259 1979 2303 heredum
2017 2259 2063 2302 in
2103 2272 2186 2303 sua
2224 2259 2552 2314 subscriptione
2590 2257 2660 2301 vel
2697 2257 2746 2300 in
2787 2268 2896 2312 qua-

1553 2327 1740 2370 cumque
1769 2319 1898 2370 parte
1926 2316 2181 2359 testamenti
2210 2327 2400 2371 ponere,
2442 2319 2493 2357 ut
2530 2314 2588 2356 sit
2615 2312 2898 2356 manifestum

1553 2370 1795 2414 secundum
1834 2370 1955 2414 illius
1985 2371 2256 2414 voluntatem
2295 2370 2587 2414 hereditatem
2626 2381 2723 2413 esse
2751 2373 2896 2413 trans·

1557 2431 1572 2468 1
1637 2426 1830 2469 missam.
1891 2426 1967 2469 Sin
1998 2432 2145 2469 autem
2175 2426 2361 2470 forsitan
2392 2439 2446 2469 ex
2474 2425 2619 2469 morbi
2651 2425 2899 2470 acerbitate

1551 2482 1619 2525 vel
1659 2481 1907 2525 litterarum
1944 2482 2167 2539 imperitia
2206 2483 2293 2526 hoc
2333 2483 2483 2527 facere
2511 2481 2687 2526 minime
2716 2482 2896 2538 poterit,

1550 2537 1740 2581 testibus
1780 2539 2035 2582 testamenti
2073 2539 2383 2596 praesentibus
2422 2551 2583 2582 nomen
2611 2538 2679 2582 vel
2718 2537 2898 2582 nomina

1551 2593 1725 2638 heredis
1755 2595 1822 2638 vel
1853 2594 2062 2638 heredum
2090 2596 2148 2638 ab
2179 2609 2230 2639 00
2261 2595 2530 2651 nuncupari,
2567 2602 2618 2638 ut
2647 2593 2896 2638 omnimodo

1552 2650 1698 2694 sciant
1739 2653 1898 2704 testes,
1944 2651 1981 2694 si
2021 2664 2110 2695 non
2151 2652 2246 2708 ipse
2286 2652 2568 2696 subscribere
2607 2654 2778 2707 potest,
2823 2650 2899 2707 qui

1552 2711 1657 2750 sunt
1701 2706 1854 2762 scripti
1899 2707 2107 2761 heredes,
2154 2713 2198 2751 et
2239 2708 2303 2752 ita
2342 2711 2464 2751 certo
2504 2707 2678 2751 heredis
2722 2707 2898 2751 nomine

1554 2765 1579 2806 2
1638 2763 1861 2806 successio
1902 2763 2129 2818 procedat.
2200 2763 2247 2807 Si
2289 2764 2405 2807 enim
2446 2764 2547 2807 talis
2586 2766 2655 2808 est
2693 2767 2896 2816 testator,

1553 2818 1628 2874 qui
1671 2830 1815 2874 neque
1858 2819 2051 2862 scribere
2094 2832 2234 2875 neque
2284 2820 2518 2864 articulate
2562 2819 2685 2876 loqui
2735 2822 2897 2886 potest,

1552 2877 1730 2918 mortuo
1762 2875 1915 2918 similis
1947 2880 2014 2918 est
2051 2879 2095 2919 et
2131 2875 2304 2919 falsitas
2334 2876 2381 2918 in
2410 2876 2565 2930 elogiis
2596 2876 2897 2931 commlttitur,

1554 2943 1700 2986 quam,
1740 2935 1792 2972 ut
1820 2932 1923 2974 exul
1951 2930 2033 2974 fiat
2060 2944 2088 2974 a
2118 2945 2166 2974 re
2195 2932 2375 2987 publica
2411 2938 2585 2985 nostra,
2626 2931 2817 2976 maxime
2852 2932 2899 2976 in

1554 2989 1919 3030 testamentorum
1950 2987 2225 3031 confectione
2256 2988 2485 3043 cupientes
2519 2987 2637 3031 hanc
2668 2988 2898 3032 edictalem

1556 3047 1579 3086 3
1634 3043 1774 3097 legem
1803 3043 1850 3085 111
1881 3043 2031 3086 01110111
2062 3048 2282 3087 terrarum
2310 3044 2528 3100 ponimus.
2587 3043 2713 3098 Quod
2743 3043 2781 3087 si
2810 3057 2898 3087 non

1554 3098 1688 3142 fuerit
1731 3099 2011 3143 observatum
2067 3103 2113 3143 et
2158 3113 2317 3144 nomen
2360 3099 2535 3143 heredis
2576 3100 2644 3143 vel
2687 3098 2898 3143 heredum

1555 3168 1645 3198 non
1681 3154 1819 3198 fuerit
1846 3168 1979 3199 manu
2009 3156 2236 3199 testatoris
2267 3156 2481 3211 scriptum
2509 3155 2576 3198 vel
2607 3167 2714 3199 voce
2750 3167 2898 3199 coram

1554 3210 1743 3255 testibus
1774 3216 2093 3268 nuncupatum,
2123 3212 2208 3256 hoc
2237 3215 2551 3255 testamentum
2578 3213 2697 3255 stare
2719 3211 2899 3254 minime

1554 3267 1750 3322 patimur
1778 3268 1846 3310 vel
1875 3268 1922 3311 in
1950 3271 2106 3313 totum.
2149 3269 2188 3311 si
2215 3271 2312 3312 tota
2341 3267 2551 3311 heredum
2571 3267 2762 3312 nomina
2799 3267 2896 3311 fue-

1554 3323 1644 3366 rint
1681 3325 2015 3379 praetermissa,
2058 3324 2125 3367 vel
2161 3325 2207 3367 in
2236 3324 2330 3368 eius
2359 3324 2533 3368 heredis
2562 3323 2896 3377 institutionem,

1555 3380 1680 3423 cuius
1721 3393 1880 3424 nomen
1919 3394 2061 3436 neque
2099 3381 2250 3436 lingua
2288 3393 2430 3436 neque
2470 3393 2628 3423 manus
2670 3379 2897 3424 testatoris

1556 3440 1580 3479 4
1626 3435 1901 3491 significavit.
1950 3437 2036 3480 Sed
2061 3449 2116 3480 ne
2142 3438 2291 3492 aliqua
2316 3437 2506 3480 forsitan
2534 3436 2695 3480 oblivio
2720 3436 2899 3480 testium

1554 3491 1711 3535 animis
1741 3493 1970 3538 incumbat
2004 3493 2204 3548 pluribus
2242 3493 2461 3536 interdum
2491 3492 2741 3537 nominibus
2771 3493 2896 3535 here-

1555 3548 1658 3591 dum
1688 3549 1934 3604 expressis,
1974 3549 2059 3604 ipsi
2098 3553 2236 3593 testes
2274 3549 2320 3592 111
2360 3549 2451 3592 suis
2483 3547 2896 3604 subscriptionibus,

1557 3617 1656 3648 cum
1686 3608 1875 3649 testator
1904 3618 1994 3649 non
2023 3605 2134 3648 haec
2165 3605 2413 3660 scripserit,
2452 3604 2529 3648 sed
2559 3603 2895 3660 nuncupaverit,

1556 3673 1706 3704 eorum
1747 3661 1924 3704 nomina
1967 3661 2163 3705 scribere
2199 3674 2288 3704 non
2329 3660 2535 3704 differant
2573 3659 2631 3704 ad
2669 3663 2897 3704 aeternam

1557 3722 1579 3760 5
1611 3717 1675 3760 rei
1690 3717 1960 3760 memoriam.
1992 3718 2070 3760 Sin
2086 3729 2188 3760 vero
2204 3717 2299 3772 ipse
2315 3721 2504 3760 testator
2522 3717 2568 3759 in
2589 3716 2899 3772 qualicumque

1555 3778 1683 3828 parte
1711 3773 1963 3816 testamenti
2002 3772 2182 3816 nomina
2215 3773 2426 3816 heredum
2456 3773 2588 3824 (sicut
2617 3772 2783 3816 dictum
2812 3777 2894 3820 est)

1512 3871 1514 3876 ,
1557 3829 1809 3885 scripserit,
1850 3841 2170 3884 supervacuum
2207 3834 2273 3872 est
2312 3834 2448 3873 testes
2484 3829 2532 3872 in
2561 3841 2644 3873 sua
2673 3827 2896 3884 subscrip·

1556 3886 1675 3930 tione
1703 3885 1787 3928 hoc
1817 3886 2071 3939 exprimere,
2105 3898 2205 3928 cum
2233 3885 2421 3930 forsitan
2455 3885 2626 3929 nescire
2655 3897 2730 3928 eos
2759 3888 2896 3928 testa-

1555 3947 1627 3985 tor
1669 3953 1772 3984 suos
1816 3940 2000 3984 heredes
2046 3941 2184 3984 voluit
2226 3947 2270 3984 et
2311 3941 2443 3985 semel
2487 3953 2624 3985 causa
2665 3953 2718 3985 ex
2756 3939 2896 3995 ipsius

1557 4002 1582 4042 6
1635 3996 1862 4040 testatoris
1880 3997 2103 4053 scriptura
2119 4001 2348 4053 appareat.
2395 3997 2582 4053 Oportet
2610 3996 2727 4040 enim
2756 3994 2894 4039 omni-

1555 4052 1685 4096 modo
1723 4053 1790 4095 vel
1832 4065 1886 4096 ex
1922 4053 2081 4097 litteris
2121 4054 2349 4097 testatoris
2387 4054 2454 4096 vel
2492 4065 2545 4096 ex
2573 4065 2680 4097 voce
2750 4050 2894 4114 uidem

1556 4107 1798 4160 testatoris,
1841 4109 2004 4153 litteris
2053 4114 2201 4153 autem
2244 4110 2447 4163 testium,
2491 4109 2564 4164 qui
2607 4107 2664 4151 ad
2707 4119 2730 4150 e
2750 4118 2895 4162 egium

1557 4163 1878 4209 conficiendum
1908 4165 2074 4209 fuerint
2111 4165 2367 4218 convocati,
2405 4165 2583 4209 nomina
2619 4161 2895 4207 manifestari

1556 4219 1781 4264 heredum.
1842 4222 2207 4276 quemadmodum
2238 4221 2351 4264 enim
2381 4221 2426 4264 in
2455 4219 2615 4275 elogio,
2655 4217 2773 4274 quod
2802 4218 2896 4261 sine

1557 4275 1779 4332 scriptura
1810 4277 2055 4333 conficitur,
2086 4290 2267 4322 necesse
2297 4281 2365 4321 est
2392 4282 2650 4319 testatorem
2681 4286 2789 4318 voce
2818 4287 2893 4318 ex-

1557 4332 1746 4397 primere
1775 4346 1935 4377 nomen
1966 4334 2033 4378 vel
2061 4334 2240 4378 nomina
2270 4332 2494 4383 heredum,
2533 4331 2596 4373 ita
2635 4332 2812 4385 oportet
2851 4334 2895 4373 et

1555 4402 1601 4431 111
1631 4390 1906 4433 testamentis
1936 4402 2017 4445 per
2045 4392 2312 4456 scripturam
2337 4386 2635 4438 conficiendi8‚
2668 4399 2769 4429 cum
2797 4386 2894 4441 ipse

1556 4446 1747 4488 testator
1783 4457 1918 4490 manu
1958 4459 2041 4490 sua
2070 4446 2264 4490 scribere
2292 4443 2475 4487 heredes
2505 4442 2573 4486 vel
2605 4442 2798 4487 noluerit
2826 4442 2894 4486 vel

1554 4582 1690 4625 turale
1718 4584 1774 4636 R,
1803 4583 1886 4625 tale
1922 4586 1958 4629 0
2086 4586 2143 4638 (8)
2173 4600 2205 4628 c·
2236 4590 2277 4627 21
2307 4583 2344 4626 Ιι.
2376 4592 2401 4626 t.
2540 4584 2597 4635 (9)
2626 4583 2685 4625 εἰσ
2713 4582 2767 4635 R,
2799 4579 2892 4623 *mb-

1555 4639 1814 4680 scribendum
1851 4642 1886 4683 C
