3094 4732
61 67 66 71 ¹
128 147 137 166 2
182 116 264 161 nn
291 117 542 156 ‘PALATHS
581 117 648 155 er
682 115 927 154 uomens
1523 96 1630 155 453
2376 102 2455 156 XI
2490 105 2692 156 77—78
2766 102 2865 157 XII
2905 106 2928 155 1

0 232 111 311 iss-
138 242 139 245 Ἴ
170 252 313 312 ‘gibus
337 256 581 311 occupatos
604 265 702 299 esse
723 253 983 318 constiterit,
1015 265 1092 296 sex
1117 253 1213 296 auri
1242 254 1399 298 uncias
1425 253 1522 298 fisci
1604 254 1672 298 ria
1716 254 1786 298 vel
1822 252 2003 298 ‘Persei‘
2022 252 2068 296 in
2117 253 2316 311 Aegypto
2361 255 2560 300 arborem
2606 257 2937 313 comparaverit,

0 314 74 352 ³2⁵*-
99 328 102 330 ·
186 311 350 355 viribus
378 311 641 356 inferendas.
685 311 741 356 l).
765 310 890 369 prid.
920 309 964 353 lc.
994 308 1098 353 Dee.
1133 310 1523 368 Constantinopoli
1605 311 1799 366 quinque
1827 310 1950 353 libris
1981 308 2080 353 auri
2108 312 2278 353 noverit
2315 324 2362 354 se
2398 324 2493 356 esse
2520 312 2816 356 multandum:
2849 326 2939 358 non

0 349 46 400 ⁵43*
189 365 375 425 Olybrio
404 372 451 412 et
476 366 679 412 Ptobino
708 378 852 411 conss.
1334 370 1391 419 [a.
1422 370 1521 420 395]
1603 367 1774 410 minore
1802 366 1869 410 dis
1901 365 2031 431 endio
2061 368 2107 409 et
2133 365 2209 409 illo
2239 366 2458 419 feriendo,
2489 368 2564 423 qui
2590 368 2777 411 vendere
2807 369 2939 412 arbo-

2 438 20 459 :
1604 435 1676 466 res
1705 434 1841 467 ausus
1890 425 2029 473 uent,
2067 434 2178 476 quas
2209 435 2296 465 non
2327 424 2431 467 licet
2461 423 2729 479 emptoribus
2761 436 2938 479 compa-

603 481 826 530 LXXVII
861 481 1116 542 (LXXVI).
1605 490 1718 521 rare·

310 563 388 604 DE
415 562 676 604 PALATHS
705 563 779 604 ΕΤ
808 562 1056 603 DOMIBUS
1085 563 1392 604 DOMINICIS·
1662 533 1694 578 2
1725 533 1870 591 Impp.
1892 533 2166 577 Theodosius
2181 540 2225 578 et
2250 533 2589 578 Valentinianus
2602 534 2693 576 AA.
2722 532 2939 578 Eudoxio

1605 589 1756 632 comiti
1783 603 2016 633 sacrarum
2047 589 2350 647 larqitionum.
2405 588 2566 632 Omnes
2600 588 2768 632 iudices
2794 591 2939 633 cuius-

244 644 268 693 1
309 644 472 704 ¹Impp.
493 643 770 690 Theodosius
783 650 828 689 et
854 643 1196 688 Valentinianus
1209 645 1302 689 AA.
1325 644 1521 689 Iohanni
1606 657 1790 700 cumque
1830 644 2055 698 dignitatis
2100 646 2245 688 sciant
2286 644 2474 699 posthac
2514 644 2680 698 absque
2723 646 2940 698 permissu

187 701 340 746 comiti
365 713 518 746 rerum
538 701 838 758 privatarum.
899 700 1190 744 Consecratas
1215 701 1344 745 nobis
1373 700 1519 753 aedes,
1604 700 1914 754 magnitudinis
1945 703 2050 743 tuae
2074 701 2276 743 arborem
2301 712 2355 741 ex
2375 698 2635 753 Daphnensi
2664 699 2764 742 luco
2784 700 2940 743 Antio-

185 758 232 802 id
268 762 337 802 est
371 756 525 801 inclita
561 755 750 811 palatia,
795 756 853 799 ab
892 758 1010 800 omni
1048 758 1317 812 privatorum
1354 769 1439 800 usu
1475 760 1521 799 et
1606 755 1770 798 chenae
1797 755 1984 797 civitatis
2013 754 2295 808 praecidendi
2321 755 2389 796 vel
2419 753 2615 806 quolibet
2635 755 2762 796 modo
2794 756 2940 811 lapsas

188 813 409 858 communi
437 811 710 856 habitatione
739 812 993 868 excipimus.
1609 815 1626 853 1
1686 809 1983 853 transferendi
2019 809 2242 852 licentiam
2270 810 2444 852 sibimet
2484 809 2795 863 denegandam.
2855 811 2943 854 Sed

1603 878 1687 909 nec
1725 865 1956 921 alytarcha
1991 877 2125 907 unam
2165 877 2423 919 cupressum
2457 864 2554 907 aliis
2584 866 2793 919 plantatis
2824 867 2940 910 exci-

530 926 785 974 LXXVIII
819 924 1104 993 (LXXVH),
1605 922 1708 965 dere
1736 921 1821 964 sibi
1850 921 1985 964 licere
2015 920 2266 963 contendat.
2327 932 2379 963 ac
2409 933 2463 963 ne
2503 919 2668 963 solacio
2700 921 2941 976 antiquitus

186 1010 263 1051 DE
286 1007 581 1050 CUPRESSIS
602 1007 686 1048 EX
714 1008 861 1051 LUGO
891 1008 1223 1049 DAPHNENSI
1248 1009 1361 1049 VEL
1390 1008 1519 1048 PER·
1605 978 1644 1022 ei
1690 978 1934 1021 concesso²
1977 976 2139 1031 privari
2181 988 2261 1032 per
2303 977 2448 1019 omnia
2491 975 2712 1027 videatur,
2753 990 2833 1031 pro
2874 990 2941 1028 eo,

360 1064 472 1105 m
499 1063 1338 1105 ΥΡ
1605 1031 2943 1152 2...

1605 1146 1908 1188 decernimus:
1955 1145 2148 1200 quinque
2190 1144 2403 1186 librarum
2446 1143 2544 1187 auri
2582 1143 2944 1188 condemnatione

243 1201 268 1249 1
304 1199 450 1260 Impp.
466 1201 691 1246 Arcadius
715 1207 760 1246 et
783 1202 1016 1247 Honorius
1039 1203 1130 1246 ΛΑ.
1163 1202 1346 1246 Silvano
1370 1201 1521 1246 comiti
1604 1201 1735 1245 huius
1764 1202 1873 1257 legis
1901 1205 2165 1244 temeratore
2193 1199 2440 1255 plectendo.

185 1271 336 1303 renim
354 1257 655 1316 privatarum.
716 1258 764 1303 Si
799 1258 898 1314 quis
927 1258 1210 1314 Daphnensis
1246 1258 1336 1302 luci
1363 1258 1409 1301 in
1438 1257 1519 1314 Sy·

1198 1714 1417 1774 LIBER
1461 1711 1937 1775 DUODEGIMUS.

1605 1868 1809 1918 truenda,
1841 1869 1899 1912 ad
1927 1868 2179 1911 huiusmodi
2209 1870 2518 1912 necessitatem
2557 1872 2808 1912 senatorum
2839 1869 2944 1913 sub·

818 1930 854 1978 1,
871 1940 889 1965 ι
1606 1924 1771 1988 stantia
1801 1937 1890 1968 non
1919 1927 2114 1968 vocetur.
2173 1924 2226 1967 D.
2254 1937 2283 1966 ν
2308 1939 2409 1968 non.
2442 1924 2556 1969 Mai.
2587 1925 2735 1968 Tauro
2766 1932 2810 1968 et
2839 1926 2943 1968 Flo-

589 2012 664 2052 DE
698 2010 1113 2052 DIGNITATIBUS'
1604 1985 2095 2094 regaghgznszdiamw
2122 2036 2174 2079 A.
2207 2034 2424 2079 Sallustio
2453 2049 2529 2093 pp.
2585 2036 2661 2079 Ius
2692 1985 2942 2080 seigtossffi

241 2094 264 2142 1
302 2093 418 2152 Imp.
449 2094 710 2139 Alexander
739 2096 791 2137 A.
825 2092 1104 2138 Severianae.
1164 2092 1236 2143 Si,
1277 2098 1328 2136 ut
1357 2106 1520 2149 propo·
1606 2096 1650 2135 et
1671 2092 1981 2136 auctoritatem
2007 2092 2100 2135 eius
2126 2091 2304 2139 ordinis.
2334 2092 2381 2135 in
2411 2106 2497 2147 quo
2524 2105 2604 2135 nos
2631 2105 2806 2148 quoque
2823 2094 2943 2148 ipsos

181 2152 306 2202 nitis,
337 2155 383 2194 et
410 2162 539 2194 avum
569 2150 847 2194 consularem
878 2155 920 2192 et
957 2153 1128 2205 patrem
1157 2150 1429 2204 praetorium
1458 2150 1519 2192 vi·
1605 2160 1910 2198 numeramus,
1951 2160 2134 2191 necesse
2163 2153 2231 2191 est
2259 2149 2316 2191 ab
2347 2148 2466 2191 omni
2506 2148 2668 2191 iniuria
2696 2147 2943 2192 defendere.

181 2221 279 2251 rum
294 2206 527 2258 habuistis,
555 2208 600 2249 et
622 2218 712 2248 non
735 2205 935 2260 privatae
960 2205 1231 2249 condicionis
1255 2206 1519 2257 hominibus,
1605 2203 1660 2247 D.
1691 2217 1793 2247 non.
1822 2204 1950 2248 Febr.
1985 2203 2376 2261 Constantinopoli
2399 2203 2670 2248 Mamertino
2701 2209 2746 2247 et
2764 2205 2944 2249 Nevitta

180 2263 258 2308 sed
281 2261 534 2307 clarissimis
560 2261 816 2316 nupseritis,
843 2261 1090 2305 claritatem
1113 2261 1284 2316 generis
1306 2262 1518 2305 retinetis.
1606 2273 1749 2303 conss.
2045 2283 2046 2286 =
2756 2265 2812 2312 [a.
2846 2264 2942 2312 362]

182 2319 289 2364 Sine
317 2319 389 2362 die
417 2326 461 2362 et
490 2317 757 2362 oonsulibus.
1661 2314 1693 2362 9
1725 2314 1870 2373 Impp.
1914 2315 2254 2359 Valentinianus
2293 2321 2338 2359 et
2376 2314 2541 2359 Valens
2579 2316 2669 2358 AA.
2712 2315 2774 2358 ad
2816 2315 2943 2373 Sym-

239 2373 271 2420 2
302 2374 416 2432 Imp.
459 2373 777 2418 Constantinus
815 2373 865 2416 A.
910 2371 1155 2415 Volusiano
1196 2373 1298 2430 pp.⁴
1368 2372 1523 2428 Neque
1605 2371 1808 2414 maelium
1836 2385 1917 2428 pu.
1977 2371 2260 2414 Libertorum
2298 2371 2413 2414 filios
2444 2370 2627 2426 adipisci
2658 2370 2944 2415 clarissimam

181 2431 364 2475 famosis
393 2432 440 2474 et
467 2429 632 2473 notatis
658 2433 701 2471 et
731 2441 841 2484 quos
871 2428 1016 2471 scelus
1046 2431 1124 2470 aut
1146 2427 1263 2472 vitae
1291 2429 1521 2483 turpitudo
1607 2427 1861 2482 dignitatem
1880 2440 1979 2476 ¹non
2009 2427 2305 2482 prohibemus.
2617 2431 2673 2479 [a.
2706 2431 2942 2480 364—365]

181 2487 386 2543 inquinat
425 2490 470 2528 et
508 2498 618 2540 quos
657 2484 838 2528 infamia
878 2485 935 2527 ab
976 2484 1263 2527 honestorum
1294 2489 1423 2527 coetu
1452 2497 1521 2528 se-

180 2547 345 2599 gregat,
378 2541 600 2597 dignitatis
629 2544 787 2596 portae
817 2540 1047 2597 patebunt.
1193 2543 1250 2592 [a.
1283 2543 1520 2592 313—315]

237 2597 268 2646 3
301 2598 446 2642 ⁶ldem
475 2600 526 2641 A.
559 2597 620 2640 ad
647 2596 861 2652 Rufinum
882 2609 967 2653 pp.
1028 2595 1173 2638 Maior
1198 2595 1387 2650 dignitas
1411 2597 1522 2639 nulli

180 2655 313 2699 debet
351 2653 472 2698 circa
510 2652 672 2709 prioris
711 2652 937 2707 dignitatis
978 2664 1057 2695 seu
1087 2652 1268 2695 militiae
1296 2652 1523 2708 privilegia

180 2710 498 2768 praeiudicium
527 2709 688 2753 facere.
748 2710 802 2752 1),
842 2720 873 2749 V
895 2707 940 2751 lc.
969 2707 1077 2751 Mai.
1111 2708 1276 2751 Sirmio
1306 2708 1521 2752 Constan-

183 2768 276 2810 tino
306 2769 357 2810 A.
398 2778 425 2805 v
451 2771 495 2809 et
523 2765 697 2808 Licinio
731 2765 772 2809 C.
805 2777 947 2808 conss.
1334 2769 1389 2816 [a.
1423 2767 1520 2816 319]

235 2822 268 2868 4
309 2822 453 2880 Impp.
497 2821 786 2865 Constantius
833 2825 878 2864 et
920 2819 1141 2864 Constans
1180 2819 1273 2863 AA.
1305 2818 1520 2877 Philippo

96 2885 106 2893 ·
175 2893 253 2937 pp.
314 2877 579 2922 Senatorum
617 2877 915 2928 substantias,
958 2888 1069 2931 quas
1107 2878 1151 2917 in
1191 2874 1374 2919 diversis
1411 2876 1521 2919 locis

179 2940 224 2978 et
251 2934 488 2991 provinciis
517 2932 765 2988 possident,
798 2937 842 2975 et
870 2932 1068 2975 homines
1100 2944 1252 2974 eorum
1279 2935 1370 2974 tam
1401 2944 1428 2974 a
1455 2937 1520 2974 te-

178 2990 387 3034 monariis
418 2990 626 3034 oneribus
656 2989 936 3032 conferendis
977 3000 1108 3043 quam
1147 3001 1173 3030 a
1205 2988 1362 3031 ceteris
1391 3000 1520 3043 prae·

180 3047 470 3096 stationibus,
502 3057 613 3101 quas
643 3044 813 3087 iudices
844 3045 1126 3095 describunt,
1157 3055 1240 3086 nec
1269 3057 1360 3087 non
1390 3044 1521 3086 etiam

180 3102 236 3145 ab
265 3102 469 3145 omnibus
506 3100 694 3144 sordidis
731 3100 1182 3154 extraordinariisque
1222 3102 1266 3142 et
1294 3098 1521 3142 vili-oribus

180 3157 435 3200 muneribus
473 3156 638 3200 liberos
677 3167 775 3199 esse
817 3156 1115 3211 praecipimus
1152 3155 1360 3210 nullaque
1403 3160 1522 3198 sorte

181 3212 422 3267 constringi
449 3211 690 3255 functionis
719 3210 938 3266 indignae.
1193 3215 1249 3262 [a.
1283 3214 1519 3262 346-3-19]

235 3268 266 3314 5
299 3267 432 3326 ⁸Imp.
467 3267 756 3311 Constantius
783 3268 834 3309 A.
866 3267 928 3310 ad
958 3266 1217 3312 Clearchum
1279 3280 1320 3308 u.
1381 3265 1520 3309 Nemo

180 3324 433 3381 praefectus
472 3323 593 3366 urbis
634 3323 747 3366 citra
790 3324 1144 3379 praeceptionem
1184 3333 1236 3366 ve
1293 3321 1522 3365 scientiam

180 3383 376 3425 nostram
393 3379 474 3423 ulli
492 3378 662 3422 muneri
678 3378 884 3433 subiuget
908 3381 1178 3423 senatoremt
1209 3390 1336 3421 nemo
1354 3377 1522 3420 curiam

188 3442 201 3479 l
263 3442 459 3479 nostram
506 3434 686 3478 immani
724 3435 873 3490 pulset
914 3435 1087 3478 iniuria.
1165 3433 1212 3477 Si
1256 3433 1362 3488 quid
1405 3433 1522 3476 enim

180 3493 404 3537 senatoria
427 3491 639 3558 praeditis
669 3489 881 3544 dignitate
909 3491 1042 3534 fuerit
1068 3490 1182 3533 forte
1209 3488 1521 3540 mandandum,

181 3554 333 3593 nostro
348 3553 416 3591 est
430 3547 592 3590 1udicio
609 3545 944 3590 reservandum:
976 3547 1076 3589 sit⁶¹
1103 3557 1292 3601 namque
1319 3544 1521 3598 dignitas,

181 3605 220 3648 si
247 3604 408 3647 nobis⁷
435 3602 691 3646 iubentibus
723 3602 976 3646 sustinetur.

238 3658 269 3705 6
300 3659 425 3703 Idem
453 3661 504 3703 A.
536 3659 598 3702 ad
629 3657 831 3713 Orfitum.
889 3658 959 3701 Ne
987 3657 1084 3713 quis
1113 3669 1167 3700 ex
1195 3657 1358 3699 ultimis
1388 3668 1520 3709 nego-

181 3715 415 3759 tiatoribus
444 3714 514 3758 vel
551 3713 808 3757 monetariis
846 3714 1117 3768 abiectisque
1152 3712 1309 3755 officiis
1339 3712 1406 3755 vel
1447 3713 1520 3755 de-

181 3772 332 3815 formis
358 3769 592 3813 ministerii
617 3769 891 3812 stationariis
909 3770 1112 3824 omnique
1128 3767 1374 3812 officiorum
1397 3767 1522 3810 faece

182 3827 450 3880 diversisque
486 3826 625 3881 pastis
666 3825 871 3878 turpibus
910 3826 1047 3868 lucris
1078 3824 1224 3878 aliqua
1263 3824 1353 3867 frui
1384 3823 1521 3876 digni-

181 3888 273 3926 tate
301 3885 578 3938 pertemptet.
623 3881 700 3924 sed
730 3883 774 3923 et
804 3880 841 3923 si
870 3881 969 3946 quis
999 3880 1229 3932 meruerit,
1261 3879 1520 3934 repellatur:

180 3939 385 3994 repulsos
414 3943 560 3980 autem
590 3937 722 3980 etiam
751 3938 939 3991 propriis
968 3935 1093 3980 reddi
1125 3936 1359 3978 consortiis
1392 3946 1520 3989 opor-

181 3995 304 4039 tebit.
1193 3995 1248 4042 [a.
1282 3993 1519 4040 357—3601

1665 2483 1728 2529 10
1775 2481 1879 2526 ¹⁰Im
1904 2497 1987 2540 pp.
2033 2483 2194 2526 Valens
2236 2481 2481 2526 Gratianus
2519 2488 2564 2526 et
2605 2482 2945 2526 Valentinianus

1607 2540 1737 2583 AAA.
1770 2539 1832 2582 ad
1863 2496 2110 2582 gracchum
2138 2553 2212 2595 pu.
2242 2574 2244 2577 ,
2274 2538 2480 2582 Severum
2510 2538 2836 2592 indagationem
2865 2553 2945 2594 per

1606 2600 1826 2639 tormenta
1854 2594 2092 2652 quaerendi
2121 2607 2148 2637 a
2177 2595 2419 2638 clarissimo
2438 2595 2471 2619 ¹¹
2500 2595 2676 2639 nomine
2715 2595 2943 2638 submove-

1605 2664 1718 2695 mus.
1776 2650 1831 2694 D.
1854 2652 1977 2710 prid.
2020 2664 2123 2694 non.
2157 2651 2256 2694 Ian.
2289 2650 2482 2694 Treviris
2514 2649 2733 2694 Gratiano
2764 2653 2814 2694 A.
2854 2662 2947 2694 111!

1606 2713 1651 2751 et
1678 2706 1955 2751 Merobaude
1985 2719 2128 2750 conss
2755 2710 2810 2758 [a.
2845 2711 2942 2759 377]

1665 2762 1723 2808 11
1765 2761 1925 2806 ¹²Idem
1954 2763 2085 2806 AAA.
2117 2761 2179 2804 ad
2201 2760 2487 2826 Procopium.
2533 2761 2720 2805 Senator
2741 2763 2808 2805 vel
2829 2762 2944 2805 alius

1607 2819 1875 2862 clarissimus
1899 2819 2092 2873 privatos
2115 2818 2277 2861 habeat
2296 2817 2427 2868 filios,
2451 2817 2591 2860 editos
2618 2819 2791 2873 quippe,
2817 2823 2940 2861 ante-

1606 2887 1737 2930 quam
1777 2875 2030 2928 susciperet·
2046 2873 2338 2928 dignitatem:
2376 2873 2493 2928 quod
2523 2886 2612 2916 non
2652 2874 2793 2916 solum
2827 2875 2943 2917 circa

1604 2931 1825 2974 masculos
1843 2932 1878 2957 ¹³
1894 2929 2165 2984 dignoscitur
2180 2930 2480 2981 constitutum,
2510 2941 2659 2972 verum
2677 2930 2807 2972 etiam
2825 2930 2943 2972 circa

1615 2993 1622 3027 1
1689 2986 1803 3029 filias
1844 2986 1970 3028 simili
2012 2985 2272 3028 condicione
2310 2985 2586 3028 servandum.
2647 2985 2757 3027 Cum
2795 2988 2942 3027 autem

1605 3046 1813 3097 paternos
1843 3043 2031 3084 honores
2060 3041 2252 3084 invidere
2281 3040 2380 3083 filiis
2409 3053 2499 3083 non
2529 3042 2726 3095 oportet.
2757 3052 2784 3082 a
2814 3051 2941 3082 sena-

1605 3106 1702 3141 tore
1728 3098 1795 3140 vel
1821 3098 1914 3140 solo
1932 3099 1964 3122 ¹⁴
1994 3096 2238 3139 clarissimo
2269 3100 2520 3150 susceptum
2550 3096 2596 3137 in
2627 3095 2941 3138 clarissimatus

1607 3153 1832 3197 sciendum
1864 3156 1931 3195 est
1960 3152 2172 3207 dignitate
2200 3164 2466 3194 mansurum.
2528 3151 2581 3193 D.
2615 3163 2751 3194 XVIII
2776 3150 2818 3193 lc.
2852 3185 2861 3194 .
2894 3186 2902 3194 .
2930 3186 2938 3194 .

1608 3208 1848 3265 Hierapoli
1859 3207 2079 3250 Gratiano
2095 3209 2145 3250 A.
2159 3219 2247 3250 1111
2261 3214 2305 3251 et
2315 3206 2589 3250 Merobaude
2604 3219 2747 3250 conss.
2770 3211 2826 3258 [a.
2843 3211 2891 3247 37
2899 3209 2938 3258 7]

1663 3263 1727 3310 12
1764 3263 1978 3333 ¹⁵Imppp.
2011 3262 2258 3306 Gratianus
2298 3262 2641 3306 Valentinianus
2666 3268 2711 3305 et
2742 3261 2939 3306 Theodo-

1604 3322 1699 3363 sius
1727 3320 1860 3363 AAA.
1901 3319 2114 3362 neoterio
2145 3333 2230 3376 pp.
2288 3317 2484 3369 IudiceS,
2531 3317 2606 3372 qui
2644 3330 2694 3361 se
2728 3318 2858 3360 furtis
2897 3320 2942 3360 et

1606 3376 1845 3420 sceleribus
1877 3374 2044 3418 fuerint
2068 3375 2313 3418 maculasse
2338 3373 2537 3425 convicti,
2570 3373 2731 3417 ablatis
2763 3374 2940 3417 codicil-

1604 3433 1746 3475 lorum
1762 3431 2006 3484 insignibus
2034 3434 2079 3474 et
2098 3431 2265 3473 honore
2291 3429 2412 3473 exuti
2434 3430 2549 3472 inter
2570 3430 2782 3484 pessimos
2809 3442 2939 3483 quos-

1605 3500 1689 3543 que
1729 3491 1773 3529 et
1807 3486 2005 3541 plebeios
2044 3486 2315 3537 habeantur,
2346 3498 2428 3529 nec
2457 3486 2541 3528 sibi
2580 3486 2766 3539 posthac
2805 3485 2858 3527 de
2888 3496 2940 3526 eo

1605 3544 1772 3586 honore
1809 3542 2114 3593 blandiantur,
2153 3555 2239 3597 quo
2278 3554 2324 3584 se
2364 3541 2449 3596 ipsi
2477 3540 2682 3595 indignos
2720 3540 2941 3584 iudicave-

1605 3604 1721 3641 runt.
1781 3597 1836 3640 D.
1868 3609 2004 3640 XVIII
2039 3598 2081 3640 lc.
2114 3597 2242 3641 Febr.
2277 3596 2617 3652 Thessalonicae
2660 3595 2878 3639 Gratiano
2917 3605 2946 3636 ν

1606 3661 1650 3698 et
1682 3653 1930 3697 leeodosio
1962 3654 2052 3695 AA.
2085 3666 2228 3696 conss,
2753 3655 2809 3703 [a.
2843 3654 2939 3701 380]

1664 3707 1727 3754 13
1764 3708 1978 3766 ¹⁶Impp›.
2023 3707 2363 3758 Valentinianus
2405 3707 2680 3750 Theodosius
2723 3715 2766 3750 et
2801 3706 2940 3749 Arca-

1607 3766 1706 3807 dius
1746 3766 1877 3807 AAA.
1924 3764 2213 3807 lIarciano¹⁷
2246 3765 2407 3811 -abmiti
2455 3763 2658 3806 Orientis.
2732 3761 2941 3805 Mulieres

1607 3822 1773 3864 honore
1812 3820 2067 3862 maritorum
2108 3819 2338 3873 erigimus,
2377 3830 2536 3873 genere
2576 3817 2857 3860 nobilitamus
2898 3820 2942 3859 et

1607 3878 1752 3919 forum
1784 3887 1838 3917 ex
1868 3888 2018 3918 eorum
2048 3887 2241 3929 persona
2267 3875 2500 3918 statuimus
2524 3877 2568 3916 et
2598 3873 2816 3916 domicilia
2844 3885 2941 3914 mu-

1605 3939 1762 3974 tamus.
1823 3931 1890 3972 sin
1920 3936 2066 3973 autem
2092 3931 2272 3974 minoris
2304 3930 2468 3973 ordinis
2494 3929 2633 3971 virum
2663 3933 2818 3983 postea
2846 3941 2940 3971 sor-

1605 3989 1714 4030 titae
1767 3992 1871 4030 sunt
1889 3988 1944 4037 ¹⁸,
2000 3986 2148 4040 priore
2190 3986 2399 4040 dignitate
2441 3985 2639 4039 privatae
2681 3983 2940 4039 posterioris

239 4049 267 4095 7
303 4048 446 4093 ⁸Idem
475 4050 525 4092 A.
557 4047 619 4090 ad
645 4052 863 4091 senatum.
924 4046 1324 4101 Quoniamssvdiversi
1355 4045 1522 4088 iudices
1605 4042 1753 4086 mariti
1779 4045 2021 4097 sequantur
2044 4042 2357 4085 condicionem.
2404 4039 2457 4082 D.
2490 4051 2581 4082 ΠΗ
2600 4040 2659 4082 id.
2686 4039 2798 4083 Nov.
2830 4039 2941 4082 Con-

181 4106 394 4151 nonnulla
423 4116 565 4160 opera
593 4103 640 4146 in
670 4102 933 4158 quibusdam
969 4103 1204 4146 aestimant
1230 4103 1416 4147 urbibus
1445 4113 1521 4144 ex·
1605 4098 1904 4154 stantinopoli
1923 4098 2122 4141 Arcadio
2147 4099 2199 4141 A.
2233 4108 2278 4140 11
2303 4103 2347 4140 et
2370 4094 2537 4150 Rufino
2568 4107 2710 4137 conss.
2768 4098 2823 4146 [a.
2843 4096 2939 4144 392]

184 4188 2667 4210 ....—.-.—--—-———————————-———————-—-———-—-—-

181 4248 231 4298 (1)
263 4249 379 4301 iunye
398 4248 471 4288 le.
490 4248 654 4295 5,14,1ο
685 4244 815 4293 (immo
845 4245 905 4290 25)
936 4245 1047 4283 cuius
1077 4250 1214 4282 extant
1243 4244 1361 4283 haec.-
1393 4243 1515 4280 Prae·
1601 4251 1775 4289 namque
1805 4237 1985 4287 dignitas
2013 4237 2131 4277 nobis
2150 4240 2333 4291 fortas-sa
2361 4251 2439 4276 scr.
2512 4237 2568 4285 (8)
2600 4255 2654 4269 =
2674 4236 2746 4276 le.
2770 4238 2878 4285 15,1,
2897 4245 2939 4276 7:

183 4304 252 4343 dja
279 4315 383 4354 quae
413 4302 464 4342 ad
493 4302 558 4340 ius
585 4300 791 4352 privatum
815 4298 997 4349 div[inae
1027 4297 1188 4347 doJmus
1214 4299 1424 4350 pertinent
1450 4308 1515 4334 ve·
1601 4298 1720 4347 {unqe
1739 4297 1776 4341 7,
1794 4302 1852 4342 62,
1870 4301 1913 4334 23
1943 4302 1980 4334 et
2010 4309 2111 4346 quae
2142 4295 2200 4333 ibi
2228 4293 2446 4331 laudantur
2530 4291 2587 4339 (9)
2616 4311 2671 4325 =
2703 4291 2775 4331 le.
2808 4294 2846 4339 9,
2872 4301 2905 4339 2,
2923 4301 2941 4334 1

183 4359 387 4399 nundari.
405 4368 669 4398 ..censemus
709 4355 887 4406 exceptis
914 4353 1082 4405 palatiis
1111 4357 1232 4404 atque
1273 4355 1336 4393 his
1364 4363 1517 4404 posses·
1600 4353 1676 4401 (1ο)
1693 4370 1749 4385 ==
1776 4349 1848 4389 Th.
1881 4350 1923 4399 9,
1952 4357 2011 4400 35,
2042 4358 2063 4389 3
2162 4351 2229 4399 (11)
2258 4347 2464 4387 senatorio
2496 4347 2584 4395 Th„
2615 4346 2689 4388 ἐπὶ
2718 4349 2809 4386 τοῖς
2838 4358 2940 4404 συγ-

183 4414 318 4454 sionib
373 4414 430 4466 (2)
463 4414 536 4455 Th.
573 4415 635 4460 10,
667 4420 695 4457 1,
729 4418 766 4452 12
831 4411 888 4460 (3)
918 4410 962 4450 Β
993 4412 1032 4460 6,
1062 4417 1093 4457 1,
1125 4417 1164 4450 18
1195 4424 1303 4462 seqq.
1362 4412 1416 4455 (4)
1446 4419 1516 4458 pu.
1601 4403 1816 4455 κλητικοῖς
1845 4403 1890 4444 Β
1984 4406 2059 4454 (12)
2085 4420 2150 4456 pr.
2181 4423 2234 4438 ==
2267 4403 2341 4443 Th.
2372 4405 2411 4446 6.
2442 4411 2476 4448 2,
2507 4410 2526 4442 7
2622 4403 2694 4449 (13)
2724 4403 2833 4442 viros
2864 4403 2940 4444 Th.

187 4470 458 4523 Gothofredus
491 4516 495 4521 ἡ
598 4468 654 4517 (5)
693 4487 746 4502 ===
783 4466 855 4507 le.
883 4468 932 4512 6.
962 4473 1029 4514 85,
1060 4473 1101 4511 83
1141 4466 1260 4518 iunqe
1303 4467 1376 4513 12,
1407 4473 1463 4508 28,
1495 4470 1516 4502 ⁹
1603 4463 1677 4513 (14)
1707 4460 1792 4499 solo
1824 4459 1880 4508 K,
1909 4459 1960 4499 ab
1990 4461 2072 4499 alio
2108 4461 2141 4500 Ο
2227 4459 2301 4507 (15)
2329 4477 2385 4493 ===
2416 4458 2490 4498 Th.
2522 4459 2560 4507 9,
2592 4465 2649 4507 27,
2681 4467 2695 4498 1
2781 4459 2858 4508 (16)
2886 4478 2939 4494 2-

183 4528 240 4574 (6)
278 4525 441 4566 Valenti
465 4524 531 4565 vel
559 4524 784 4566 Theodosio
815 4522 918 4561 hanc
950 4521 1069 4573 leyen·
1096 4529 1264 4572 propter
1287 4521 1516 4573 praefecta·
1606 4519 1670 4564 10,
1700 4524 1760 4564 ⁴0,
1788 4524 1809 4556 9
1842 4515 1917 4557 Th.
1949 4517 1988 4565 2,
2018 4525 2049 4565 1,
2080 4525 2096 4554 7
2174 4515 2247 4563 (17)
2276 4513 2532 4552 Martiniano
2562 4527 2644 4553 cum
2675 4514 2701 4555 l.
2730 4529 2829 4566 yem.
2861 4529 2938 4555 scr.

184 4596 269 4622 ram
295 4579 482 4621 clearchi
509 4581 647 4620 tribuit
666 4578 937 4631 Gothosredue
1024 4577 1094 4627 (θ’)
1123 4575 1170 4616 fit
1200 4576 1291 4616 dett.
1379 4576 1432 4623 (τ)
1461 4575 1518 4612 nio
1603 4573 1678 4623 (18)
1708 4570 1866 4610 fuerint
1896 4572 1920 4610 l.
1951 4587 2049 4624 qam.
