3152 4784
154 170 191 220 V
232 167 429 218 35—37
1467 144 1568 200 222

708 310 902 356 XXXV.

151 394 374 442 QUANDO
428 389 644 430 MULIER
692 388 958 485 ξὲξέὶὲὧὰΕ
1014 383 1238 428 OFFICIO
1292 381 1471 422 FUNGI

205 529 224 576 1
279 527 404 585 ¹Imp.
452 522 712 569 Alexander
749 524 800 566 A.
843 521 1070 566 Otaciliae.
1350 573 1358 582 α

147 586 390 630 ministrare
418 580 538 625 virile
566 591 723 621 munus
757 582 836 630 est,
868 583 912 620 et
940 577 1057 619 ultra
1081 587 1235 617 sexum
1259 573 1472 637 femmeae

145 638 408 685 infirmitatis
437 637 524 678 tale
553 633 746 677 officium
777 637 857 675 est.
917 630 1009 673 ΡΡ.
1030 642 1068 673 Χ
1091 628 1134 672 lc.
1164 628 1256 674 Oct.
1290 628 1470 672 Iuliano

145 703 189 741 et
219 695 313 739 Cris
346 694 419 736 ino
451 703 590 734 conss,
1079 741 1087 748 .
1283 688 1340 737 [a.
1374 687 1470 749 224]

202 749 231 796 2
263 752 280 775 2
322 763 348 790 n
374 762 455 805 pp.
498 742 835 788 Valentinianus
867 739 1141 784 leodoszus
1179 746 1224 786 et
1248 740 1473 785 Arcadius

143 806 273 850 AAA.
309 763 494 846 Tguano
516 815 553 858 p
591 834 599 842 .
657 798 838 849 MatreS,
878 808 992 852 quae
1020 797 1194 841 amissis
1223 796 1325 841 viris
1355 801 1471 840 tute-

143 863 230 906 lam
268 858 549 902 administran
582 867 706 898 orum
743 853 1016 907 negotiorum
1049 853 1097 895 in
1124 853 1287 897 liberos
1316 855 1471 908 postu-

144 918 255 968 lant,
297 914 549 969 priusquam
589 908 863 953 confirmatio
902 907 1036 951 officii
1066 909 1166 952 talis
1195 909 1241 952 in
1271 921 1347 952 eas
1376 908 1473 951 iure

143 972 286 1014 veniat
298 971 327 1021 ³,
380 968 603 1011 fateantur
645 965 755 1008 actis
799 969 1074 1008 sacramento
1118 965 1360 1020 praestito⁴
1415 963 1472 1007 ad

148 1034 159 1069 1
225 1026 334 1069 alias
377 1037 424 1067 se
468 1022 642 1077 nuptias
685 1033 775 1063 non
811 1020 971 1063 venire.
1043 1020 1159 1064 Sane
1201 1021 1246 1063 in
1291 1020 1471 1075 optione

143 1079 444 1125 huiuscemodi
471 1078 592 1121 nulla
622 1078 805 1131 cogitur,
837 1077 913 1119 sed
944 1076 1084 1122 libera
1111 1077 1158 1119 in
1190 1076 1471 1120 condiciones

145 1151 252 1192 quas
281 1134 607 1192 praestituimus
638 1133 863 1175 voluntate
889 1131 1152 1175 descendat:
1182 1145 1285 1175 nam
1313 1132 1350 1175 si
1379 1143 1470 1174 ma-

143 1194 238 1236 lunt
280 1192 363 1234 alia
408 1195 561 1245 optare
604 1187 902 1238 matrimonia,
949 1188 1109 1231 tutelas
1158 1188 1349 1231 filiorum
1393 1187 1470 1229 ad-

144 1254 166 1291 2
223 1248 468 1290 ministrare
505 1258 592 1288 non
621 1243 794 1287 debent.
863 1242 948 1286 Sed
981 1257 1036 1287 ne
1067 1244 1124 1287 sit
1151 1244 1295 1287 facilis
1323 1243 1369 1285 in
1399 1255 1472 1285 eas

142 1309 243 1360 post
284 1302 464 1344 tutelam
508 1301 599 1343 iure
644 1304 894 1355 susceptam
941 1299 1160 1354 inruptio,
1216 1300 1333 1343 bona
1378 1298 1472 1342 eius

142 1358 366 1415 primitus,
406 1357 481 1413 qui
515 1356 699 1399 tutelam
735 1354 925 1410 gerentis
961 1355 1250 1398 adfectaverit
1279 1354 1472 1410 nuptias,

142 1417 184 1457 in
224 1413 531 1467 obligationem
567 1412 714 1454 venire
751 1415 795 1454 et
833 1411 974 1453 teneri
1006 1410 1198 1454 obnoxia
1227 1411 1472 1454 rationibus

141 1470 420 1525 parvulorum
461 1468 767 1523 praecipimus,
808 1479 865 1509 ne
895 1466 998 1520 quid
1026 1467 1199 1510 incuria
1212 1470 1241 1519 ⁵,
1283 1479 1338 1510 ne
1368 1466 1473 1522 quid

143 1533 164 1567 :5
224 1524 379 1568 fraude
415 1524 634 1579 depereat.
693 1523 774 1566 His
811 1522 919 1565 illud
961 1522 1258 1577 adiungimus,
1300 1527 1351 1565 ut
1378 1535 1471 1565 mu-

140 1581 239 1633 lier,
278 1580 315 1624 si
354 1583 498 1623 aetate
528 1579 667 1622 maior
696 1584 783 1630 est,
814 1581 920 1621 tunc
951 1578 1126 1621 demum
1155 1579 1372 1634 petendae
1401 1583 1470 1633 tu-

141 1638 256 1680 telae
283 1636 353 1680 ius
382 1636 557 1687 habeat,
590 1648 689 1677 cum
712 1637 834 1678 tutor
858 1634 1215 1678 testamentarius
1240 1635 1338 1678 velss
1366 1635 1471 1690 legi-

142 1693 272 1735 timus
314 1692 502 1735 defuerit
530 1691 595 1734 vel
634 1690 856 1745 privilegio
898 1703 925 1732 a
960 1691 1103 1733 tutela
1141 1696 1376 1735 excusetur
1405 1690 1472 1734 vel

138 1748 338 1804 suspecti
379 1759 536 1801 genere
579 1747 895 1789 submoveatur
938 1746 1003 1789 vel
1057 1759 1113 1789 ne
1162 1747 1253 1790 suis
1297 1747 1472 1802 quidem

142 1817 221 1861 per
258 1803 392 1846 animi
428 1810 507 1845 aut
548 1801 746 1856 corporis
786 1801 1076 1844 valetudinem
1117 1802 1473 1846 administrandis

143 1865 169 1902 4
235 1858 521 1902 facultatibus
560 1858 744 1900 idoneus
783 1857 1042 1900 inveniatur.
1110 1858 1236 1911 Quod
1275 1858 1313 1901 si
1350 1858 1473 1901 femi-

143 1927 227 1958 nae
269 1915 431 1957 tutelas
474 1913 716 1968 refugerint
760 1918 806 1955 et
854 1914 1213 1968 praeoptaverint
1255 1915 1431 1969 nuptias
1443 1915 1474 1967 ⁷,

143 1976 250 2014 tunc
295 1970 467 2012 demum
508 1969 573 2012 vir
616 1969 799 2011 illustris
842 1968 1094 2023 praefectus
1137 1970 1259 2013 urbis
1305 1970 1474 2013 adscito

144 2030 368 2082 praetore,
407 2025 482 2079 qui
516 2024 814 2080 impertiendis
844 2024 1066 2069 tutoribus
1103 2025 1344 2079 praesidet,
1385 2026 1475 2069 sive

143 2082 324 2133 iudices,
369 2082 442 2136 qui
484 2081 527 2123 in
571 2079 807 2135 provinciis
851 2080 950 2123 iura
992 2081 1250 2131 restituunt,
1294 2081 1348 2124 de
1388 2082 1473 2125 alio

144 2137 295 2180 ordine
331 2149 411 2192 per
445 2136 769 2192 inquisitionem
809 2135 905 2186 dari
942 2136 1183 2180 minoribus
1222 2137 1474 2181 defensores

141 2193 369 2237 iubebunt.
427 2191 481 2236 D.
513 2203 594 2235 XII
624 2190 666 2234 lc.
698 2190 825 2234 Febr.
855 2189 1116 2234 Mediolano
1159 2191 1474 2236 Valentiniano

141 2250 192 2291 A.
226 2259 317 2290 IIII
342 2252 386 2291 et
414 2247 626 2291 Neoterio
656 2259 797 2289 conss.
1285 2252 1341 2300 [a.
1375 2252 1472 2301 390]

198 2300 228 2349 3
263 2302 394 2360 8Imp.
426 2301 708 2345 Iustinianus
735 2304 785 2344 A.
820 2300 1000 2344 Iuliano
1021 2316 1105 2359 pp.
1166 2303 1213 2346 Si
1246 2308 1375 2358 pater
1404 2316 1473 2347 se·

143 2357 334 2401 cundum
371 2363 567 2401 nostram
597 2356 985 2400 constitutionem⁹
1019 2358 1294 2402 naturalibus
1323 2359 1473 2403 liberis

140 2414 185 2456 in
215 2414 282 2456 his
312 2413 458 2465 rebus,
491 2425 603 2467 quae
631 2413 686 2455 ab
718 2425 768 2455 eo
798 2412 844 2454 in
874 2423 950 2455 eos
980 2412 1206 2467 profectae
1237 2417 1362 2466 sunt,
1402 2420 1472 2458 tu-

138 2472 278 2512 torem
318 2482 407 2512 non
445 2468 690 2523 reliquerit,
729 2469 870 2510 mater
908 2478 1054 2510 autem
1083 2469 1272 2513 voluerit
1307 2482 1472 2518 eorum,

140 2525 229 2568 sive
266 2524 451 2568 masculi
488 2529 590 2567 sunt
630 2523 719 2567 sive
755 2523 967 2575 feminae,
999 2524 1147 2568 subire
1180 2526 1378 2578 tutelam,
1416 2526 1474 2570 ad

139 2580 385 2635 exemplum
436 2579 653 2635 legitimae
706 2579 873 2622 subolis
921 2579 1055 2622 liceat
1099 2580 1140 2623 ei
1182 2581 1267 2626 hoc
1309 2582 1472 2635 facere,

141 2641 355 2690 quatenus
393 2635 503 2679 actis
544 2636 625 2678 sub
666 2635 930 2690 competenti
967 2635 1112 2680 iudice
1147 2637 1472 2682 intervenienti-

138 2695 221 2736 bus
260 2692 548 2735 iuramentum
588 2695 718 2734 antea
758 2694 976 2745 praestet,
1033 2693 1150 2746 quod
1194 2693 1251 2736 ad
1293 2695 1472 2750 nuptias

139 2761 228 2790 non
266 2747 514 2802 perveniat,
553 2746 630 2790 sed
665 2746 920 2802 pudicitiam
959 2760 1085 2791 suam
1121 2748 1334 2793 intactam
1367 2764 1472 2794 con-

142 2808 285 2846 servet
325 2808 367 2845 et
406 2803 625 2845 renuntiet
663 2806 841 2845 senatus
880 2803 1067 2846 consulti
1095 2803 1314 2848 Velleiani
1345 2819 1471 2861 prae-

141 2859 250 2902 sidio
298 2858 500 2912 omnique
544 2858 629 2901 alio
666 2857 858 2912 legitimo
902 2858 1066 2902 auxilio
1110 2872 1324 2916 suamque
1368 2863 1472 2905 sub-

144 2919 161 2956 1
224 2914 431 2958 stantiam
461 2919 694 2968 supponat.
760 2913 823 2956 Et
859 2914 923 2956 ita
957 2914 1148 2958 filiorum
1186 2929 1366 2960 suorum
1406 2917 1473 2960 vel

139 2969 328 3013 filiarum
366 2970 633 3013 naturalium
671 2970 876 3012 tutricem
914 2982 1009 3013 eam
1049 2971 1237 3015 existere
1255 2972 1290 2999 ¹⁰
1327 2973 1471 3017 sanci·

140 3039 255 3069 mus:
297 3026 522 3079 omnibus,
564 3038 677 3080 quae
713 3038 794 3081 pro
825 3026 1038 3070 matribus
1068 3035 1114 3070 et
1140 3028 1289 3072 liberis
1319 3042 1474 3073 earum

138 3095 193 3124 ex
229 3081 420 3136 legitimo
455 3081 729 3125 matrimonio
774 3082 1013 3137 progenitis
1057 3083 1271 3127 divalibus
1309 3085 1472 3129 consti-

138 3137 380 3180 tutionibus
426 3140 558 3180 cauta
603 3139 718 3191 sunt,
762 3136 808 3179 in
851 3138 1102 3182 huiusmodi
1138 3140 1353 3185 matribus
1394 3143 1471 3186 ob·

140 3197 163 3236 2
232 3192 469 3237 servandis.
537 3193 583 3236 Si
619 3193 733 3237 enim
770 3193 816 3235 in
847 3193 947 3237 filiis
976 3194 1125 3249 iustis,
1164 3196 1210 3239 in
1239 3197 1399 3252 quibus
1429 3202 1474 3240 et

140 3250 493 3292 testamentariae
519 3257 562 3291 et
583 3249 800 3304 legitimae
825 3253 928 3292 sunt
950 3250 1133 3303 tutelae,
1158 3256 1306 3296 tamen
1321 3253 1472 3296 matri-

139 3305 222 3346 bus
252 3305 335 3357 (his
367 3304 686 3358 deficientibus)
717 3305 774 3348 ad
801 3305 1118 3360 providentiam
1147 3307 1339 3351 filiorum
1369 3321 1470 3352 suo-

140 3372 238 3402 rum
272 3360 418 3402 venire
462 3361 740 3412 conceditur,
784 3362 921 3405 multo
965 3362 1103 3417 magis
1138 3363 1184 3406 in
1223 3364 1472 3408 huiusmodi
1512 3377 1516 3413 ι

143 3415 340 3467 casibuS,
381 3415 456 3457 ubi
490 3416 682 3470 legitima
717 3418 854 3459 tutela
893 3418 1136 3471 evanescit,
1175 3420 1332 3464 saltem
1362 3421 1472 3464 alias

143 3470 204 3512 eis
244 3470 336 3513 dari
374 3471 735 3515 humanissimum
775 3478 854 3515 est.
913 3472 967 3517 D.
999 3486 1072 3517 XV
1106 3474 1149 3519 lc.
1178 3476 1326 3534 April.
1360 3475 1472 3520 Con-

143 3526 437 3583 stantinopoli
453 3526 702 3585 Lampadio
719 3534 764 3571 et
781 3526 934 3572 Oreste
949 3543 1010 3574 vv.
1030 3543 1090 3573 ce.
1111 3543 1252 3576 conss.
1296 3536 1353 3583 [a.
1373 3536 1470 3585 530]

1149 518 1354 562 Tutelam
1393 516 1470 560 ad-

668 3698 942 3746 XXXV1.¹⁰·

142 3777 203 3817 IN
233 3777 434 3824 QUIBUS
464 3777 654 3819 CAUSIS
693 3779 956 3821 TUTOREM
993 3782 1250 3823 HABENTI
1288 3783 1471 3825 TUTOR

398 3833 510 3874 VEL
541 3834 796 3875 CURATOR
824 3836 959 3876 DARI
988 3838 1209 3880 POTEST.

200 3913 222 3960 1
268 3913 379 3973 Imp.
410 3915 665 3959 Antoninus
692 3917 743 3959 A.
777 3916 1012 3962 Tiberiano
1049 3924 1095 3964 et
1126 3919 1269 3978 Rufo.
1337 3919 1385 3964 Si
1422 3921 1470 3964 in
1510 3911 1514 4069 Ι

142 3969 284 4013 locum
329 3971 422 4014 eius
465 3971 623 4014 tutoris
667 3971 723 4015 ad
767 3978 939 4028 tempus
979 3974 1069 4017 dati
1108 3976 1234 4029 estis,
1287 3976 1364 4032 qui
1406 3977 1471 4019 rei

142 4026 342 4080 publicae
373 4040 508 4070 causa
536 4028 704 4079 aberat,
733 4028 858 4083 isque
886 4029 974 4071 iam
994 4029 1118 4075 finito
1141 4045 1323 4076 munere
1352 4032 1469 4088 quod
1510 4082 1513 4087 ⁴

143 4168 194 4217 (1)
225 4167 268 4207 B
299 4168 364 4215 38,
396 4176 424 4217 ι,
456 4176 518 4208 46:
551 4169 668 4221 iunqe
697 4170 736 4218 5,
768 4177 819 4219 31,
851 4177 871 4209 6

144 4224 197 4274 (3)
226 4224 284 4263 δῖε
318 4222 355 4269 Q.
374 4223 413 4262 T
409 4224 460 4272 lh,
490 4223 650 4263 eveniat
684 4224 755 4266 GR
1020 4170 1074 4220 (2)
1103 4192 1159 4207 ε
1193 4174 1264 4213 Th·
1296 4175 1335 4224 3³
1365 4182 1419 4220 ¹⁷⁹
1450 4183 1468 4213 ‘¹

855 4226 908 4274 (4)
938 4237 1038 4266 sacr.
1068 4228 1264 4278 praestito
1293 4244 1364 4269 om.
1396 4225 1468 4268 ΤΙι.

145 4280 199 4328 (5)
228 4279 286 4318 sic
316 4276 384 4317 M⁶
420 4279 506 4326 Th„
535 4278 763 4319 incuriosae
800 4280 945 4321 CRMa
1058 4282 1111 4333 (6)
1141 4283 1470 4324 testamentarius

142 4332 206 4371 vel
236 4349 307 4373 om.
343 4334 412 4373 le.
554 4336 606 4383 (7)
634 4347 765 4385 neque
795 4335 1008 4386 quisquam
1037 4335 1244 4387 legitimus
1271 4339 1324 4379 ad
1352 4351 1469 4392 pares

143 4388 268 4438 possit
296 4401 435 4427 causas
465 4389 599 4429 vocari
628 4392 701 4430 ins.
738 4391 811 4430 Th.
897 4393 951 4441 (8)
976 4393 1091 4443 iunqe
1108 4395 1145 4440 5,
1163 4403 1218 4442 27,
1238 4405 1285 4437 11.
1315 4397 1355 4441 5,
1372 4403 1467 4446 29,4

146 4444 201 4491 (9)
232 4446 382 4493 5,29,4
448 4446 520 4494 (ιο)
550 4446 610 4485 sic
633 4445 694 4494 M,
725 4458 807 4486 esse
842 4445 913 4487 CR
982 4447 1071 4496 (ω’)
1105 4449 1331 4500 B38‚1,47
1357 4465 1465 4503 seqq.

147 4498 215 4546 (ιι)
232 4498 431 4537 curatoris
448 4529 455 4536 .
474 4531 481 4538 .
499 4531 504 4538 .
520 4499 614 4539 dare
630 4502 837 4551 confirmat
852 4502 940 4540 ΒΣ
948 4501 1004 4551 (κ.
1018 4504 1083 4551 π.)
1149 4507 1220 4556 (12)
1237 4526 1291 4542 =
1306 4508 1346 4556 5,
1361 4514 1465 4554 62,11

150 4552 222 4598 (13)
239 4551 280 4643 i?
297 4555 355 4591 est
379 4582 388 4591 .
408 4584 416 4593 .
436 4586 442 4592 .
469 4555 732 4594 constitutum
751 4572 821 4595 om.
840 4557 864 4595 I.
880 4571 978 4610 qam.
1044 4558 1115 4609 (14)
1132 4559 1194 4598 vel
1211 4590 1221 4599 .
1240 4590 1247 4599 .
1267 4591 1274 4599 .
1290 4561 1468 4601 sufficias

151 4620 221 4643 om.
270 4636 280 4646 0
309 4623 403 4658 yetll.

501 4612 573 4659 (15)
603 4613 678 4648 tut.
710 4611 860 4652 admin.
892 4627 963 4651 om.
997 4613 1020 4652 I.
1051 4629 1149 4666 qem.
1245 4616 1318 4666 (10)
1351 4618 1466 4670 iunge

2122 162 2353 212 QUANDO
2391 155 2599 203 MULIER
2632 167 2885 215 TUTELAE

1556 295 1597 339 ei
1626 295 1871 338 iniunctum
1901 299 1969 342 est
1995 300 2151 344 abesse
2180 298 2324 351 desiit,
2355 298 2460 353 quin
2489 299 2546 342 ad
2574 300 2668 346 eius
2693 301 2888 347 officium

1557 362 1795 405 curamque
1823 352 2075 405 pertineant
2101 355 2279 410 negotia
2307 354 2513 409 pupillae,
2553 357 2773 413 ambigere
2799 372 2889 403 non

1558 410 1577 448 1
1640 405 1823 470 debetis.
1890 406 1975 452 Sed
2019 411 2262 454 consultius
2303 409 2519 463 feceritiS,
2563 410 2604 454 si
2645 414 2888 468 praesidem

1555 472 1808 524 provmclae
1836 461 1976 506 virum
2004 465 2293 510 clarissimum
2323 464 2542 518 adieritis,
2581 470 2633 510 ut
2658 468 2698 512 is
2725 469 2784 513 ad
2811 469 2888 514 ad-

1554 515 1918 561 ministrationem
1966 521 2132 566 tutelae
2181 520 2486 576 compellatur.
2560 520 2652 564 PP.
2700 536 2795 567 VIII
2843 524 2887 568 lc.

1554 573 1657 673 Aut
1659 572 2087 685 sumitate
2087 576 2445 675 '213‘17132‘2‘523332'0
2457 588 2680 676 mean„
2701 583 2890 689 ‘gatti

1555 686 1601 726 et
1635 682 1787 726 debuit
1825 690 2076 740 competens
2113 687 2246 731 iudex
2282 688 2328 730 in
2357 687 2503 730 locum
2532 689 2732 732 excusati
2761 702 2890 735 cura-

1554 739 1689 791 toris,
1728 739 1833 782 licet
1871 740 2063 796 pupillus
2093 742 2203 786 alios
2232 755 2531 798 quoscumque
2558 743 2743 787 haberet
2771 747 2889 788 tuto-

1554 807 1639 848 res,
1683 794 1791 838 dare
1807 796 1854 838 ¹¹.
1924 797 2117 850 quamvis
2159 803 2308 843 autem
2353 804 2532 842 curator
2576 812 2677 842 cum
2712 800 2809 844 aliis
2844 800 2891 844 in

1553 850 1700 894 locum
1743 850 1837 893 eius
1866 851 2134 897 substitutus
2164 854 2238 909 sis,
2278 860 2427 898 tamen
2455 854 2653 910 periculo
2684 855 2891 900 adminis-

1553 905 1759 950 trationis
1799 906 1920 950 ultra
1957 908 2204 964 pubertatis
2241 913 2443 966 tempora
2471 923 2561 954 non
2589 910 2889 968 adstringeris.

1555 961 1649 1007 ΡΡ.
1688 973 1719 1005 V
1740 960 1800 1005 id.
1832 960 1934 1006 Iun.
1964 962 2172 1009 Modesto
2203 971 2248 1010 et
2275 965 2428 1010 Probo
2459 979 2602 1010 conss.
2701 970 2758 1020 [a.
2789 970 2887 1019 228]

1613 1014 1661 1082 3·
1686 1015 1849 1083 ¹²Idem
1873 1018 1939 1082 οΑ.
1980 1018 2141 1077 Hylae.
2213 1020 2403 1076 Propter
2444 1022 2534 1066 late
2579 1021 2787 1066 diffusum
2830 1022 2891 1076 (id

1553 1079 1623 1118 est
1650 1088 1696 1116 m
1726 1073 1908 1117 d1versis
1935 1073 2046 1119 locis
2078 1077 2379 1131 constitutum)
2394 1079 2430 1105 ¹³
2460 1078 2785 1133 patrimonium,
2824 1078 2892 1122 vel

1555 1129 1672 1186 quod
1709 1130 1829 1173 solus
1868 1128 2236 1175 administrationi
2273 1146 2363 1177 non
2409 1133 2606 1178 sufficias
2622 1135 2670 1186 ¹⁴¹,
2719 1147 2777 1178 an
2811 1133 2894 1180 tibi

1553 1186 1738 1229 tutelam
1791 1185 2118 1229 administranti
2133 1188 2168 1213 ¹⁵
2219 1188 2398 1244 adiungi
2447 1190 2619 1245 aliquos
2664 1194 2892 1234 curatores

1555 1242 2379 1342 ἓξἭῗιῖἓᾱὲἷῗθῗίεέἰὲῗέιξέῗῑᾝῑ
2406 1247 2583 1345 aaz}
2601 1245 2892 1346 ὃῖῗέἒὶθὲἑῒ

1551 1312 1719 1412 ρεξαηο
1750 1359 1796 1398 et
1821 1330 1922 1397 Peli
1955 1367 2013 1412 no
2045 1367 2188 1398 conss.
2704 1361 2762 1410 [a.
2793 1360 2892 1409 231]

1613 1408 1644 1455 4
1679 1408 1860 1468 ¹⁶Impp.
1943 1409 2171 1453 alerianus
2206 1416 2250 1454 et
2282 1408 2513 1455 Gallienus
2549 1413 2640 1456 AA.
2679 1411 2893 1470 Euploio.

1554 1465 1686 1509 Licet
1712 1469 1905 1509 tutorem
1932 1465 2116 1510 habenti
2143 1468 2267 1509 tutor
2299 1465 2394 1510 dari
2423 1481 2514 1511 non
2540 1472 2708 1523 potest,
2747 1472 2896 1512 tamen

1557 1521 1688 1566 certis
1738 1534 1792 1565 ex
1847 1522 1993 1565 causis
2043 1521 2155 1565 alius
2198 1521 2382 1566 idoneus
2427 1523 2637 1567 substitui
2678 1523 2896 1568 sententia

1556 1577 1844 1633 competentis
1883 1577 2042 1620 iudicis
2082 1578 2216 1629 solet,
2257 1577 2304 1622 id
2341 1581 2411 1623 est
2439 1579 2658 1623 inlocum
2687 1580 2895 1636 suspecti,

1557 1634 1631 1689 qui
1671 1634 1897 1677 convictus
1938 1646 1992 1676 ac
2020 1639 2214 1678 remotus
2245 1639 2331 1689 est,
2373 1637 2418 1678 et
2445 1635 2492 1679 in
2519 1635 2666 1679 locum
2693 1634 2896 1680 excusati

2482 1690 2575 1735 ΡΡ.
2615 1691 2674 1736 id.
2715 1690 2896 1736 Mart.¹⁷

2706 1751 2764 1800 [a.
2797 1749 2894 1798 260]

1612 1799 1642 1846 5
1677 1800 1821 1859 Impp.
1854 1799 2165 1845 Diocletianus
2198 1807 2241 1845 et
2267 1800 2582 1848 Maximianus
2609 1802 2702 1847 AA.
2742 1807 2788 1847 et
2816 1801 2894 1847 CC.

1559 1857 1741 1901 Zenoni.
1811 1856 1921 1900 Cum
1961 1857 2016 1900 ob
2054 1863 2337 1913 augmentum
2375 1858 2639 1902 facultatum
2670 1862 2895 1903 curatores

1557 1912 1734 1968 adiungi
1778 1913 1934 1967 solent,
1979 1925 2067 1956 non
2110 1913 2233 1968 prius
2277 1917 2448 1958 tutores
2488 1914 2580 1957 dati
2616 1914 2894 1959 administra-

1562 1976 1577 2011 1
1640 1969 1762 2012 tione
1800 1981 1951 2012 eorum
1990 1969 2247 2012 liberantur.
2319 1970 2435 2014 Sane
2473 1970 2511 2013 si
2538 1970 2576 2014 is
2606 1970 2682 2026 qui
2711 1969 2894 2025 admini-

1558 2025 1715 2068 stravit
1751 2027 1949 2079 tempore
1988 2023 2142 2068 finitae
2179 2025 2344 2070 tutelae
2372 2025 2458 2069 fuit
2490 2026 2712 2078 solvendo,
2752 2024 2896 2070 secuti

1557 2080 1765 2136 temporis
1819 2081 2064 2135 periculum
2114 2081 2171 2124 ad
2213 2086 2259 2124 te
2300 2082 2523 2137 pertinere
2565 2095 2654 2126 non
2696 2083 2895 2138 potuisse

1558 2135 1838 2180 manifestum
1868 2141 1947 2180 est.
2005 2135 2058 2179 D.
2089 2149 2153 2179 III
2182 2135 2223 2179 lc.
2253 2138 2395 2194 April.
2421 2135 2497 2181 CC.
2529 2151 2674 2182 conss.
2722 2142 2778 2190 [a.
2796 2140 2894 2188 294]

1557 1689 1623 1732 vel
1663 1689 1861 1732 defuncti
1899 1689 1966 1732 vel
2007 1690 2188 1745 relegati
2231 1690 2405 1735 tutoris.

1557 1744 1803 1789 Saeculare
1832 1757 1879 1788 II
1906 1751 1949 1789 et
1977 1744 2160 1789 Donato
2191 1759 2333 1790 conss.

2086 2360 2373 2410 XXXV11.¹⁸

1558 2442 1632 2482 DE
1670 2441 2196 2483 ADMINISTRATIONE
2232 2443 2498 2485 TUTORUM
2546 2443 2620 2484 ET
2657 2441 2896 2484 CURATO-

1558 2498 1676 2538 RUM
1714 2498 1789 2538 ΕΤ
1828 2499 1905 2538 DE
1934 2497 2184 2538 PECUNIA
2214 2499 2518 2540 PUPILLARI
2547 2496 2896 2540 FENERANDA

1970 2553 2083 2593 VEL
2113 2555 2474 2596 DEPONENDA.

1614 2634 1636 2681 1
1690 2635 1835 2694 Impp.
1882 2635 2075 2680 Severus
2116 2640 2160 2680 et
2197 2636 2453 2681 Antoninus
2490 2637 2582 2681 AA.
2620 2635 2830 2682 Modesto
2847 2635 2893 2679 ¹⁹.

1559 2691 1744 2735 Frustra
1786 2692 1912 2735 times
1951 2691 2258 2736 administrare
2295 2705 2366 2737 res
2404 2692 2725 2747 adulescentis,
2769 2691 2894 2736 cuius

1557 2752 1737 2791 curator
1779 2760 1841 2801 es,
1886 2759 1942 2790 ne
1986 2759 2041 2791 ex
2083 2748 2170 2792 hoc
2213 2748 2370 2804 aliquis
2407 2749 2626 2793 existimet
2664 2760 2895 2794 commune

1557 2803 1802 2858 periculum
1842 2803 2003 2858 prioris
2047 2804 2260 2859 temporis
2308 2808 2352 2848 te
2404 2805 2645 2860 recepisse:
2700 2803 2778 2848 sed
2825 2815 2892 2856 ea,

1558 2871 1670 2914 quae
1699 2858 1869 2913 agenda
1897 2863 2041 2914 putas,
2073 2872 2153 2914 age
2183 2865 2241 2913 et,
2272 2859 2390 2915 quod
2418 2861 2556 2915 magis
2585 2860 2773 2905 interest
2800 2873 2892 2904 om-

1558 2915 1676 2957 nium
1715 2914 1927 2969 partium,
1973 2915 2113 2968 insta,
2158 2918 2210 2959 ut
2246 2915 2379 2959 iudex
2417 2916 2532 2959 inter
2566 2920 2612 2959 te
2650 2920 2695 2959 et
2721 2918 2893 2960 tutores

1557 2971 1686 3014 datus
1716 2983 1849 3026 quam
1875 2971 2063 3026 primum
2087 2971 2287 3026 partibus
2304 2971 2396 3015 suis
2421 2971 2644 3027 fungatur.
2700 2969 2794 3014 ΡΡ.
2816 2983 2895 3014 XII

1556 3026 1598 3070 lc.
1634 3025 1727 3071 Oct.
1758 3025 1919 3070 Albino
1950 3033 1993 3070 et
2021 3027 2270 3071 Aemiliano
2302 3040 2444 3071 conse.
2700 3030 2757 3080 [a.
2791 3029 2889 3078 206]

1613 3078 1644 3128 2
1683 3080 1807 3125 Idem
1835 3082 1927 3125 AA.
1963 3081 2135 3126 Timoni
2171 3088 2216 3127 et
2243 3082 2334 3127 Hel
2364 3081 2601 3141 idophoro.
2668 3081 2892 3126 Adversus

1557 3141 1806 3182 curatorem
1834 3137 2146 3192 adulescentis,
2178 3139 2248 3182 cui
2271 3152 2322 3182 co
2360 3151 2464 3194 egae
2481 3139 2570 3182 dati
2594 3139 2714 3192 estis,
2768 3149 2893 3182 uam-

1557 3194 1633 3237 diu
1662 3193 1982 3238 administratio
2015 3195 2256 3238 communis
2286 3195 2429 3246 durat,
2460 3194 2657 3238 exerceri
2682 3194 2730 3238 iu
2777 3192 2892 3237 cium

1556 3263 1646 3294 non
1698 3253 1860 3306 potest.
1941 3249 2034 3300 ΡΡ.
2082 3261 2129 3293 II
2177 3250 2220 3294 lc.
2265 3249 2374 3294 Mai.
2419 3251 2548 3309 Apro
2599 3257 2644 3295 et
2684 3249 2891 3294 Maximo

1555 3319 1698 3350 conss.
2704 3310 2761 3359 [a.
2793 3307 2891 3356 207]

1613 3359 1642 3408 3
1674 3360 1788 3419 Imp.
1820 3361 2076 3405 Antoninus
2106 3362 2157 3406 A.
2192 3360 2405 3406 Eumuso.
2474 3361 2685 3417 Sumptus
2722 3361 2769 3404 in
2808 3373 2890 3416 pu-

1553 3418 1708 3473 pillum
1750 3420 1875 3460 tuum
1919 3417 2169 3462 necessario
2208 3422 2253 3461 et
2297 3430 2349 3461 ex
2362 3418 2400 3443 ²⁰
2436 3417 2633 3462 honestis
2677 3416 2893 3470 iustisque

1555 3474 1699 3518 causis
1743 3473 1902 3526 iudici,
1947 3473 2021 3528 qui
2064 3486 2199 3529 super
2241 3486 2294 3517 ea
2331 3486 2378 3516 re
2418 3474 2674 3529 cogniturus
2719 3477 2808 3526 est,
2852 3471 2891 3515 si

1554 3530 1864 3585 probabuntur
1901 3528 2033 3580 facti,
2074 3532 2258 3585 accepto
2297 3528 2513 3579 ferentur,
2554 3528 2726 3572 etiamsi
2761 3538 2889 3593 prae-

1554 3586 1664 3629 toris
1704 3585 1930 3629 decretum
1970 3584 2023 3628 de
2063 3583 2218 3627 dandis
2258 3585 2320 3628 eis
2361 3597 2447 3628 non
2482 3584 2538 3627 sit
2566 3584 2884 3640 interpositum.

1554 3655 1658 3685 nam
1702 3639 1818 3696 quod
1862 3652 1890 3682 a
1932 3640 2154 3683 tutoribus
2193 3640 2282 3683 sive
2321 3640 2598 3686 curatoribus
2641 3640 2760 3684 bona
2802 3635 2889 3681 fide

1555 3702 1774 3753 erogatur,
1791 3695 1938 3751 potius
1961 3695 2131 3739 iustitia
2184 3708 2284 3738 uam
2301 3695 2445 3739 aliena
2461 3695 2727 3739 auctoritate
2740 3694 2887 3738 firma-

1553 3756 1640 3797 tur.
1684 3751 1739 3796 D.
1768 3763 1894 3794 XIIII
1918 3749 1961 3794 lc.
1990 3749 2111 3808 Sept.
2174 3750 2317 3794 uobus
2342 3751 2502 3809 Aspris
2531 3765 2674 3795 conss.
2716 3755 2771 3803 [a.
2791 3752 2886 3800 212]

1611 3807 1642 3854 4
1672 3806 1797 3852 Idem
1827 3807 1876 3850 A.
1907 3805 2142 3851 Proculae.
2208 3805 2306 3850 Nisi
2343 3819 2439 3850 eam
2471 3807 2716 3862 pecuniam,
2757 3816 2887 3861 quam

1555 3863 1803 3908 constiterit
1853 3861 2059 3905 libertum
2109 3866 2342 3918 paternum
2393 3865 2583 3907 tutorem
2626 3859 2742 3905 filiae
2783 3864 2888 3904 tuae

1554 3918 1715 3963 rationi
1749 3918 1843 3961 eius
1874 3917 2056 3971 debere,
2096 3918 2163 3961 vel
2202 3919 2457 3973 deposuerit
2494 3919 2560 3962 vel
2598 3919 2644 3961 in
2682 3915 2886 3974 praedio-

1553 3989 1651 4019 rum
1683 3974 2053 4028 comparationem
2084 3974 2357 4029 converterit,
2397 3974 2644 4018 remittetur
2672 3972 2730 4016 ad
2756 3975 2884 4028 prae-

1553 4031 1719 4075 fectum
1763 4029 1898 4080 urbis,
1950 4029 2190 4072 secundum
2241 4042 2294 4073 ea
2338 4042 2450 4085 quae
2495 4028 2736 4073 constituta
2782 4029 2887 4072 sunt

1555 4174 1593 4221 5,
1624 4180 1681 4220 42,
1713 4179 1733 4211 2
1848 4171 1921 4220 (ιτ)
1951 4170 2049 4210 Mai.
2080 4174 2120 4221 5,
2152 4179 2208 4222 42,
2240 4179 2260 4211 2
2360 4171 2435 4222 (18)
2466 4170 2510 4211 B
2540 4170 2606 4219 38,
2638 4178 2672 4219 9,
2705 4176 2742 4210 15
2772 4183 2881 4222 seqq.

1553 4250 1607 4256 —
1643 4227 1704 4282 Cf.
1735 4225 1836 4278 Diy.
1870 4227 1936 4275 26,
1968 4235 1985 4266 7
2135 4229 2209 4277 (19)
2241 4227 2300 4267 εἰσ
2328 4226 2411 4276 SC,
2442 4228 2483 4266 et
2510 4223 2642 4264 altino
2672 4225 2788 4265 addit
2816 4225 2882 4264 R:

1552 4281 1684 4322 altino
1723 4290 1847 4322 ortum
1877 4282 2032 4322 videtur
2061 4297 2109 4322 ex
2145 4278 2285 4322 albino
2314 4281 2629 4333 subscriptionis,
2668 4279 2777 4332 quod
2811 4281 2884 4321 huc

1553 4338 1811 4378 aberraverit.
1851 4346 2023 4378 attamen
2043 4347 2208 4391 propter
2233 4338 2339 4377 hanc
2363 4337 2653 4388 inscriptionem
2677 4337 2884 4388 sequentia

1552 4395 1592 4434 in
1616 4392 1687 4434 GR
1714 4402 1891 4443 exparte
1908 4402 2058 4434 mutata
2072 4402 2164 4434 sunt
2178 4393 2295 4442 (recte
2314 4389 2379 4442 M)
2401 4392 2483 4431 sic.-
2513 4389 2663 4429 timetis
2679 4389 2813 4439 (times
2834 4391 2882 4441 C)

1648 4451 1856 4486 curatores
1894 4452 2074 4495 (curator
2115 4448 2195 4497 Ra)
2234 4447 2328 4487 estis
2472 4459 2540 4486 vos
2579 4446 2774 4498 recepisse
2813 4476 2822 4485 .
2842 4476 2880 4486 ..

1549 4502 1723 4556 putastis
1769 4503 1938 4553 (putatis
1978 4501 2055 4554 Bb)
2099 4503 2208 4554 agite
2252 4505 2343 4553 (age
2387 4501 2462 4552 Ra)
2501 4532 2510 4541 .
2531 4531 2540 4541 .
2559 4531 2569 4540 .
2607 4500 2757 4542 instate
2799 4501 2879 4553 (in-

1550 4560 1681 4599 stante
1712 4559 1790 4609 Ra)
1822 4587 1859 4599 ..
1878 4590 1888 4600 .
1919 4559 2027 4599 inter
2057 4571 2126 4600 vos
2238 4561 2318 4611 (2ο)
2348 4569 2396 4597 ex
2431 4554 2494 4606 0⁶,
2524 4572 2597 4598 om.
2634 4556 2727 4599 (ΡΒ
