3152 4784
297 207 392 258 1111
435 206 628 254 10—13
1611 183 1708 241 154
2186 203 2255 242 ui*
2291 200 2562 241 Aerionns
2598 201 2668 238 ΕΤ
2701 202 2773 238 AB
2808 199 3034 238 nsanos

295 354 460 399 cialiter
487 350 559 393 vel
594 345 855 402 generaliter
893 344 1058 389 habes¹
1095 342 1298 397 obligata,
1335 349 1613 403 persequere.
1702 340 1791 381 tem
1830 338 2093 394 compositos
2132 341 2374 397 antiquitas
2414 338 2589 396 quidem
2619 341 2870 396 respuebat,
2908 354 2988 386 nos
3002 343 3040 369 ¹⁸

292 408 404 465 quod
432 406 469 450 si
496 405 551 447 ab
582 402 670 453 his,
708 399 865 454 quibus
895 398 1071 443 fuerant
1100 398 1302 451 obligata,
1343 406 1443 436 cum
1470 397 1615 448 potio·
1700 396 1850 436 autem
1886 406 1968 449 pro
2008 397 2226 440 communi
2253 397 2478 441 hominum
2508 394 2697 439 utilitate
2727 397 2970 452 recepimus
2988 396 3036 448 ¹⁹,

290 478 358 508 res
389 462 532 511 erant,
573 457 786 500 distracta
813 455 1079 508 probentur,
1118 454 1174 496 ab
1212 463 1276 495 em
1312 449 1483 493 toribus
1512 460 1616 511 ‘2³01
1700 451 2043 493 consentaneum
2071 456 2167 495 erat
2195 453 2327 496 etiam
2351 452 2472 495 illam
2494 450 2702 506 regulam,
2732 465 2820 507 qua
2841 456 3036 496 vetustas

290 519 406 564 cari²
443 528 531 560 non
570 522 698 567 posse
732 509 959 564 perspicis.
1019 508 1073 552 D.
1115 516 1233 550 7111!
1300 537 1309 547 .
1342 502 1451 547 Iul.³
1480 501 1614 547 Sirmi
1704 508 1722 547 1
1784 504 2015 558 utebatur,
2058 519 2178 551 more
2218 508 2410 551 humano
2449 506 2693 555 emendare.
2763 507 2834 550 Ab
2862 506 3037 551 heredi·

289 575 376 619 ΑΑ.
408 583 547 617 conss.
1424 562 1482 612 [a.
1514 562 1611 611 293]
1699 560 1783 604 bus
1819 560 1934 604 enim
1969 560 2163 618 incipere
2200 564 2396 608 actiones
2426 562 2494 606 vel
2523 565 2678 606 contra
2707 561 2890 606 heredes
2920 567 3036 607 vete-

345 626 372 674 7
412 625 553 669 ⁴Idem
589 621 679 664 AA.
720 624 763 662 et
801 617 877 662 CC.
918 617 1169 675 Euelpisto.
1237 613 1285 658 Si
1329 626 1357 657 a
1400 613 1616 658 creditore
1699 629 1770 660 res
1809 629 1901 660 non
1939 617 2242 663 concedebant
2284 618 2655 675 contemplatione
2705 616 3038 673 stipulationum

289 696 441 729 nomen
471 675 742 732 comparasti,
774 686 826 716 ea
854 673 1059 728 pignora,
1101 681 1214 726 quae
1247 669 1448 714 venditor
1476 670 1615 714 nomi·
1702 676 2033 727 ceterarumque
2070 686 2302 718 causarum
2338 680 2440 730 post
2479 678 2663 718 mortem
2707 677 3036 730 conceptarum.

289 739 410 783 minis
442 731 673 787 consequi⁵
709 730 881 784 posset,
922 726 1041 782 apud
1077 725 1324 782 praesidem
1360 726 1616 783 provinciae
1700 731 1724 771 2
1783 727 1870 770 Sed
1907 727 2036 772 nobis
2073 742 2255 775 necesse
2284 734 2372 783 est,
2413 743 2469 773 ne
2496 729 2657 786 prioris
2686 728 2780 771 vitii
2808 728 3038 772 materiam

286 794 465 839 vindica.
522 801 621 832 nam
651 785 688 829 si
717 784 909 827 debitum
939 795 993 826 ex
1024 782 1117 825 eius
1148 783 1365 836 persona⁶
1403 794 1474 826 res
1505 782 1614 826 obli·
1698 782 2017 839 relinquamus,
2058 788 2102 829 et
2138 786 2281 842 ipsam
2316 787 2513 841 regulam
2555 798 2579 828 e
2607 784 2749 827 medio
2780 783 2949 836 tollere,
2990 790 3040 828 ut

284 854 407 904 gatas
437 847 629 889 tenentes
660 853 748 884 non
777 837 1051 882 transferant
1063 838 1093 890 ⁷,
1134 837 1229 882 iure
1272 837 1492 882 communi
1520 838 1614 895 pig-
1699 839 1832 882 liceat
1875 844 1919 883 et
1961 840 2017 884 ab
2060 840 2294 886 heredibus
2339 848 2382 886 et
2422 847 2579 886 contra
2616 839 2802 884 heredes
2844 839 2935 884 inci
2967 852 3040 884 ere

290 911 305 948 1
365 914 473 946 nora
511 897 748 943 distrahere
777 908 864 938 non
893 893 1155 949 prohiberis.
1216 893 1331 937 Sane
1367 894 1436 938 si⁸
1474 893 1614 938 credi·
1700 894 1898 939 actiones
1927 898 1972 939 et
2001 895 2300 952 obligationes,
2331 911 2386 942 ne
2410 903 2592 954 propter
2621 895 2799 939 nimiam
2821 895 2903 940 sub
2961 895 3039 939 'ta-

284 959 449 1003 toribus
488 955 534 998 in
569 952 721 997 ordine
758 951 989 1005 pignorum
1031 949 1396 994 antecedentibus
1436 962 1612 995 venum·
1698 954 1787 995 tem
1816 950 2050 996 verborum
2087 952 2274 998 latitudo
2303 954 2542 998 voluntatis
2574 951 2929 997 contrahentium
2956 950 3037 994 im-

283 1013 485 1058 dantibus
517 1009 591 1066 qui
616 1006 844 1074 possident
873 1008 1241 1060 comparaverunt
1263 1006 1332 1050 vel
1356 1006 1476 1062 longi
1503 1008 1611 1051 tem·
1699 1006 1917 1063 pediatur.
1976 1006 2031 1051 D.
2063 1020 2134 1051 XV
2158 1007 2201 1053 lc.
2233 1009 2345 1054 Nov.
2380 1007 2773 1067 Constantinopoli
2791 1011 2909 1066 post
2933 1019 3039 1052 eon-
3098 1044 3111 1065 ,ἑ

282 1069 397 1125 poris
446 1063 789 1122 praescriptione
840 1061 996 1104 muniti
1032 1061 1340 1118 perhibentur,
1382 1062 1615 1118 pignorum
1698 1062 1894 1107 sulatum
1922 1062 2163 1121 Lampadii
2191 1068 2237 1109 et
2267 1064 2450 1110 Orestae
2479 1079 2543 1111 vv.
2574 1079 2635 1110 cc.
2851 1066 2908 1116 [a.
2940 1066 3039 1115 531]

281 1122 656 1168 distrahendorum
696 1123 739 1162 te
778 1131 866 1162 non
902 1117 1067 1161 habere
1095 1117 1355 1162 facultatem
1383 1117 1612 1175 perspicis.

281 1180 323 1224 S.
358 1190 424 1222 ιιι
448 1176 513 1221 lc.⁹
543 1175 640 1219 Ian.
672 1173 810 1218 Sirmi
838 1173 929 1216 ΑΛ.
962 1186 1105 1217 conss.
1425 1178 1481 1227 [a.
1515 1176 1614 1228 293]

336 1232 365 1282 8
397 1232 519 1277 Idem
549 1232 639 1275 ΛΑ.
671 1234 716 1274 et
746 1228 822 1274 00.
858 1228 1172 1274 Crescentioni.
1242 1229 1288 1273 Si
1325 1229 1497 1285 quidem
1535 1228 1613 1274 do·
2285 1235 2444 1283 ΧΙΙ.20

279 1290 464 1335 nationis
495 1300 631 1332 causa
661 1286 712 1340 ei,
745 1298 872 1341 quem
897 1285 1148 1330 adfectione
1172 1286 1314 1341 patris
1337 1288 1384 1330 te
1409 1285 1615 1330 dilexisse
1697 1316 1775 1356 NE
1830 1314 1983 1356 UXOR
2035 1317 2141 1357 PRO
2194 1315 2238 1356 M
2240 1316 2408 1357 ARITO
2458 1314 2575 1358 VEL
2627 1317 2875 1358 MARITUS
2933 1316 3040 1357 PRO

279 1348 1129 1446 5533⁰¹1²1¹822313¹3t323021233&3223ss
1146 1341 1614 1453 ffieffissssffi’tosssshssssss
1697 1371 1890 1413 UXORE
1921 1371 2035 1413 VEL
2076 1372 2272 1413 MATER
2299 1372 2406 1413 PRO
2436 1372 2593 1413 F1L10
2624 1372 3041 1414 GONVENIATUR.

278 1457 405 1501 aliam
435 1454 664 1512 pecuniam
699 1466 870 1497 sumere
906 1454 1156 1509 praecepit,
1198 1454 1420 1510 rebusque
1457 1454 1613 1498 huma-
1755 1453 1779 1500 1
1815 1453 1963 1513 Impp.
1994 1453 2309 1498 Diocletianus
2347 1457 2392 1498 et
2418 1452 2732 1499 Maximianus
2761 1454 2854 1499 AA.
2891 1453 3041 1498 Ascle-

276 1513 342 1557 nis
373 1516 473 1555 ante
501 1510 827 1566 perceptionem
855 1509 943 1553 fuit
972 1512 1224 1565 exemptus,
1265 1523 1347 1554 nec
1389 1510 1507 1566 quod
1538 1510 1612 1554 de·
1694 1510 1921 1568 piodotae.
1982 1510 2171 1554 Frustra
2196 1510 2397 1565 disputas
2424 1510 2479 1553 de
2503 1511 2806 1555 contractibus
2832 1523 2933 1554 cum
2949 1522 3042 1554 ma-

276 1569 399 1612 deras
428 1578 703 1622 recuperare,
737 1579 836 1609 cum
866 1565 1109 1621 perfectam
1133 1565 1291 1609 habuit
1320 1566 1612 1619 donationem,
1695 1567 1780 1610 rito
1821 1572 1897 1610 tuo
1938 1566 2125 1620 habitis,
2166 1569 2375 1610 utrumne
2409 1565 2505 1610 iure
2527 1566 2738 1610 >steterint
2767 1579 2823 1610 an
2851 1566 3041 1620 minime,

275 1636 354 1668 nec
393 1622 509 1678 quod
546 1621 627 1665 tibi
666 1621 763 1664 (lari
802 1622 1108 1675 mandaverat,
1149 1622 1337 1665 necdum
1366 1623 1446 1666 tibi
1475 1620 1611 1666 tradi·
1698 1637 1797 1666 cum
1835 1622 1918 1666 tibi
1958 1614 2171 1675 sufficiat,
2213 1622 2251 1666 si
2288 1622 2469 1678 proprio
2513 1622 2690 1666 nomine
2726 1622 2896 1666 nullum
2936 1634 3042 1674 con-

274 1685 364 1723 tum
394 1682 542 1734 petere
571 1681 696 1733 potes
728 1690 755 1720 a
783 1683 1085 1733 procuratore.
1137 1677 1255 1733 quod
1284 1679 1323 1722 si
1353 1681 1505 1722 mutuo
1537 1678 1610 1721 de·
1697 1682 1886 1722 tractum
1916 1678 2127 1731 habuisti,
2160 1678 2394 1734 quominus
2423 1692 2506 1733 pro
2531 1678 2689 1723 marito
2714 1683 2792 1723 tuo
2822 1677 3043 1722 conveniri

276 1735 373 1779 disti
410 1746 492 1778 nec
531 1746 559 1778 a
597 1733 796 1789 delegato
837 1733 933 1777 dari
971 1734 1162 1778 novandi
1201 1748 1337 1778 causa
1372 1735 1612 1790 stipulatus
1695 1735 1854 1790 possis,
1901 1734 2018 1790 quod
2060 1747 2166 1787 nec,
2211 1735 2248 1778 si
2293 1740 2451 1790 sponte
2489 1747 2570 1790 pro
2609 1747 2660 1778 eo
2699 1733 3043 1787 intercessisses,

274 1804 340 1843 es,
388 1802 668 1834 successores
706 1790 798 1833 eius
840 1790 1049 1834 solutioni
1087 1803 1241 1846 parere
1280 1791 1608 1847 compellentur.
1697 1791 1931 1846 quicquam
1960 1795 2060 1849 ate
2088 1796 2271 1846 propter
2300 1793 2482 1834 senatus
2514 1790 2767 1835 consultum
2795 1790 2910 1846 exigi
2947 1789 3044 1833 iure

275 1846 317 1892 S.
350 1858 453 1890 XIII
477 1845 520 1890 lc.
552 1845 680 1890 Febr.
714 1844 853 1889 Sirmi
885 1845 962 1891 00.
995 1860 1138 1890 conss.
1424 1850 1480 1899 [a.
1513 1850 1609 1898 294]
1728 1847 1926 1892 otuisset.
1997 1846 2052 1891 D.
2090 1847 2215 1905 prid.
2261 1845 2320 1890 id.
2366 1846 2513 1904 April.
2558 1845 2847 1891 Diocletiano
2892 1857 2961 1889 ΙΙΙ
3000 1849 3046 1889 et

328 1900 357 1949 9
393 1901 554 1946 ¹⁰Idem
570 1901 662 1945 AA.
693 1907 738 1945 et
762 1899 839 1946 00.
874 1900 1075 1960 Glyconi.
1135 1901 1358 1958 Negantes
1389 1902 1611 1947 debitores
1695 1860 1981 1947 {Iaximiano
2011 1903 2103 1947 ΛΑ.
2136 1916 2279 1946 conss.
2854 1905 2911 1953 [a.
2943 1903 3042 1952 287]

273 1972 359 2005 non
398 1961 571 2023 oportet
607 1961 778 2001 armata
817 1957 860 2000 vi
890 1959 1067 2002 terreri:
1109 1958 1189 2002 sed
1217 1958 1408 2014 petitore
1437 1958 1611 2014 quidem
1753 1958 1784 2004 2
1826 1957 1951 2003 Idem
1990 1959 2080 2002 ΛΑ.
2123 1957 2367 2002 Terentiae.
2451 1959 2518 2003 Ob
2557 1956 2818 2001 maritorum
2867 1956 3044 2022 culpam

271 2028 357 2059 non
394 2014 603 2069 implente
651 2026 778 2058 suam
806 2013 1092 2058 intentionem
1121 2014 1189 2059 vel
1218 2015 1478 2070 exceptione
1507 2015 1610 2058 sub-
1696 2028 1859 2059 uxores
1899 2015 2138 2069 inquietari
2181 2014 2301 2070 leges
2341 2018 2509 2057 uetant.
2580 2011 2764 2069 proinde
2811 2011 3044 2056 rationalis

271 2075 387 2115 moto
426 2070 613 2127 absolvi,
670 2070 893 2114 convictos
933 2075 1081 2114 autem
1112 2070 1393 2114 condemnari
1422 2083 1475 2115 ac
1503 2070 1611 2114 iuris
1697 2077 1870 2123 noster,
1912 2070 1997 2115 si2¹
2027 2083 2099 2115 res
2141 2083 2254 2126 quae
2292 2083 2319 2113 a
2346 2069 2456 2113 fisco
2493 2074 2741 2125 occupatae
2770 2071 2876 2113 sunt
2903 2067 3042 2112 domi-

269 2126 467 2171 remediis
517 2125 574 2169 ad
611 2125 877 2170 solutionem
915 2127 1092 2182 urgueri
1132 2127 1348 2171 convenit.
1416 2125 1515 2170 D.¹²
1550 2126 1610 2169 id.
1695 2126 1760 2171 nii
1810 2127 1877 2170 tui
1931 2138 2029 2171 esse
2078 2125 2360 2182 probaveris,
2413 2126 2482 2169 ius
2536 2124 2768 2181 publicum
2818 2129 3040 2181 sequetur.

269 2182 393 2227 Febr.
430 2180 506 2226 00.
538 2195 681 2226 conss.
1424 2186 1480 2234 [a.
1513 2186 1610 2234 294]
1696 2181 1750 2226 D.
1783 2194 1852 2226 ΙΙΙ
1887 2196 1991 2226 non.
2026 2180 2147 2241 Sept.
2185 2181 2471 2226 Diocletiano
2484 2182 2523 2208 ²²
2560 2187 2606 2225 et
2632 2179 2918 2225 Maximiano
2947 2180 3041 2225 AA.

326 2237 388 2285 10
421 2237 546 2282 Idem
568 2238 660 2281 ΑΛ.
692 2243 738 2282 et
762 2236 840 2282 00.
871 2237 1049 2294 Rufino.
1109 2238 1333 2282 Adversus
1368 2238 1612 2282 debitorem
1698 2252 1842 2282 conss.
2852 2236 2910 2294 [a.
2943 2237 3040 2290 287]

270 2294 417 2338 electis
457 2293 714 2350 pignoribus
754 2294 1001 2349 personalis
1042 2293 1160 2337 actio
1190 2307 1280 2337 non
1309 2294 1503 2347 tollitur,
1534 2293 1612 2338 sed
1754 2291 1784 2341 3
1817 2293 1943 2338 Idem
1973 2296 2064 2338 AA.
2096 2299 2141 2338 et
2171 2294 2247 2338 00.
2284 2293 2431 2351 Carpo
2468 2292 2596 2337 horo.
2654 2292 2764 2336 Cum
2791 2295 2837 2336 te
2865 2304 3042 2348 posses-

269 2363 332 2405 eo,
375 2349 492 2406 quod
530 2349 584 2393 de
611 2351 755 2416 pretio
787 2350 952 2394 servari
980 2349 1150 2405 potuit,
1188 2349 1237 2393 in
1266 2349 1463 2394 debitum
1494 2363 1611 2394 com·
1697 2350 1843 2394 siones
1883 2363 1974 2394 non
2011 2351 2058 2393 in
2097 2350 2244 2394 dotem
2282 2363 2363 2405 pro
2401 2349 2434 2392 fi
2455 2349 2496 2392 ‘a
2534 2354 2614 2392 tua
2643 2347 2839 2400 dedisse,
2878 2347 2959 2393 sed
2986 2347 3044 2392 ad

299 2410 422 2450 utato
452 2406 506 2450 de
535 2406 709 2450 residuo
741 2410 888 2450 manet
916 2407 1101 2461 integra.
1162 2404 1216 2449 D.
1251 2417 1320 2448 111
1344 2419 1447 2450 non.
1464 2405 1610 2463 April.
1697 2405 2032 2450 sustentandam
2076 2419 2171 2450 eam
2214 2411 2340 2449 extra
2384 2405 2499 2450 dotis
2545 2417 2727 2449 causam
2769 2403 2888 2448 filiae
2936 2407 3043 2448 tuae

269 2420 347 2506 Ι00.
378 2476 519 2506 conss.
1420 2466 1475 2514 [a.
1513 2465 1610 2514 294]
1696 2462 1879 2518 praedia
1917 2461 2177 2519 adsignasse
2206 2474 2455 2527 proponas,
2498 2461 2687 2505 civilium
2715 2459 3044 2505 munerumvel

324 2517 383 2564 11
427 2517 552 2563 Idem
589 2519 682 2562 ΑΛ.
724 2523 769 2562 et
809 2517 885 2561 00.
918 2516 1103 2562 Paulae.
1172 2517 1319 2560 Nimia
1351 2517 1613 2562 credulitate
1697 2531 1882 2562 onerum
1895 2519 1932 2545 ²³
1969 2518 2302 2574 municipalium
2341 2519 2530 2563 obtentu
2570 2529 2625 2560 ex
2664 2528 2859 2574 persona
2896 2515 3044 2560 mariti

269 2575 563 2618 circumventa
606 2587 674 2628 es,
720 2574 844 2629 quia,
890 2573 1008 2630 quod
1054 2574 1223 2617 colonis
1266 2574 1313 2616 in
1356 2586 1449 2617 rem
1488 2587 1612 2618 suam
1697 2575 1790 2618 eius
1804 2576 1855 2628 ²⁴,
1896 2574 2115 2630 quomodo
2154 2579 2318 2618 matres
2359 2586 2413 2617 ex
2452 2586 2645 2629 persona
2682 2572 2877 2617 filiorum
2904 2572 3042 2616 inter-
3116 2622 3118 2624 ¹

268 2635 418 2674 mutuo
445 2629 618 2683 dedisti,
646 2643 672 2673 a
697 2630 872 2674 domino
895 2630 1064 2685 praedii
1077 2631 1306 2685 postulare
1320 2642 1454 2694 posse
1472 2629 1610 2674 credi·
1697 2631 1851 2687 pellari
1881 2644 1971 2674 non
2000 2634 2202 2687 possunt,
2242 2643 2342 2674 cum
2371 2643 2514 2685 neque
2543 2630 2751 2673 maritum
2775 2641 2861 2695 pro
2891 2628 3042 2673 uxoris

269 2686 388 2730 disti:
419 2699 502 2730 nec
535 2686 592 2729 ad
613 2698 712 2728 eum
735 2686 1018 2740 obligandum
1039 2690 1239 2729 actorum
1258 2686 1398 2741 ipsius
1433 2685 1613 2730 adiuvat
1697 2686 1966 2742 obligatione
2009 2686 2234 2730 conveniri
2274 2698 2410 2742 posse
2453 2689 2651 2739 constat,
2701 2684 2789 2728 nisi
2827 2685 2924 2742 ipse
2959 2697 3043 2741 pro

268 2747 312 2786 te
339 2742 603 2799 praesentia.
662 2741 717 2785 D.
749 2754 844 2784 ΠΗ
870 2740 912 2785 lc.
944 2742 1104 2799 Αἰιρ.12
1136 2739 1213 2785 00.
1245 2755 1391 2785 conss.
1438 2746 1495 2795 [a.
1514 2745 1610 2794 294]
1698 2756 1750 2787 ea
1792 2755 1842 2786 se
1885 2741 2123 2786 obnoxium
2166 2741 2285 2785 fecit.
2367 2741 2659 2784 certissimum
2713 2741 2829 2783 enim
2878 2746 2947 2785 est
2989 2753 3044 2784 ex

324 2796 389 2844 12
419 2797 546 2841 Idem
560 2799 653 2841 AA.
685 2802 730 2841 et
751 2795 827 2841 00.
861 2795 1035 2842 Iovino.
1096 2796 1162 2841 Ob
1193 2809 1269 2841 aes
1301 2797 1491 2841 alienum
1521 2810 1611 2842 ser·
1696 2798 1878 2842 alterius
1922 2800 2157 2842 contractu
2195 2797 2412 2841 neminem
2452 2796 2649 2852 obligari.
2719 2807 2789 2839 III
2825 2795 2885 2840 id.
2918 2794 3039 2855 Sept.

267 2854 356 2898 vire
390 2854 553 2898 liberos
592 2853 883 2897 creditoribus
928 2853 1027 2896 iura
1065 2853 1268 2908 compelli
1306 2866 1396 2896 non
1433 2853 1610 2909 patiun-
1698 2853 1837 2898 Sirmi
1864 2855 1957 2897 ΑΛ.
1989 2867 2132 2897 conss.
2853 2852 2910 2918 [a.
2942 2851 3040 2909 293]

268 2913 353 2953 tur.
411 2909 467 2955 D.
499 2910 649 2952 XJJJ¹³
676 2908 719 2952 lc.
753 2909 865 2954 Nov.
899 2906 977 2953 CC.
1009 2921 1153 2952 conss.
1424 2913 1481 2962 [a.
1513 2912 1611 2962 294]
1753 2909 1786 2956 4
1815 2908 1942 2953 Idem
1970 2909 2062 2953 ΑΛ.
2105 2915 2151 2953 et
2181 2908 2258 2954 CC.
2289 2907 2564 2953 Philoterae.
2626 2907 2736 2952 Cum
2774 2913 2819 2952 te
2857 2907 2956 2952 ideo
2987 2919 3043 2952 ex

325 2963 388 3012 13
427 2964 554 3009 Idem
591 2966 683 3009 AA.
725 2971 770 3009 et
809 2963 886 3009 00.
928 2964 1171 3009 Barsimio.
1233 2964 1364 3018 Eum,
1407 2965 1480 3009 cui
1517 2979 1611 3009 mu·
1695 2978 1889 3021 persona
1924 2965 2006 3009 filii
2043 2965 2112 3009 tui
2148 2977 2460 3009 commemores
2505 2963 2753 3016 conveniri,
2803 2964 2922 3020 quod
2990 2977 3056 3008 ro*-

269 3026 388 3065 tuam
419 3021 576 3065 dedisti
602 3022 850 3077 pecuniam,
890 3020 947 3064 ad
981 3021 1245 3065 solutionem
1274 3034 1463 3076 urguere
1493 3035 1610 3065 com·
1698 3021 1857 3066 debitis
1888 3022 1983 3064 eius
2014 3021 2180 3077 aliquid
2207 3021 2412 3065 intulisse
2452 3020 2666 3074 videaris,
2707 3019 2956 3064 defensioni
2988 3033 3042 3064 us

269 3078 433 3133 petenti
471 3077 603 3121 debes
641 3078 828 3121 actione.
898 3090 1001 3120 nam
1045 3076 1255 3120 adversus
1299 3077 1610 3131 negotiatores,
1695 3078 1784 3122 tuis
1814 3077 1881 3121 uti
1912 3077 2032 3132 apud
2062 3090 2174 3130 eum,
2217 3077 2344 3121 cuius
2377 3089 2513 3132 super
2542 3089 2594 3120 ea
2621 3088 2670 3120 re
2698 3076 2820 3120 notio
2850 3082 2935 3175 esti
2959 3075 3041 3119 mi-

271 3146 379 3189 quos
424 3147 477 3177 ex
514 3133 735 3177 mercibus
777 3132 991 3189 pecunias
1031 3133 1267 3176 abstulisse
1305 3137 1383 3177 tuo
1423 3133 1613 3178 debitori
1695 3134 1812 3178 nime
1847 3133 2116 3190 prohiberis,
2162 3139 2213 3177 ut
2260 3133 2298 3177 is
2342 3132 2400 3176 ad
2438 3132 2702 3176 solutionem
2739 3131 2871 3176 alieni
2937 3131 3044 3176 ebiti

269 3189 673 3287 {¹39⁰nis'nuuam
687 3190 875 3234 habes²⁴
896 3189 1127 3233 actionem.
1173 3187 1228 3232 D.
1247 3187 1407 3232 X1¹⁵lc.
1423 3189 1612 3299 [Aprggi‘i
1695 3190 1875 3290 {rguegii
1911 3195 1958 3233 te
1995 3202 2086 3233 non
2127 3189 2339 3245 patiatur.
2398 3187 2453 3232 D.
2486 3200 2525 3232 Χ
2557 3185 3043 3302 Ιε.ἷ86])τ.,.1ϊιὲίαηὲοξῖ

344 3278 352 3286 .
384 3258 525 3287 conss.
1438 3260 1480 3290 a.
1743 3261 1766 3290 e
1800 3259 1826 3290 o
1865 3258 1954 3289 ano
1986 3258 2128 3290 conss.
2867 3257 2910 3288 a.

331 3297 395 3344 14
426 3298 549 3343 Idem
578 3301 669 3343 ΑΛ.
711 3306 754 3344 et
794 3299 870 3344 00.
914 3299 1194 3346 Hermodoto
1235 3307 1280 3345 et
1317 3300 1609 3346 Nicomacho.
1758 3261 1795 3304 P

275 3353 360 3418 Est
392 3354 437 3396 in
476 3354 656 3398 arbitrio
695 3360 858 3410 vestro,
906 3356 1129 3412 personali
1177 3355 1388 3401 debitoris
1426 3357 1610 3402 heredes

276 3413 468 3460 actione,
507 3422 564 3452 an
604 3422 700 3453 eum
714 3445 724 3462 ,
765 3413 838 3466 qui
878 3413 932 3456 ab
971 3413 1039 3456 his
1079 3412 1294 3457 distracta
1323 3413 1495 3470 sibique
1522 3419 1611 3457 tra·
2274 3415 2450 3464 XIII.²⁵

277 3463 367 3507 dita
403 3464 585 3519 pignora
622 3470 761 3516 tenet,
804 3468 851 3510 in
888 3481 979 3510 rem
1017 3468 1242 3522 Serviana,
1286 3469 1325 3513 si
1363 3483 1454 3514 non
1491 3469 1612 3525 longi
1695 3500 1774 3540 NE
1813 3499 2002 3541 FILIUS
2033 3499 2143 3540 PRO
2173 3499 2357 3539 PATRE
2387 3498 2500 3538 VEL
2532 3497 2719 3537 PATER
2747 3496 2853 3538 PRO
2883 3497 3039 3538 FILIO

276 3523 482 3619 ἱίἶξῗέὲῗ
506 3526 1492 3635 1012ῖέῦέῗῙὶὲὲίἒὲνὲἓὲἓῑὲἓὲαὲὶὲἇῐὶὲφξῑὲῗὛξ.
1504 3539 1609 3635 {2¹33
1695 3555 2061 3596 EMANCIPATO
2106 3552 2690 3650 vffiffpfffflskmo
2730 3552 2988 3594 mmm
3002 3552 3041 3578 ²⁶

902 3694 986 3741 XI.
1732 3693 1778 3740 ,1
1817 3691 1970 3750 ²⁷Imp.
1997 3690 2254 3736 Gordianus
2282 3693 2334 3735 Α.
2370 3691 2570 3735 Candido
2602 3691 2743 3735 militi.
2803 3689 2959 3746 Neque
2984 3702 3039 3734 ex

278 3767 348 3811 UT
378 3770 651 3812 ACTIONES
680 3773 752 3812 ΕΤ
782 3775 854 3813 AB
883 3774 1118 3818 HEREDE
1155 3779 1228 3820 ΕΤ
1259 3779 1481 3821 CONTRA
1509 3779 1591 3819 HE
1696 3751 1790 3794 eius
1818 3748 1898 3792 filii
1925 3760 2138 3804 persona,
2180 3746 2278 3802 qui,
2314 3761 2413 3791 cum
2442 3748 2511 3792 sui
2538 3747 2648 3791 iuris
2679 3749 3038 3798 esset,'mutuam

671 3828 870 3869 REDEM
898 3829 1190 3874 INCIPIANT
1596 3805 1609 3812 ”
1694 3804 1928 3862 pecuniam
1967 3803 2163 3858 accepit,
2207 3808 2335 3867 pater
2378 3804 2496 3858 eius,
2545 3804 2583 3847 si
2616 3816 2706 3847 non
2745 3801 2875 3846 fidem
2913 3814 3037 3846 suam

714 3910 721 3917 ,
762 3910 769 3918 ,
1194 3865 1202 3874 “
1697 3860 1955 3914 obstrinxit,
1997 3857 2221 3903 conveniri
2250 3863 2422 3925 potest,
2453 3872 2598 3915 neque
2627 3872 2682 3903 ex
2710 3858 2804 3903 eius
2835 3869 2963 3913 quem
2990 3857 3036 3900 in

326 3906 359 3971 ⁸1
411 3907 558 3972 ¹⁷Imp.
605 3907 884 3954 Iustinianus
926 3913 977 3955 A.
1025 3911 1220 3959 Iohanni
1254 3931 1337 3975 pp.
1413 3916 1523 3961 Cum
1567 3922 1612 3961 et
1695 3918 1916 3973 potestate
1954 3915 2113 3968 habet,
2155 3913 2194 3959 si
2233 3927 2329 3959 sine
2366 3916 2460 3960 eius
2497 3915 2625 3959 iussu
2664 3918 2940 3958 contractum
2970 3919 3039 3955 est

280 3964 587 4018 stipulationes
624 3969 668 4008 et
695 3965 840 4021 legata
869 3972 913 4010 et
942 3967 1052 4018 alios
1083 3975 1333 4016 contractus
1362 3974 1465 4029 post
1493 3987 1609 4018 mor·
1695 3983 1836 4027 neque
1867 3974 2022 4015 contra
2057 3976 2237 4015 senatus
2269 3972 2520 4016 consultum
2544 3969 2914 4015 Macedonianum
2941 3981 3035 4011 mu-

280 4101 416 4169 ’τάξει>
430 4106 500 4144 καὶ
532 4102 877 4169 τελευτήσαντος]
911 4103 1044 4149 αὐτοῦ
1080 4107 1163 4163 τὴν
1192 4108 1393 4155 οὗτιλίαν
1422 4110 1609 4162 δέδωκες
1696 4113 1752 4165 (9)
1781 4125 1848 4153 vn
1875 4111 1934 4154 id.
1966 4114 2006 4161 9,
2037 4120 2094 4163 33,
2125 4121 2168 4153 3:
2208 4111 2264 4153 id.
2303 4113 2364 4154 ibi
2390 4113 2651 4164 confirmatur
2686 4112 2751 4152 die
2780 4112 2819 4163 9,
2848 4119 2906 4162 33,
2935 4120 2971 4152 4.
3002 4119 3038 4162 5,

280 4161 351 4223 nai
395 4157 607 4226 αξτέλυσεν
629 4157 808 4227 ,οὕτως’
854 4158 924 4204 ὃτι
962 4158 988 4217 ἦ
1028 4160 1220 4215 διάταξις
1259 4164 1370 4222 αὕτη
1415 4165 1609 4223 οὐδαμοῦ
1695 4178 1737 4210 ut
1767 4170 1840 4210 hoc
1871 4169 1954 4209 loco
1985 4169 2025 4209 k.
2060 4169 2123 4209 die
2154 4184 2184 4210 c.
2205 4178 2238 4210 5.
2258 4179 2292 4210 6.
2381 4170 2457 4219 (ιο)
2490 4167 2676 4208 Cuiacius
2708 4168 2836 4220 iunyit
2866 4170 2903 4213 7,
2931 4175 2988 4219 53,
3013 4177 3034 4208 9

281 4229 362 4266 την
391 4212 589 4281 οιζτιλέαν
617 4214 786 4258 ανεῒλεν
814 4216 1152 4271 τελευτήσαντος
1181 4218 1328 4275 αὐτοῦ,
1358 4221 1468 4266 ἀλλὰ
1498 4225 1609 4276 ζῶν·
1695 4227 1742 4279 (s.
1773 4237 1870 4265 non.
1887 4224 1992 4264 Nov.
2011 4223 2092 4264 CC.
2125 4226 2271 4276 conss.)
2331 4226 2400 4277 (ιι)
2431 4222 2469 4264 d.
2502 4221 2618 4272 Hal„
2649 4235 2764 4274 pp.v
2787 4224 2826 4262 P
2877 4224 2952 4274 (12)
2978 4224 3036 4263 sic

281 4282 353 4332 ‘ros
392 4285 525 4311 αυτου
564 4275 793 4326 μέμνηται,
833 4269 891 4315 αἱς
928 4272 1144 4329 μέλλουσα
1173 4271 1447 4337 ἀντεισάγειν
1475 4279 1527 4322 τὸ
1559 4293 1610 4323 ex
1694 4281 1813 4331 Hal„
1845 4280 1882 4320 d.
1913 4293 2014 4319 viiii
2052 4280 2091 4319 k.
2124 4281 2218 4320 mai.
2251 4282 2291 4320 P
2399 4281 2471 4331 (13)
2501 4277 2539 4317 d.
2569 4291 2654 4317 xiii
2684 4278 2799 4326 Hal„
2829 4291 2859 4318 s.
2889 4290 2969 4318 xvi
3002 4279 3043 4318 Ρ

284 4338 368 4364 eius
395 4338 586 4392 persona:
627 4329 857 4393 Zachariae
888 4332 985 4371 haec
1013 4334 1134 4372 verba
1165 4334 1204 4373 in
1241 4337 1382 4378 Codice
1418 4339 1609 4390 repetitae
1694 4340 1765 4388 (14)
1795 4337 1854 4376 sic
1873 4334 1958 4386 CR,
1976 4335 2124 4376 habeas
2142 4338 2182 4376 P
2233 4339 2305 4389 (15)
2337 4335 2375 4375 d.
2391 4334 2573 4383 11Hal.,
2600 4345 2630 4372 s.
2646 4345 2727 4373 xvi
2743 4335 2784 4373 Ρ
2833 4335 2908 4385 (16)
2927 4333 3034 4375 Now

283 4382 562 4447 praelectionis
612 4399 757 4425 omzssa
810 4401 892 4427 esse
946 4388 1145 4439 opinatur,
1199 4391 1248 4441 Cf
1295 4400 1422 4433 tamen
1477 4401 1557 4433 not.
1588 4402 1607 4433 6
1693 4392 1757 4432 vel
1784 4392 1879 4431 Dec.
1912 4391 2133 4432 Mommsen
2249 4391 2322 4444 (17)
2354 4392 2398 4432 B
2427 4391 2494 4440 24,
2525 4398 2559 4440 3,
2590 4399 2630 4430 19
2755 4391 2829 4441 (18)
2860 4392 2900 4437 8,
2930 4398 2987 4438 37,
3019 4399 3030 4429 1

287 4436 334 4482 (ι)
356 4436 486 4497 ‘habes
517 4438 611 4480 lzbri
640 4455 719 4480 cum
736 4441 823 4479 ΒΣ
835 4445 887 4491 (κ.
905 4442 989 4492 π.);
1022 4451 1197 4494 expectes
1226 4444 1348 4486 habet
1428 4449 1484 4500 (2)
1513 4461 1607 4488 avo-
1694 4447 1770 4499 (19)
1801 4448 1859 4487 sic
1874 4447 1968 4487 dett.
1984 4449 2195 4499 cumBoc.
2212 4449 2291 4500 π.),
2323 4444 2544 4498 recipimus
2570 4444 2679 4486 PCR.
2766 4447 2846 4496 (20)
2869 4445 2912 4486 Β
2931 4446 3031 4495 24,4

287 4500 367 4527 cari
398 4491 467 4531 Ma
491 4507 573 4533 cum
595 4494 774 4547 Graecis,
805 4498 964 4536 evocari
988 4498 1076 4550 ple,
1106 4501 1285 4539 revocari
1319 4502 1351 4542 G
1432 4505 1484 4553 (3)
1517 4504 1603 4543 Ian¹
1692 4503 1765 4554 (21)
1796 4504 1935 4542 noster
1963 4501 1998 4542 si
2030 4501 2136 4554 GRc,
2166 4503 2249 4543 nisi
2279 4504 2325 4554 P,
2354 4501 2390 4542 si
2420 4497 2492 4550 12⁶,
2524 4516 2593 4540 om.
2617 4501 2680 4540 Ra
2766 4503 2844 4553 (22)
2874 4513 2926 4541 ιιι
2957 4502 3030 4541 ins.

288 4542 499 4608 Mommsen
585 4552 636 4600 (4)
668 4553 784 4603 iunqe
814 4555 852 4603 9,
879 4561 936 4603 33,
965 4561 986 4594 3
1071 4554 1124 4604 (5)
1154 4555 1211 4594 sic
1241 4555 1319 4607 PC,
1348 4560 1537 4610 persequi
1568 4560 1606 4599 It
1692 4558 1912 4599 Mommsen
1971 4561 2046 4611 (23)
2067 4572 2235 4600 onerum
2255 4560 2361 4609 dett„
2381 4557 2583 4598 honorum
2603 4555 2678 4598 PC
2728 4559 2806 4607 (24)
2826 4568 2911 4596 non
2926 4556 3033 4596 facta

288 4597 340 4645 (ὓ)
382 4610 425 4636 ex
463 4613 547 4640 eius
586 4616 756 4653 persona
786 4622 831 4646 ea:
868 4623 898 4647 c.
927 4619 945 4648 o
978 4609 1051 4649 huc
1082 4611 1288 4650 aberrasse
1318 4614 1512 4661 videntur,
1554 4619 1606 4664 cs.
1692 4626 1774 4653 non
1805 4615 1998 4654 tenentur
2024 4615 2222 4655 similiave
2250 4615 2479 4655 exciderunt
2544 4611 2683 4662 (25)Β
2701 4613 2804 4662 24,4
2863 4615 2942 4664 (26)
2967 4609 3031 4651 vel

291 4661 411 4699 12153
443 4664 517 4694 not.
542 4666 580 4697 is
706 4662 758 4712 (τ)
790 4662 960 4702 offerant
989 4679 1063 4704 scr.
1192 4667 1246 4717 (s)
1276 4666 1307 4705 si
1339 4669 1385 4716 1²,
1415 4668 1446 4707 si
1479 4681 1501 4706 a
1534 4668 1605 4708 0}ss
1691 4682 1829 4709 servus
1858 4681 1934 4721 pro
1965 4669 2128 4709 domino
2162 4672 2233 4710 ins.
2264 4671 2302 4709 Ρ
2325 4678 2461 4710 contra
2488 4668 2530 4708 B
2616 4667 2694 4718 (27)
2722 4669 2840 4721 itenye
2867 4669 2904 4717 2,
2931 4675 2987 4718 22,
3015 4675 3029 4707 1
