3138 4776
187 158 442 211 15.6.7

182 308 371 351 monium
411 305 527 348 sicut
568 306 612 346 et
646 302 753 344 alias
781 296 996 350 legitimas
1027 293 1379 342 conversationes
1409 302 1512 335 san-

183 365 319 406 cimus
349 373 445 404 esse
473 357 774 402 interdictum:
805 351 903 395 aliis
927 364 1029 396 vero
1059 350 1291 396 haereticis
1320 350 1514 391 tantum-

180 417 308 460 modo
350 414 573 458 iudicialia
615 406 863 454 testimonia
907 412 1064 450 contra
1106 405 1399 457 orthodoxos,
1444 414 1514 446 se-

181 471 372 515 cundum
400 470 517 525 quod
543 466 823 512 constitutum
852 465 933 514 est,
962 463 1164 507 volumus
1195 471 1289 504 esse
1315 457 1515 502 inhibita.

180 533 204 571 3
264 526 468 570 Ceterum
495 517 822 567 testamentaria
844 516 1097 560 testimonia
1121 529 1271 562 eorum
1300 516 1370 558 et¹
1401 525 1516 569 quae

178 583 225 626 in
274 581 440 624 ultimis
495 576 642 630 elogiis
693 572 761 616 vel
808 571 856 614 in
907 573 1210 616 contractibus
1254 569 1517 621 consistunt,

178 639 363 693 propter
391 634 621 678 utilitatem
649 626 885 671 necessarii
915 639 1022 670 usus
1052 628 1178 671 sine²
1215 627 1307 670 ulla
1335 625 1517 669 distinc-

178 692 297 735 tione
325 687 626 746 permittimus,
665 695 721 727 ne
781 681 1062 726 robationum
1089 681 1281 726 facultas
1311 685 1517 737 anguste-

181 752 264 789 tur.
322 745 377 789 D.
417 745 480 786 V2·
520 741 563 784 lc.
592 739 663 783 Au
698 772 707 781 .
775 737 1134 795 cnstantinopoli
1161 742 1275 795 post
1313 736 1519 782 consula-

181 807 270 845 tum
298 799 409 843 Lam
444 795 536 840 adii
562 799 608 838 et
674 792 806 836 restis
833 806 900 837 vv.
931 805 994 836 cc.
1321 792 1383 851 [a.
1415 792 1517 849 531]

234 852 300 900 22
332 856 349 880 ³
378 812 474 896 (lgm
497 850 548 894 A.
567 847 765 913 Iohanni
784 861 868 910 pp.
928 846 1132 914 pivinam
1161 851 1360 893 nostram
1386 861 1518 915 sanc-

177 911 351 958 tionem,
367 920 448 963 per
463 917 592 961 quam
607 915 814 947 iussimus
830 916 1049 947 neminem
1065 916 1214 949 errore
1231 908 1519 949 constrictum

178 963 497 1007 haereticorum
526 959 813 1002 hereditatem
843 960 915 1003 vel
945 960 1137 1015 legatum
1175 959 1267 1004 sive
1296 960 1519 1004 fideicom-

177 1020 354 1062 missum
383 1016 605 1070 accipere,
646 1014 778 1058 etiam
816 1014 864 1058 in
906 1015 1071 1060 ultimis
1099 1015 1289 1060 militum
1317 1017 1519 1061 volunta-

176 1075 293 1118 tibus
321 1074 465 1116 locum
494 1071 659 1114 habere
686 1070 998 1126 praecipimus,
1037 1071 1128 1116 sive
1166 1072 1388 1117 communi
1424 1072 1522 1116 iure

176 1131 264 1173 sive
292 1127 466 1171 militari
495 1130 727 1170 testentur.
788 1125 846 1170 D.
875 1126 918 1171 lc.
951 1126 1073 1186 Sept.
1097 1133 1212 1186 post
1240 1127 1522 1172 consulatum

177 1183 413 1240 Lampadii
441 1187 487 1227 et
518 1181 689 1226 Orestis
717 1195 782 1227 vv.
813 1194 875 1227 cc.
1323 1183 1384 1240 [a.
1416 1183 1518 1240 531]

809 1354 892 1402 VI.

341 1436 421 1476 NE
450 1434 718 1476 SANCTUM
747 1434 1030 1476 BAPTISMA
1059 1434 1358 1478 ITERETUR.

235 1517 257 1564 1
294 1516 492 1576 ⁴Imppp.
520 1516 687 1561 Valens
704 1514 952 1562 Gratianus
966 1521 1012 1562 et
1031 1516 1376 1562 Valentinianus
1388 1517 1521 1562 AAA.

175 1573 234 1618 acl
276 1573 542 1617 Florianum
592 1572 811 1617 vicarium
852 1573 989 1618 Asiae
999 1575 1028 1617 ⁵.
1110 1573 1367 1617 Antistitem
1380 1606 1391 1627 ,
1449 1575 1525 1630 qui

175 1629 453 1674 sanctitatem
490 1629 771 1684 baptismatis
808 1628 965 1673 illicita
1003 1630 1293 1685 usurpatione
1329 1630 1523 1685 gemina-

174 1685 304 1739 verit,
351 1685 599 1728 sacerdotio
643 1684 870 1740 indignum
913 1697 1012 1730 esse
1056 1698 1299 1730 censemus.
1374 1698 1526 1730 eorum

122 1779 124 1781 ,
175 1742 289 1785 3111111
330 1741 672 1785 condemnamus
704 1753 917 1794 errorem,
958 1741 1034 1796 qui
1062 1742 1368 1797 apostolorum
1395 1755 1524 1798 prae-

174 1802 303 1851 cepta
334 1797 557 1840 calcantes
587 1796 825 1840 Christiani
854 1797 1045 1841 nominis
1086 1802 1364 1842 sacramenta
1394 1798 1524 1843 sorti-

173 1858 243 1896 tos
275 1852 358 1896 alio
396 1865 550 1896 rursus
589 1852 856 1908 baptismate
899 1866 988 1897 non
1030 1853 1288 1909 purificant,
1334 1854 1413 1898 sed
1454 1855 1527 1898 in-

175 1914 356 1962 cestant,
393 1907 559 1952 lavacri
587 1908 764 1952 nomine
791 1909 1054 1964 polluentes.
1120 1909 1175 1953 D.
1207 1922 1302 1953 XVI
1336 1909 1379 1954 k.
1411 1909 1525 1955 Nov.

178 1964 572 2022 Constantinopoli
632 1963 853 2008 Gratiano
911 1966 964 2009 A.
1011 1977 1103 2009 ΗΠ
1156 1970 1202 2010 et
1251 1964 1528 2011 Merobaude

175 2033 319 2064 conss.
1350 2036 1391 2066 a.
1424 2026 1473 2066 37
1481 2026 1501 2064 7

232 2073 263 2121 2
295 2074 460 2134 “Impp.
479 2075 717 2120 Honorius
731 2080 776 2120 et
792 2075 1171 2121 TlieodosiusAA.
1189 2022 1426 2122 Antke[mio
1448 2091 1479 2136 p
1506 2021 1526 2122 ].

176 2132 222 2176 Si
252 2132 349 2188 quis
380 2133 486 2176 reba
519 2132 687 2175 tizare⁷
717 2132 967 2188 quempiam
996 2132 1051 2176 de
1085 2134 1304 2190 mysteriis
1342 2093 1527 2178 33111011,-

176 2201 255 2231 333
292 2192 440 2231 333133
500 2188 614 2231 uerit
653 2187 876 2240 detectus,
914 2201 1004 2232 una
1042 2202 1140 2232 cum
1182 2202 1234 2233 eo
1273 2190 1348 2245 qui
1376 2190 1529 2246 piacu-

175 2244 268 2288 lare
299 2244 466 2288 crimen
495 2243 714 2288 commisit
744 2244 799 2298 (si
828 2248 978 2287 tamen
1007 2244 1200 2289 criminis
1230 2259 1311 2302 per
1340 2250 1529 2289 aetatem

178 2312 319 2355 capax
348 2300 419 2352 sit,
451 2299 524 2343 cui
551 2312 815 2356 persuasum
845 2300 918 2353 sit)
949 2300 1104 2344 ultimo
1121 2302 1138 2327 ⁸
1182 2301 1399 2357 supplicio
1429 2314 1529 2358 per-

179 2356 377 2399 cellatur.

178 2425 298 2454 cons.

451 2355 505 2399 D.
547 2367 631 2398 xl!
670 2355 713 2400 lc.
754 2356 901 2414 April.
951 2356 1344 2416 Constantinopoli
1387 2357 1529 2401 Lucio

1353 2427 1395 2458 a.
1425 2417 1506 2457 413

234 2464 263 2513 3
297 2464 462 2525 ⁹Impp.
507 2465 784 2511 Theodosius
826 2471 871 2511 et
918 2466 1263 2512 Valentinianus
1289 2413 1382 2513 ΑΞ1.
1423 2413 1531 2513 Flo}

177 2522 325 2566 rentio
361 2537 444 2580 pp.
518 2522 643 2566 Nulli
685 2523 1010 2567 haereticorum
1055 2523 1203 2567 danda
1245 2528 1315 2568 est
1352 2525 1533 2569 licentia

177 2579 246 2622 vel
284 2578 497 2633 ingenuos
535 2579 605 2622 vel
646 2591 796 2623 servos
825 2579 1044 2635 proprios,
1081 2580 1156 2635 qui
1184 2580 1533 2625 orthodoxorum

180 2638 285 2677 sunt
312 2634 475 2677 initiati
502 2635 734 2690 mysteriis,
776 2635 834 2678 ad
862 2648 992 2678 suum
1020 2649 1176 2680 rursus
1207 2637 1428 2691 baptisma
1457 2637 1532 2681 de-

181 2689 383 2740 ducendi,
426 2702 509 2733 nec
536 2703 639 2733 vero
668 2691 788 2744 illos,
832 2704 944 2746 quos
988 2692 1174 2735 emerint
1209 2693 1279 2736 vel
1322 2693 1532 2748 qualiter-

183 2757 369 2798 cumque
410 2744 648 2788 habuerint
690 2745 881 2788 necdum
924 2758 1033 2790 suae
1077 2748 1381 2802 superstitioni
1427 2762 1533 2792 con-

182 2799 382 2851 iunctos,
433 2799 698 2854 prohibendi
737 2800 984 2845 catholicae
1024 2804 1149 2857 sequi
1177 2803 1433 2857 religionem
1460 2816 1533 2847 33-

190 2859 207 2895 1
271 2854 443 2895 3133133.
504 2853 633 2906 Quod
663 2855 736 2908 qui
764 2854 919 2898 fecerit
947 2856 1036 2910 vel,
1077 2870 1177 2900 cum
1217 2859 1275 2900 sit
1301 2859 1532 2913 ingenuus,

186 2907 231 2949 in
261 2920 308 2951 se
336 2907 434 2950 fieri
461 2920 619 2962 passus
651 2910 709 2951 sit
736 2910 805 2952 vel
833 2909 1002 2953 factum
1031 2924 1122 2955 non
1151 2912 1370 2967 detulerit,
1402 2915 1531 2958 exilio

189 2975 241 3006 33
285 2962 436 3006 decem
479 2963 691 3006 librarum
728 2965 825 3007 auri
868 2966 1007 3009 multa
1051 2966 1353 3012 damnabitur:
1398 2973 1534 3013 testa-

187 3019 321 3061 menti
374 3021 419 3062 et
471 3018 718 3063 donationis
776 3020 1006 3064 faciendae
1058 3023 1233 3078 utrique
1277 3024 1535 3080 deneganda

188 3077 212 3116 2
270 3073 458 3116 licentia.
528 3074 651 3128 Quae
690 3076 837 3119 omnia
875 3076 940 3119 ita
980 3078 1195 3122 custodiri
1243 3079 1532 3134 decernimus,

185 3132 237 3172 ut
265 3129 372 3171 nulli
402 3129 596 3173 iudicum
623 3131 755 3174 liceat
784 3131 978 3176 delatum
1016 3133 1074 3176 ad
1104 3146 1151 3177 se
1181 3136 1347 3180 crimen
1376 3137 1535 3181 minori

188 3190 266 3228 aut
293 3184 403 3227 nulli
433 3185 689 3229 coercitioni
715 3187 939 3241 mandare,
976 3187 1062 3231 nisi
1096 3190 1192 3245 ipse
1220 3190 1267 3234 id
1294 3192 1390 3247 pati
1417 3193 1533 3246 velit,

217 3240 306 3284 uod
345 3240 441 3283 aliis
472 3240 789 3286 dissimulando
819 3244 1101 3288 concesserit.
1160 3244 1216 3290 D.
1249 3258 1317 3291 111
1355 3247 1399 3292 lc.
1431 3246 1533 3293 Iun.

224 3296 580 3354 onstantinopoli
609 3297 758 3342 Felice
785 3303 831 3342 et
862 3298 1012 3343 Tauro
1043 3312 1188 3344 conss.
1337 3302 1399 3360 [a.
1430 3305 1534 3362 428]

794 3467 944 3516 VII.¹⁰

655 3549 731 3588 DE
761 3550 1073 3591 APOSTATIS.

253 3628 273 3693 1
315 3628 464 3687 ¹¹Imp.
499 3628 788 3675 Constantius
814 3632 911 3676 Α.12
939 3632 1002 3676 ad
1031 3632 1310 3680 Thalassium
1330 3651 1415 3703 pp.
1486 3638 1535 3682 Si

220 3698 290 3728 uis
319 3684 413 3740 lege
441 3686 678 3729 venerabili
722 3687 989 3732 constitutus
1006 3690 1040 3715 ¹³
1094 3702 1149 3734 ex
1179 3691 1429 3738 Christiano
1459 3694 1533 3737 Iu-

220 3753 326 3784 aeus
371 3740 551 3804 effectus
596 3742 819 3798 sacrilegis
865 3744 1063 3789 coetibus
1107 3746 1389 3803 adgregetur,
1435 3763 1535 3794 cum

189 3801 414 3840 accusatio
467 3796 603 3841 fuerit
671 3800 982 3854 comprobata,
1046 3799 1282 3848 facultates
1339 3806 1535 3850 eiusdem

191 3851 381 3895 dominio
449 3852 548 3896 fisci
610 3852 812 3898 iubemus
827 3856 861 3882 ¹⁴
925 3855 1151 3901 vindicari.
1238 3860 1293 3904 1).
1348 3873 1375 3904 V
1428 3875 1533 3907 non.

190 3906 276 3950 Iul.
307 3906 567 3952 Mediolano
602 3908 863 3955 Constantio
892 3912 945 3956 A.
985 3923 1103 3956 VIIII
1128 3918 1173 3958 et
1201 3912 1383 3961 Iuliano
1417 3916 1460 3962 C.
1494 3930 1540 3962 11

191 3975 334 4007 conss.
1342 3973 1404 4030 [α,
1431 3974 1534 4031 357]

192 4104 241 4152 (1)
275 4103 315 4143 et
344 4118 418 4144 om.
441 4102 477 4145 C
501 4104 700 4146 contraB

846 4107 897 4158 (2)
928 4106 1016 4148 sine
1045 4106 1079 4149 C
1099 4123 1183 4150 cum
1201 4110 1257 4163 Β,
1289 4113 1346 4153 313
1375 4113 1466 4155 31113
1491 4114 1533 4156 R

192 4159 261 4209 (2¹)
279 4170 350 4198 1111
364 4174 442 4199 scr.

524 4161 577 4211 (3)
596 4162 713 4212 iunqe
733 4163 818 4213 1,3,
836 4171 893 4205 49.
918 4164 956 4214 3,
974 4171 1106 4215 2331.
1132 4167 1171 4216 6,
1185 4174 1242 4218 22,
1259 4176 1299 4209 12
1379 4173 1433 4222 (4)
1465 4179 1531 4212 c.1

193 4216 462 4255 contaminata
493 4223 550 4256 est
580 4230 627 4255 ex
661 4216 733 4258 Th.
770 4220 834 4269 16,
865 4226 900 4269 6,
931 4227 947 4260 1
979 4228 1017 4260 et
1045 4227 1065 4259 2
1179 4221 1233 4272 (5)
1265 4223 1429 4267 Africae
1459 4225 1531 4267 Th.

191 4269 245 4319 (6)
274 4289 332 4332 =·
363 4269 437 4333 Tliz
472 4271 536 4333 16,
568 4278 602 4321 6,
634 4279 655 4311 2
750 4273 801 4321 (7)
833 4274 1104 4326 rebaptizasse
1125 4275 1195 4316 le.
1283 4282 1337 4331 (8)
1367 4280 1531 4332 ultimo]

192 4327 336 4364 statuti
375 4337 527 4377 prioris
571 4324 642 4366 Th.
791 4329 848 4380 (9)
882 4346 939 4363 ==
972 4331 1043 4371 Th.
1079 4332 1144 4382 16,
1174 4341 1208 4383 5,
1239 4341 1297 4385 65,
1334 4344 1373 4376 4:
1416 4339 1533 4390 {unqe

199 4381 232 4428 1,
263 4390 296 4430 5,
327 4389 347 4420 5
517 4381 591 4431 (10)
633 4382 676 4421 Β
707 4384 773 4433 60,
805 4393 861 4435 54,
892 4394 937 4427 22
975 4401 1084 4439 seqq.
1265 4392 1333 4441 (11)
1370 4412 1425 4428 =
1459 4393 1531 4433 Th.

198 4435 263 4482 16,
293 4443 328 4485 8,
358 4445 377 4478 7
500 4437 573 4487 (12)
603 4439 645 4477 et
673 4436 863 4479 Iulianus
892 4441 939 4481 C.
970 4443 1043 4482 ins.
1082 4442 1153 4483 172.
1280 4446 1351 4495 (13)
1383 4448 1530 4487 consti-

198 4489 285 4526 tuta
320 4490 405 4538 Th„
434 4490 631 4533 destituta
660 4493 746 4534 Iac·
784 4494 1055 4549 Gothofredus
1146 4498 1219 4550 (14)
1248 4498 1439 4543 iussimus
1461 4504 1530 4543 Th.

196 4542 269 4592 (15)
300 4563 354 4578 ==
384 4546 453 4586 le.
488 4549 551 4598 16,
582 4557 617 4599 7,
646 4556 667 4590 3
781 4550 857 4602 (15)
885 4571 940 4588 =
973 4552 1043 4593 Th.
1081 4554 1144 4604 16,
1175 4561 1209 4604 1,
1240 4563 1259 4594 4
1373 4561 1445 4607 (17)
1474 4561 1533 4599 sic

203 4596 291 4648 Th„
319 4599 571 4650 perdiderint
592 4604 634 4656 C,
663 4603 934 4655 perdiderunt
951 4607 990 4648 R
1091 4607 1166 4658 (18)
1196 4621 1219 4648 a
1252 4611 1334 4660 722,
1366 4628 1437 4654 om.
1461 4614 1532 4655 CR

1515 135 1583 195 60

2264 153 2339 192 NE
2377 123 2635 190 3311311111
2664 145 2932 190 mensim

1653 285 1685 334 2
1718 286 1856 347 ¹‘Imp
1882 302 1934 347 p.
1977 287 2221 337 Gratianus
2269 287 2610 336 Valentinianus
2653 293 2700 335 et
2737 287 2938 335 17130ᾱο-

1595 345 1691 410 sius
1732 302 1888 388 AAAf’
1910 345 1973 389 ad
2012 346 2263 447 Hypatium
2295 359 2382 446 με.
2456 343 2504 388 Si
2574 343 2644 411 uis
2681 343 2940 412 defunctum

1596 401 1786 444 violatae
1814 403 1946 456 atque
1970 399 2077 448 dese
2121 416 2174 447 ae
2204 403 2330 447 Chris
2369 411 2480 444 anae
2506 411 2556 444 re
2572 413 2727 456 igionis
2755 403 2941 445 accusat

1599 467 1784 510 eumque
1821 455 1869 498 111
1903 457 2133 514 sacrilegia
2170 459 2436 514 templorum
2469 456 2538 499 vel
2574 455 2621 499 in
2651 456 2764 500 ritus
2792 456 2940 501 Iudai-

1600 525 1675 556 cos
1714 510 1930 555 transisse
1965 514 2189 559 contendit
2226 526 2366 571 eaque
2404 510 2547 567 gratia
2583 511 2740 556 testari
2767 512 2943 556 minime

1599 566 1799 623 potuisse
1842 566 2086 624 confirmat,
2126 571 2243 614 intra
2286 567 2632 625 quinquennium
2659 566 2783 623 iuge,
2825 565 2946 624 quod

1599 621 1858 667 inofficiosis
1897 623 2146 670 actionibus
2185 626 2473 670 constitutum
2510 626 2592 676 est,
2630 635 2712 679 pro
2745 622 2836 667 rias
2866 635 2942 667 ex-

1601 684 1720 723 serat
1757 677 1957 722 actiones
1994 678 2218 738 futurique
2254 680 2407 725 iudicii
2443 678 2698 724 huiuscemo
2733 678 2743 689 ’
2783 677 2944 723 301113-

1599 740 1675 778 tur
1703 733 1946 778 exordium.
2003 727 2056 784 D.
2075 747 2147 780 XV
2176 736 2221 782 lc.
2251 736 2352 781 Iun.
2392 734 2557 780 Patavi
2584 732 2863 779 Merobaude
2890 729 2951 779 II
3036 767 3041 790 .,

1601 795 1647 835 et
1675 789 1924 834 Saturnino
1954 802 2098 835 conss.
2693 791 2697 794 ’
2769 803 2811 834 a.
2841 787 2946 846 383]

1658 843 1688 892 3
1724 843 1830 888 ¹⁶Im
1855 859 1939 910 pp.
1982 845 2320 892 Valentinianus
2351 845 2628 891 Theodosius
2656 849 2704 890 et
2788 844 2949 890 cadius

1601 901 1734 946 AAA.
1765 900 1990 945 Faviano
2011 910 2110 960 pp.'
2153 903 2205 956 Ii,
2242 903 2316 959 qui
2354 907 2554 947 sanctam
2581 901 2713 946 fidem
2741 900 2948 957 prodide-

1601 958 1690 1001 rint
1707 958 1739 983 ¹⁷
1776 960 1822 1000 et
1859 961 2062 1001 sanctum
2098 958 2320 1014 baptisma
2361 959 2588 1003 haeretica
2634 956 2950 1023 superstitione

1601 1012 1947 1069 profanaverint,
1976 1025 2004 1056 a
2033 1014 2255 1059 consortio
2279 1014 2473 1058 omnium
2495 1019 2712 1070 segregati
2739 1012 2843 1066 sint,
2872 1012 2950 1078 '’f-⁸

1602 1067 1863 1114 testimoniis
1907 1068 2063 1122 alieni,
2105 1071 2380 1123 testamenti,
2428 1075 2479 1114 ut
2519 1074 2624 1114 ante
2667 1070 2756 1114 iam
2799 1081 2946 1114 sanxi·

1603 1138 1701 1169 mus
1717 1125 1765 1179 ¹⁹,
1809 1136 1901 1167 non
1942 1124 2136 1168 habeant
2171 1125 2434 1180 factionem,
2471 1126 2583 1170 nulli
2620 1125 2668 1170 in
2705 1124 2951 1170 hereditate
3004 1127 3006 1129 ’
3061 1112 3063 1114 ’
3096 1105 3105 1160 ἶ

1607 1186 1625 1224 1
1687 1179 1951 1233 succedant,
1991 1192 2019 1223 a
2056 1181 2229 1225 nemine
2264 1181 2514 1226 scribantur
2554 1180 2756 1227 heredes.
2827 1179 2950 1236 Quos

1603 1237 1734 1281 etiam
1763 1235 2141 1292 praecepissemus
2170 1237 2328 1292 procul
2366 1236 2484 1280 abici
2511 1250 2566 1281 ac
2594 1237 2768 1293 longius
2797 1247 2951 1280 aman-

1605 1293 1723 1347 dari,
1764 1291 1849 1335 nisi
1886 1303 2059 1348 poenae
2086 1292 2227 1336 visum
2266 1291 2425 1336 fuisset
2453 1305 2550 1336 esse
2577 1292 2758 1337 maioris
2786 1291 2953 1337 versari

1605 1353 1630 1392 2
1687 1348 1803 1392 inter
1830 1347 2029 1392 homines
2058 1352 2105 1392 et
2131 1348 2357 1391 hominum
2387 1359 2539 1392 carere
2573 1347 2808 1403 suffragiis.
2866 1346 2955 1392 Sed
3015 1397 3019 1402 .

1604 1417 1687 1449 nec
1726 1416 1936 1460 umquam
1972 1404 2019 1447 in
2057 1408 2223 1447 statum
2260 1403 2496 1459 pristinum
2534 1407 2824 1456 revertentur,
2857 1416 2954 1449 non

1604 1460 1817 1515 flagitium
1870 1472 2042 1504 morum
2099 1459 2430 1504 oblitterabitur
2485 1458 2758 1515 paenitentia
2812 1471 2844 1503 n

1605 1518 1763 1560 umbra
1801 1515 1950 1572 aliqua
1985 1516 2231 1572 exquisitae
2271 1514 2538 1559 defensionis
2582 1519 2661 1559 aut
2704 1512 2957 1559 muniminIs

1607 1573 1864 1624 obducetur,
1895 1571 2103 1628 quoniam
2132 1572 2308 1628 quidem
2338 1584 2427 1624 eos,
2459 1571 2532 1626 qui
2560 1570 2691 1614 fidem
2711 1583 2845 1628 quam
2871 1569 2956 1615 deo

1607 1629 1863 1673 dicaverant
1898 1628 2155 1684 polluerunt
2192 1633 2238 1671 et
2283 1627 2520 1683 prodentes
2565 1627 2761 1671 divinum
2796 1631 2958 1684 myste-

1606 1685 1721 1729 rium
1761 1684 1809 1728 in
1850 1684 2041 1740 profana
2082 1685 2392 1739 migraverunt,
2440 1683 2558 1727 tueri
2601 1695 2655 1727 ea
2697 1695 2812 1738 quae
2855 1684 2960 1727 sunt

1610 1746 1634 1785 3
1694 1740 2000 1786 commenticia
2037 1744 2082 1784 et
2117 1740 2383 1784 concinnata
2420 1752 2510 1783 non
2538 1742 2737 1795 possunt.
2796 1738 2865 1782 La
2897 1738 2959 1783 sis

1608 1798 1770 1842 etenim
1808 1802 1853 1841 et
1891 1797 2141 1840 errantibus
2182 1796 2461 1847 subvenitur,
2501 1795 2685 1850 perditis
2715 1806 2832 1848 vero,
2906 1807 2960 1839 03

1609 1856 1678 1897 est
1719 1856 1923 1897 sanctum
1952 1852 2171 1908 baptisma
2199 1851 2561 1908 profanantibus,
2606 1850 2729 1895 nullo
2766 1850 2958 1895 remedio

1609 1909 1928 1966 paenitentiae,
1987 1920 2100 1964 quae
2143 1909 2256 1952 solet
2298 1908 2397 1951 aliis
2441 1907 2695 1951 criminibus
2739 1906 2897 1952 adesse
2908 1907 2961 1960 ²⁰,

1611 1965 1901 2009 succurritur.
1960 1963 2016 2009 D.
2056 1976 2087 2008 V
2115 1964 2175 2008 id.
2216 1962 2326 2008 Mai.
2370 1962 2649 2007 Concordiae
2687 1962 2880 2007 Tatiano
2918 1967 2963 2007 et

1611 2021 1883 2079 Symmacho
1914 2033 2057 2064 conss.
2763 2018 2826 2076 [a.
2858 2017 2962 2076 391]

1668 2075 1700 2122 4
1731 2075 2201 2134 2¹Impp.Tlaeodosius
2214 2079 2259 2120 et
2270 2073 2713 2119 ValentinianusAA.
2723 2073 2874 2119 Basso
2882 2087 2962 2134 pp.

1611 2131 1940 2189 Apostatarum
1969 2131 2234 2187 sacrilegum
2263 2143 2422 2174 nomen
2453 2131 2728 2186 singulorum
2742 2142 2830 2174 vox
2857 2142 2964 2176 3011-

1610 2188 1763 2232 tinuae
1799 2188 2098 2232 accusationis
2136 2189 2327 2231 incesset
2365 2189 2412 2230 et
2438 2187 2571 2231 nullis
2599 2186 2727 2230 finita
2754 2187 2963 2244 tempori-

1617 2249 1632 2287 1
1694 2244 1818 2288 ribus
1847 2243 2151 2288 huiuscemodi
2183 2242 2375 2286 criminis
2406 2247 2613 2294 arceatur
2640 2242 2815 2299 indago.
2859 2242 2965 2298 Qui-

1611 2301 1695 2344 bus
1735 2300 1932 2356 quamvis
1971 2299 2212 2356 praeterita
2247 2298 2486 2342 interdicta
2524 2298 2772 2352 sufficiant,
2812 2299 2966 2343 tamen

1612 2357 1746 2400 etiam
1784 2356 1898 2399 illud
1932 2355 2165 2407 iteramus,
2205 2367 2283 2408 ne,
2322 2359 2558 2411 postquam
2595 2367 2623 2398 3
2651 2354 2739 2400 fide
2769 2354 2965 2400 deviave-

1612 2413 1722 2466 rint,
1759 2411 1951 2455 testandi
1991 2416 2070 2454 aut
2107 2410 2303 2455 donandi
2342 2411 2570 2467 quippiam
2597 2411 2794 2455 habeant
2819 2410 2965 2455 facul-

1612 2472 1762 2512 tatem.
1830 2467 1908 2511 sed
1946 2479 2029 2511 nec
2067 2466 2330 2511 venditionis
2370 2467 2518 2523 specie
2552 2465 2703 2512 faeere
2729 2465 2817 2522 legi
2843 2466 2966 2511 frau-

1614 2523 1713 2567 dem
1723 2524 1761 2550 22
1790 2524 2008 2576 sinantur,
2047 2526 2281 2578 totumque
2319 2523 2375 2566 ab
2414 2523 2625 2568 intestato
2656 2522 2965 2568 Christianita-

1613 2585 1702 2624 tem
1757 2580 2031 2624 sectantibus
2085 2579 2343 2635 propinquis
2393 2579 2670 2635 potissimum
2723 2578 2965 2623 deferatur.

1616 2640 1640 2679 2
1694 2635 1752 2679 >In
1787 2638 1962 2679 tantum
2003 2639 2152 2679 autem
2190 2638 2347 2679 contra
2383 2634 2690 2680 huiuscemodi
2736 2635 2968 2690 sacrilegia

1614 2691 1868 2747 perpetuari
1909 2692 2108 2735 volumus
2153 2692 2392 2743 actionem,
2443 2696 2495 2734 ut
2535 2691 2755 2735 universis
2799 2691 2856 2734 ab
2899 2691 2967 2734 in-

1617 2751 1780 2791 testato
1809 2747 2086 2790 venientibus
2117 2747 2249 2790 etiam
2277 2751 2379 2802 post
2406 2750 2592 2790 mortem
2630 2746 2857 2802 peccantis
2886 2747 2966 2790 ab·

1616 2803 1806 2847 solutam
1821 2807 1979 2845 vocem'
1997 2802 2335 2846 insimulationis
2366 2814 2589 2856 congruae
2618 2815 2709 2846 non
2736 2813 2966 2857 negemus:

1616 2869 1701 2901 1133
1738 2857 1848 2900 illud
1886 2857 2105 2912 patiemur
2135 2858 2326 2910 obstare,
2364 2857 2403 2900 si
2430 2857 2540 2900 nihil
2567 2857 2615 2901 in
2644 2857 2969 2902 contestatione

1618 2917 1641 2956 3
1713 2912 1903 2968 profano
1946 2913 2120 2956 dicatur
2162 2913 2336 2956 vivente
2377 2913 2642 2968 perductum
2653 2913 2709 2958 ²³.
2782 2912 2870 2957 Sed
2912 2925 2970 2958 ne

1616 2967 1749 3012 huius
1792 2968 2099 3024 interpretatio
2144 2968 2337 3012 criminis
2389 2968 2522 3012 latius
2571 2969 2742 3013 incerto
2786 2973 2971 3025 vagetur
3010 3001 3018 3011 .,

1617 3037 1789 3077 311013,
1833 3037 1908 3068 303
1951 3025 2260 3079 praesentibus
2302 3025 2571 3068 insectamur
2625 3024 2841 3080 oraculis,
2892 3025 2971 3092 qui

1617 3080 1794 3124 nomine
1832 3080 2178 3125 Christianitatis
2217 3079 2361 3124 induti
2404 3081 2626 3125 sacrificia
2663 3081 2734 3125 vel
2781 3081 2970 3126 fecerint

1618 3136 1687 3179 vel
1725 3135 1931 3180 facienda
1968 3136 2295 3180 mandaverint:
2337 3149 2522 3191 quorum
2558 3137 2691 3180 etiam
2719 3140 2825 3193 post
2851 3150 2970 3182 mor-

1618 3196 1707 3235 tem
1746 3192 2035 3258 comprobata
2072 3191 2262 3247 perfidia
2297 3191 2384 3235 hac
2420 3192 2593 3236 ratione
2620 3192 2858 3258 plectenda
2885 3197 2969 3247 est,

1619 3252 1670 3290 ut
1708 3247 2022 3292 donationibus
2059 3248 2424 3302 testamentisque
2461 3247 2664 3293 rescissis
2705 3247 2761 3302 ii,
2807 3248 2970 3305 quibus

1619 3303 1704 3346 hoc
1733 3302 1876 3347 defert
1904 3302 2098 3358 legitima
2127 3303 2365 3356 successio,
2401 3302 2653 3348 huiusmodi
2679 3316 2971 3361 personarum

1619 3359 1864 3403 hereditate
1905 3360 2144 3415 potiantur.
2218 3358 2274 3403 D.
2319 3371 2392 3402 V11
2429 3359 2490 3404 id.
2535 3359 2682 3420 April.
2726 3358 2972 3406 Ravennae

1622 3414 1871 3459 Theodosio
1887 3417 1939 3460 A.
1958 3427 2041 3459 XII
2051 3422 2096 3460 et
2120 3413 2438 3460 Valentiniano
2457 3413 2500 3460 C.
2519 3427 2565 3459 11
2585 3428 2729 3461 conss.
2783 3415 2846 3474 [a.
2863 3415 2968 3473 426]

1676 3468 1706 3515 5
1738 3469 1926 3530 ²⁴Impp.
1959 3470 2237 3516 Theodosius
2272 3475 2320 3516 et
2357 3470 2700 3516 Valentinianus
2727 3471 2821 3516 AA.
2861 3471 2971 3516 Flo·-

1617 3526 1764 3571 rentio
1791 3541 1871 3586 pp.
1939 3526 2069 3581 Eum,
2109 3527 2374 3582 quicumque
2407 3539 2581 3570 servum
2609 3539 2689 3570 seu
2717 3526 2969 3583 ingenuum,

1618 3582 1803 3626 invitum
1829 3582 1898 3626 vel
1927 3583 2133 3626 suasione
2162 3581 2410 3637 plectenda,
2454 3594 2509 3625 ex
2539 3581 2661 3626 cultu
2693 3581 2970 3627 Christianae

1616 3638 1839 3693 religionis
1884 3638 1931 3680 in
1974 3636 2214 3680 nefandam
2261 3642 2428 3681 sectam
2473 3637 2660 3682 ritumve
2701 3638 2968 3695 traduxerit,

1619 3707 1720 3738 cum
1755 3692 1986 3750 dispendio
2023 3693 2303 3736 fortunarum
2339 3691 2486 3748 capite
2514 3691 2784 3747 puniendum
2815 3704 2961 3737 cense-

1617 3763 1730 3794 mus.
1795 3749 1852 3794 D.
1882 3748 2009 3808 prid.
2049 3748 2093 3793 lc.
2124 3748 2253 3793 Febr.
2287 3746 2681 3806 Constantinopoli
2715 3747 2968 3793 Theodosio

1617 3807 1669 3850 A.
1701 3817 1795 3849 XVI
1818 3810 1865 3850 et
1892 3805 2063 3849 Fausto
2094 3817 2238 3849 conss.
2252 3805 2291 3831 ²⁶
2789 3817 2830 3848 a.
2861 3806 2944 3848 438

1675 3858 1706 3908 6
1736 3859 1925 3920 ²⁶Impp.
1969 3859 2312 3905 Valentinianus
2338 3863 2385 3904 et
2406 3857 2674 3913 Marcianus
2777 3860 2830 3903 .2⁷
2857 3857 2930 3904 Pa
2948 3882 2968 3892 ·

1619 3917 1743 3962 ladio
1764 3931 1848 4015 μέν.
1909 3916 2015 3971 Eos,
2076 3916 2123 3959 ui
2154 3916 2473 3980 catholicarum
2501 3915 2787 3960 ecclesiarum
2815 3913 2967 3959 3131131

1618 3973 1688 4018 vel
1717 3978 1788 4017 ort
1821 3971 1991 4017 odoxae
2018 3972 2050 4015 fi
2082 3971 2123 4016 ei
2152 3972 2357 4016 monachi
2385 3972 2538 4015 rehcto
2561 3983 2663 4015 vero
2693 3969 2966 4015 orthodoxae

1617 4115 1693 4167 (19)
1724 4129 1757 4155 c.
1788 4123 1809 4156 2
1841 4114 1878 4155 h.
1911 4122 1935 4154 t.

1616 4170 1844 4266 {staff}
1879 4171 1943 4222 ¹⁶’
1961 4178 1995 4221 ⁸⁹
2014 4178 2058 4212 ²⁸

2023 4113 2104 4167 (20)
2134 4111 2324 4166 prodesse
2358 4112 2430 4153 Th.
2517 4111 2592 4164 (21)
2616 4132 2674 4149 ==
2697 4112 2769 4154 Th.
2789 4113 2905 4165 16,·1,
2923 4121 2967 4154 τε

2188 4170 2267 4221 (22)
2293 4169 2354 4210 sic
2383 4168 2472 4210 edd.
2507 4182 2591 4209 cum
2621 4168 2710 4220 Th„
2738 4167 2886 4209 fraudo
2919 4166 2966 4220 0,

1937 4227 2015 4278 (23)
2032 4226 2092 4267 sic
2109 4222 2280 4277 CTh.B,
2301 4223 2550 4277 productum
2565 4223 2608 4265 R
2693 4223 2774 4277 (24)
2789 4243 2844 4260 ==
2859 4222 2966 4266 Nov.

1623 4281 1770 4322 Theod.
1802 4289 1822 4323 3
1856 4286 1875 4329 5
1909 4290 1951 4322 4:
1994 4283 2112 4335 iunqe
2146 4282 2181 4322 1.
2212 4289 2247 4332 5,
2278 4289 2310 4321 7.
2350 4283 2382 4329 1,
2411 4287 2447 4330 9,
2477 4287 2518 4320 19
2688 4279 2769 4331 (35)
2808 4290 2890 4319 xvi
2925 4280 2970 4335 et⁴

1617 4336 1753 4377 fausto
1782 4334 1929 4390 conss]
1968 4338 2027 4377 ita
2060 4341 2095 4388 1,
2126 4345 2161 4388 5,
2192 4345 2226 4384 ’1,
2264 4347 2346 4374 xvi
2374 4345 2483 4375 cons.
2524 4334 2566 4374 et
2598 4333 2673 4386 qui
2699 4333 2829 4374 fuerit
2855 4345 2966 4374 nun·

1617 4392 1746 4433 tiatus
1761 4391 1867 4434 Nov.
1891 4391 2053 4442 Theod„
2081 4403 2144 4431 xv
2167 4393 2208 4432 et
2236 4389 2521 4430 valentiniano
2549 4401 2623 4429 1111
2650 4401 2714 4431 aa.
2736 4401 2836 4430 coss.
2862 4389 2965 4430 Hal.

1617 4448 1682 4500 26)
1719 4448 1984 4489 authenticum
2025 4449 2141 4489 liuius
2179 4445 2469 4487 constitutionis
2507 4445 2581 4496 (=
2607 4445 2748 4497 Anile.)
2785 4451 2895 4485 extat
2922 4445 2965 4486 in

1618 4517 1812 4544 canonum
1851 4502 2080 4544 collectione
2123 4501 2411 4551 Quanelliana
2450 4508 2489 4541 et
2516 4499 2738 4554 Hispana:
2773 4499 2894 4554 iunys
2926 4502 2946 4542 i

1618 4567 1654 4611 5,
1685 4566 1707 4600 8
1821 4559 1901 4611 (21)
1929 4557 2028 4610 imp.
2058 4557 2296 4598 Mai-cianus
2323 4556 2372 4595 A.
2404 4554 2526 4597 Aucti.
