3086 4732
147 359 173 396 4
256 355 427 409 ἑτέραν,
455 340 504 405 ἧς
531 348 658 400 ἄξιόν
687 351 780 390 ἐστι
809 347 861 390 τὸ
891 347 1045 393 δοθέν.
1102 350 1273 410 Χώραν
1311 350 1359 392 δὲ
1397 357 1484 403 ἔχει

256 407 312 449 τὰ
348 408 555 464 εἰρημένα
592 408 667 447 καὶ
708 406 783 446 ἐπὶ
822 407 912 446 τοῖς
943 403 1148 459 μέλλουσι
1174 407 1387 466 γίνεσθαι
1417 409 1482 447 έκ-

147 468 170 506 5
255 461 578 516 κλησιαστικοῖς
605 462 678 501 καὶ
705 462 797 500 τοῖς
825 461 1047 514 ἐσομένοις
1069 458 1284 529 εὖαγέσιν.
1328 458 1482 504 ‘Parav-

254 534 352 559 των
389 516 440 559 δὲ
474 518 669 569 κινητῶν
698 514 878 563 ἔξωθεν
912 517 1010 558 τῶν
1047 516 1182 575 ἱερων
1211 519 1382 560 σκευῶν
1410 520 1483 559 καὶ

254 569 514 631 ἀρκούντων
556 572 616 612 εἰς
656 568 734 610 τὰς
777 570 1006 626 εἰρημένας
1041 574 1186 616 αἰτίας
1225 570 1349 631 ἀργεῖ
1389 575 1484 614 τῶν

254 625 514 686 ἀναγκαίων
541 622 765 677 ἀκινήτων
794 629 869 666 καὶ
903 628 1000 670 τῶν
1028 625 1180 686 ἄρτων
1207 627 1234 683 ἡ
1263 632 1485 681 ἐκποίησις

254 687 329 724 καὶ
357 682 384 736 ἡ
412 680 633 734 ὑποθήκη.
680 692 687 705 ’

205 736 266 784 18
298 734 384 790 [1‘0
413 733 542 779 αὐτὸς
569 733 789 790 βασιλεύς]

257 790 341 836 ’ὶἩ
363 791 558 841 διάταξις
591 789 795 847 ἀφορίζει
833 792 888 851 τῇ
916 791 1082 851 μεγάλη
1120 794 1327 850 ἐκκλησίᾳ
1356 800 1484 838 Κων·

254 844 663 891 σταντινουπόλεως
678 845 983 902 ἑβδομήκοντα
993 840 1143 908 λίτρας
1155 858 1335 910 χρυσίου
1350 852 1484 911 πρόσ-

254 903 361 946 οὸον
389 904 448 945 εἰς
475 902 529 945 τὸ
558 900 636 944 τὰς
663 900 839 955 κηδείας
880 900 1135 949 ἀδαπάνους
1163 909 1213 948 ἐν
1239 912 1484 950 Κωνσταν·

252 956 506 1001 τινουπόλει
533 959 749 1014 γίνεσθαι
786 961 862 1000 καὶ
897 963 1025 1017 μέχρι
1052 962 1149 1004 τῶν
1177 966 1295 1006 νέων
1323 965 1486 1016 τειχῶν

256 1017 330 1054 καὶ
359 1012 697 1068 ,Βλαχε’ριναις·2“
748 1013 795 1055 αἱ
829 1031 914 1073 γαρ
943 1020 1087 1060 Συκαῖ
1121 1023 1251 1077 μέρος
1283 1020 1369 1062 εἶσὶ
1405 1021 1483 1072 τῆς

150 1074 165 1112 1
253 1067 437 1113 πόλεως.
495 1065 653 1126 Ὁρίζει
687 1068 802 1111 κατὰ
838 1073 936 1113 τῶν
964 1074 1347 1130 παραβαινόντων
1386 1090 1482 1118 ποι·

253 1125 337 1179 νὴν
366 1123 451 1167 ἀνὰ
480 1124 762 1176 πεντήκοντα
789 1132 967 1181 χρυσιόυ
996 1127 1178 1185 λιτρῶν.

202 1179 264 1228 19
295 1179 410 1280 Imp.
442 1179 728 1225 Iustinianus
755 1182 807 1225 A.
837 1181 1000 1227 Menae
1017 1198 1102 1242 pp.
1174 1185 1312 1238 Illud,
1369 1186 1487 1242 quod

142 1253 196 1282 ex
233 1242 368 1280 veteri
401 1250 453 1280 us
493 1237 663 1291 legibus
703 1237 808 1281 licet
837 1239 1025 1282 obscure
1051 1240 1208 1296 positis
1247 1254 1275 1284 a
1305 1242 1485 1297 quibus-

144 1296 241 1337 dam
279 1294 644 1348 attemptabatur‚
685 1298 737 1336 ut
765 1293 1024 1338 donationes
1064 1309 1198 1351 super
1227 1297 1309 1352 piis
1341 1299 1485 1341 causis

142 1352 301 1401 factae,
345 1349 450 1392 licet
492 1350 636 1392 minus
679 1349 727 1391 in
770 1350 882 1393 actis
911 1350 1138 1395 intimatae
1182 1351 1294 1404 sint,
1339 1358 1487 1396 tamen

141 1407 337 1458 valeant,
378 1409 500 1448 certo
540 1411 585 1449 et
623 1404 816 1449 dilucido
854 1407 948 1449 iure
976 1411 1193 1461 taxamus,
1232 1412 1282 1450 ut
1309 1408 1357 1451 in
1387 1409 1484 1452 aliis

142 1462 314 1526 quidem
354 1462 531 1504 casibus
569 1466 721 1504 vetera
756 1461 856 1504 iura
894 1475 1029 1517 super
1068 1463 1320 1507 intimandis
1351 1464 1486 1508 dona-

141 1519 332 1561 tionibus
375 1518 545 1561 intacta
587 1522 816 1560 maneant:
863 1518 902 1561 si
944 1519 1040 1574 quis
1078 1532 1181 1562 vero
1227 1519 1497 1564 donationes'

141 1587 279 1629 usque
317 1573 376 1616 ad
418 1573 679 1628 quingentos
709 1573 874 1617 solidos
903 1574 950 1617 in
979 1575 1327 1631 quibuscumque
1354 1578 1487 1620 rebus

141 1631 297 1674 fecerit
324 1630 393 1673 vel
420 1629 467 1672 in
496 1638 698 1673 sanctam
734 1630 966 1674 ecclesiam
993 1630 1063 1674 vel
1090 1631 1136 1674 in
1164 1632 1487 1675 xenodochium

140 1687 206 1729 vel
250 1686 295 1729 in
338 1686 642 1731 nosocomium
683 1686 752 1729 vel
795 1685 842 1729 in
877 1686 1304 1742 orphanotrophium
1341 1689 1409 1731 vel
1443 1690 1487 1732 in

140 1742 559 1797 ptochotrophium³
593 1742 661 1785 vel
688 1742 735 1785 in
762 1742 884 1797 ipsos
913 1755 1132 1807 pauperes
1162 1743 1230 1786 vel
1257 1743 1303 1786 in
1333 1757 1485 1799 quam-

141 1811 327 1854 cumque
358 1798 590 1848 civitatem,
630 1798 742 1841 istae
772 1800 1032 1842 donat1ones
1062 1799 1195 1842 etiam
1224 1799 1336 1842 citra
1365 1807 1487 1844 acto-

145 1868 243 1898 rum
281 1854 602 1898 confectionem
641 1854 974 1897 convalescant:
1016 1854 1083 1896 sin
1123 1867 1226 1898 vero
1264 1856 1487 1911 amplioris

142 1910 400 1965 quantitatis
430 1910 609 1953 donatio
641 1910 711 1963 sit,
741 1916 929 1965 excepta
958 1910 1128 1954 scilicet
1163 1911 1381 1965 imperiali
1410 1912 1487 1955 do-

141 1967 335 2018 natione,
366 1979 456 2009 non
486 1966 615 2009 aliter
643 1967 800 2016 valeat,
840 1966 926 2009 nisi
961 1966 1073 2010 actis
1102 1966 1306 2010 intimata
1333 1967 1486 2012 fuerit:

141 2022 251 2065 nulli
281 2022 427 2066 danda
454 2021 633 2065 licentia
663 2034 938 2077 quacumque
967 2022 1055 2065 alia
1085 2034 1220 2066 causa
1250 2024 1376 2078 quasi
1395 2024 1487 2079 pie·
1511 2024 1513 2027 ’

140 2078 246 2121 tatis
283 2078 380 2121 iure
417 2078 607 2121 subnixa
644 2083 821 2132 praeter
849 2091 947 2132 eas,
986 2091 1096 2134 quas
1134 2078 1384 2134 specialiter
1412 2093 1487 2123 ex-

141 2134 383 2190 posuimus,
428 2134 778 2177 introducenda⁴
820 2139 1017 2177 veterum
1061 2134 1173 2178 scita
1210 2147 1345 2191 super
1386 2136 1488 2178 inti-

140 2190 312 2234 mandis
342 2189 653 2233 donationibus
680 2193 947 2245 permutare.
1007 2188 1098 2247 [D.]
1130 2223 1142 2234 .
1159 2223 1170 2234 .
1187 2224 1198 2234 .
1216 2223 1227 2234 .
1257 2191 1331 2235 dn.
1352 2190 1489 2235 Iusti-

141 2247 278 2290 niano
333 2257 383 2303 p.
415 2248 467 2289 A.
500 2244 574 2297 [II
601 2248 737 2299 cona]
1292 2247 1353 2304 [a.
1385 2247 1487 2304 528]

198 2299 263 2348 20
298 2260 357 2355 βο
388 2298 520 2343 αὐτὸς
546 2300 770 2369 βασιλεύς]

254 2354 402 2411 5Μηὸἑ
430 2353 518 2399 ἀπὸ
549 2357 679 2399 &stov
707 2372 851 2400 τυπου
878 2353 906 2412 ἢ
935 2353 1111 2416 ἀρχικῆς
1142 2354 1426 2417 προστάξεως
1461 2355 1489 2412 ἢ

252 2411 515 2467 οἱουδήποτε
559 2411 841 2470 δικαστηρίου
884 2413 1186 2471 στρατιωτικὴ
1221 2419 1389 2467 σίτησις
1431 2415 1491 2456 εἰς

253 2466 501 2527 εὖκτηρίους
529 2469 670 2511 οἴκους
697 2466 724 2522 ἢ
747 2468 975 2527 κληρικοὺς
1003 2466 1030 2523 ἢ
1048 2467 1327 2528 μοναστήρια
1356 2486 1489 2524 μετα·

251 2526 429 2584 γε’σθω,
491 2521 549 2567 ως
591 2524 893 2567 ἐλλειπόντων
937 2522 1084 2579 δῆθεν
1138 2529 1229 2567 τοῖς
1280 2520 1491 2584 ἀριθμοῖς

253 2585 523 2638 σωματείων
530 2581 546 2606 ⁵
555 2583 581 2624 ¹.

199 2634 261 2682 21
311 2636 435 2680 Idem
479 2637 530 2680 A.
571 2635 862 2680 Demostheni
892 2651 974 2695 pp.
1050 2636 1281 2681 Sancimus
1327 2636 1490 2680 nemini

143 2693 275 2736 licere
306 2692 604 2736 sacratissima
632 2699 764 2747 atque
798 2706 963 2736 arcana
991 2706 1098 2736 vasa
1127 2694 1196 2736 vel
1225 2698 1387 2736 vestem
1418 2706 1488 2736 ce-

144 2754 326 2803 teraque
356 2749 562 2800 donaria,
601 2761 715 2803 quae
751 2748 806 2791 ad
837 2749 1027 2791 divinam
1056 2749 1308 2803 religionem
1339 2761 1488 2792 neces·

147 2804 264 2846 saria
306 2808 409 2845 sunt
453 2810 570 2855 (cum
609 2804 741 2845 etiam
778 2808 947 2847 veteres
977 2805 1094 2858 leges
1125 2817 1198 2858 ea,
1239 2817 1352 2858 quae
1380 2805 1488 2846 iuris

149 2858 280 2900 divini
309 2862 431 2909 sunt,
470 2859 672 2900 humanis
711 2859 896 2901 nexibus
926 2871 1016 2901 non
1045 2855 1202 2913 illigari
1231 2865 1488 2910 sanxerunt)

148 2913 216 2956 vel
256 2913 313 2955 ad
350 2913 642 2955 venditionem
678 2914 747 2955 vel
784 2914 1077 2968 hypothecam
1106 2915 1174 2957 vel
1212 2915 1369 2969 pignus
1398 2920 1489 2956 tra-

148 2969 267 3020 here,
313 2968 391 3011 sed
436 2969 491 3011 ab
521 2968 603 3019 his,
650 2968 723 3022 qui
766 2969 875 3011 haec
914 2969 1139 3023 suscipere
1176 2970 1274 3012 ausi
1310 2969 1488 3019 fuerint,

149 3024 288 3067 modis
319 3023 519 3067 omnibus
549 3023 761 3066 vindicari
789 3029 879 3066 tam
908 3037 989 3079 per
1010 3024 1356 3078 religiosissimos
1375 3026 1490 3080 epis-

151 3093 285 3134 copos
338 3092 468 3134 quam
514 3092 776 3122 oeconomos
831 3093 911 3122 nec
955 3093 1044 3123 non
1088 3081 1219 3123 etiam
1263 3093 1489 3123 sacrorum

151 3148 351 3178 vasorum
401 3135 626 3178 custodes:
675 3135 840 3178 nullam
878 3135 940 3179 eis
984 3135 1202 3179 actionem
1239 3136 1487 3191 relinquen-

151 3191 279 3233 damss
306 3191 373 3234 vel
403 3203 536 3245 super
564 3190 814 3245 recipiendo
843 3191 984 3246 pretio
1001 3192 1069 3234 vel
1084 3191 1237 3235 fenore
1261 3192 1487 3246 exigendo,

152 3260 228 3301 pro
278 3259 362 3300 quo
402 3259 471 3290 res
521 3247 778 3301 pignoratae
817 3252 943 3296 sunt,
987 3247 1064 3290 sed
1104 3248 1305 3291 omnibus
1335 3248 1487 3291 huius-

152 3302 267 3345 modi
305 3302 551 3346 actionibus
592 3301 850 3357 respuendis
891 3302 948 3345 ad
976 3302 1298 3347 restitutionem
1338 3316 1489 3347 earum

155 3365 170 3399 1
232 3358 371 3401 modis
412 3359 613 3402 omnibus
655 3358 859 3402 coartari.
920 3358 997 3401 Sin
1026 3364 1171 3402 autem
1201 3360 1269 3402 vel
1299 3359 1491 3403 conflata

152 3420 252 3457 sunt
280 3415 348 3456 vel
375 3414 540 3456 fuerint
560 3414 628 3457 vel
658 3414 743 3457 alio
773 3414 901 3457 modo
931 3415 1160 3457 immutata
1181 3415 1248 3458 vel
1279 3415 1488 3470 dispersa,

154 3470 285 3513 nihilo
314 3470 456 3513 minus
479 3470 546 3512 vel
576 3470 633 3511 ad
661 3470 759 3524 ipsa
789 3483 976 3525 corpora
993 3471 1059 3513 vel
1088 3471 1145 3513 ad
1172 3471 1316 3526 pretia
1340 3484 1490 3514 eorum

153 3606 202 3656 (1)
233 3607 528 3658 inscriptionem
554 3607 762 3657 petivimus
792 3622 839 3648 ex
868 3607 971 3648 Nov.
991 3616 1035 3648 59
1049 3623 1129 3660 pr„
1162 3623 1241 3661 qua
1274 3608 1493 3648 laudantur

156 3661 261 3700 duae
281 3662 500 3700 Anastasia
515 3662 820 3709 constitutiones,
853 3676 1020 3714 quarum
1051 3663 1181 3703 altera
1207 3679 1405 3705 numerum
1427 3666 1494 3706 de-

153 3730 341 3755 canorum
358 3730 426 3755 seu
444 3715 739 3767 colleyiatorum
762 3719 872 3757 urbis
895 3720 1363 3771 Constantinopolitanae
1382 3723 1497 3762 auxit

153 3772 222 3824 (cs.
239 3771 344 3812 Nov.
361 3779 404 3812 43
426 3786 490 3823 pr.
509 3786 539 3811 c.
560 3781 579 3811 4
601 3773 637 3811 h.
656 3774 711 3823 t.)‚
745 3774 873 3813 altera
905 3783 1048 3814 certum
1079 3777 1248 3815 reditum
1278 3777 1495 3829 sepulturis

155 3828 325 3867 eiusdem
356 3829 466 3868 urbis
493 3829 792 3880 impendendum
819 3831 1051 3882 acl-siynavit
1116 3833 1170 3882 (2)
1203 3833 1323 3872 index
1339 3848 1370 3874 c.
1390 3843 1494 3874 18=

161 3883 291 3924 Const.
337 3884 408 3934 (2³)
438 3880 708 3939 Βλαχερνῶν
725 3885 955 3926 Zachariae
1027 3888 1081 3936 (3)
1108 3887 1172 3926 Vel
1188 3887 1232 3926 in
1255 3890 1493 3940 ptochotro-

154 3938 378 4001 phiumssvel
398 3940 443 3978 in
459 3940 566 3991 ipsos
588 3953 785 3992 pauperes
801 3943 948 3993 scripsi
964 3952 1124 3983 auctore
1142 3945 1272 3984 Const.
1285 3957 1298 3981 .·
1324 3940 1350 3996 ἢ
1373 3959 1494 3985 πτω-

156 3996 272 4045 χεῖον
287 4009 313 4045 η
331 3994 389 4035 εἰς
415 3993 571 4036 αὐτοὺς
592 3992 692 4037 τοὺς
714 3991 928 4047 πτώχους,
955 3998 1019 4038 vel
1046 3998 1412 4053 brephotrophium
1430 4000 1494 4040 vel

154 4051 486 4102 tochotrophium
517 4051 579 4090 vel
603 4052 647 4091 in
670 4055 777 4104 ipsos
802 4067 1000 4105 pauperes
1023 4055 1064 4104 C,
1096 4054 1161 4095 vel
1186 4056 1228 4095 in
1257 4057 1363 4109 ipsos
1391 4069 1495 4109 pau-

155 4119 267 4157 peres
297 4110 385 4157 (om.
416 4107 479 4146 vel
509 4107 553 4146 in
583 4110 962 4162 ptochotrophium)
988 4110 1031 4151 R
1101 4115 1154 4163 (4)
1179 4115 1237 4153 sic
1264 4114 1320 4165 R,
1351 4125 1495 4164 quam-

156 4281 177 4319 4
234 4278 392 4334 quanti
431 4284 496 4322 est
533 4278 655 4335 quod
692 4279 842 4323 datum
870 4282 1024 4338 fuerit.
1085 4280 1207 4334 Quae
1237 4282 1357 4325 dieta
1386 4291 1489 4326 sant

158 4333 296 4375 locum
337 4333 498 4378 liabent
534 4335 664 4377 etiam
708 4336 755 4377 in
793 4336 847 4379 iis
886 4337 1016 4380 rebus
1051 4352 1166 4394 quae
1204 4339 1487 4382 ecclesiaram

156 4392 178 4428 5
236 4396 277 4431 et
314 4389 624 4433 venerabilium
662 4390 892 4435 domorum
920 4394 1107 4448 saturae
1143 4403 1256 4437 sunt.
1318 4394 1368 4436 Si
1399 4408 1489 4450 qua

159 4455 257 4503 vero
287 4445 466 4488 mobilia
507 4452 638 4488 erunt
669 4455 855 4503 praeter
895 4462 999 4492 vasa
1029 4462 1174 4498 sacra,
1216 4464 1330 4505 quae
1359 4450 1486 4505 sulli-

158 4504 275 4558 ocant
305 4501 363 4561 ad
392 4501 534 4544 dietas
562 4515 743 4552 causam
784 4509 928 4546 cessat
965 4503 1177 4548 alienatio
1207 4513 1248 4548 el
1280 4505 1490 4562 obpiqne-

162 4558 275 4593 ratio
304 4556 587 4599 immobilium
616 4559 968 4602 necessariorum
990 4574 1261 4617 partumque.

219 4602 279 4651 18
311 4607 432 4651 Idem
460 4613 510 4654 A.
573 4611 836 4656 Constitutio
867 4628 1058 4671 maqnac
1100 4617 1312 4661 ecclesiae
1378 4614 1490 4660 Con·

161 4661 582 4722 stantinopole‘eanae
610 4667 799 4713 reditum
827 4670 1115 4730 septuaqinta
1144 4672 1246 4718 auri
1275 4672 1490 4718 librarum

1497 186 1558 254 16

1563 3599 1748 3658 ‘cumque
1763 3605 1887 3646 aliam
1903 3619 2063 3645 causam
2083 3619 2120 3656 q.
2137 3618 2176 3658 p.
2193 3607 2209 3645 i
2224 3604 2440 3645 subnixam

2386 209 2462 252 Dis:
2498 208 2903 253 sAcRosANc‘ris

1567 350 1840 392 exactionem
1866 353 2110 403 competere
2135 350 2224 394 sive
2246 363 2325 413 per
2348 349 2395 392 in
2418 362 2509 392 rem
2526 349 2614 394 sive
2629 363 2709 407 per
2726 351 2902 395 condic-

1567 404 1729 447 tionem
1746 403 1836 446 sive
1845 414 1927 467 per
1939 402 1987 446 in
1997 403 2164 448 factum
2174 409 2404 454 actionem,
2419 404 2543 448 cuius
2558 410 2687 450 tenor
2698 406 2745 449 in
2755 406 2905 450 multis

1568 465 1612 502 et
1627 458 1759 501 variis
1775 458 1885 501 iuris
1902 459 2098 504 articulis
2113 468 2246 516 saepe
2262 465 2329 503 est
2343 460 2572 514 admissus,
2590 466 2773 518 excepta
2787 462 2904 506 vide-

1567 516 1669 558 licet
1685 526 1821 557 causa
1838 513 2102 568 captivitatis
2117 517 2164 559 in
2176 517 2298 569 locis,
2314 516 2360 558 in
2371 517 2531 571 quibus
2547 517 2632 560 hoc
2648 517 2784 572 (quod
2800 518 2905 560 abo-

1568 575 1592 614 2
1649 570 1883 622 minamur)
1923 571 2167 626 contigerit.
2224 572 2339 615 Nam
2367 572 2407 616 si
2434 572 2670 615 necessitas
2699 571 2835 615 fuerit
2862 574 2907 615 in

1567 626 1864 680 redemptione
1894 625 2182 683 captivorum,
2210 632 2318 671 tunc
2348 634 2393 671 et
2413 627 2705 671 venditionem
2731 627 2908 683 praefa—

1567 690 1712 725 tarum
1748 693 1894 724 rerum
1931 680 2173 725 divinarum
2211 689 2257 727 et
2293 683 2590 740 hypothecam
2629 688 2674 726 et
2732 686 2906 738 ignora-

1568 740 1729 782 tionem
1772 736 1871 780 fieri
1914 737 2217 790 concedimus,
2274 752 2373 782 cum
2425 752 2515 782 non
2558 739 2694 782 absur
2726 753 2800 782 um
2843 744 2910 782 est

1568 793 1737 837 animas
1780 791 2005 835 hominum
2049 794 2397 850 quibuscumque
2449 797 2622 838 causis⁷
2666 795 2735 838 vel
2776 795 2907 839 vesti·

1567 849 1723 893 mentis
1753 848 1993 903 praeferri:
2023 848 2109 892 hoc
2139 851 2364 894 obtinente
2393 864 2482 895 non
2511 851 2652 894 solum
2680 852 2725 894 in
2746 849 2908 894 futuris

1569 905 1765 957 neofotiis,
1796 903 1874 947 sed
1902 903 2034 947 etiam
2061 905 2107 947 in
2135 906 2308 949 iudiciis
2336 906 2645 962 pendentibus.
2713 906 2774 963 [a.
2806 905 2908 963 529]

1624 940 1690 1007 {2
1721 960 1847 1004 Idem
1873 962 1925 1003 A.
1942 959 2232 1004 Demostheni
2252 976 2335 1019 pp.
2395 962 2623 1006 Sancimus
2650 975 2721 1006 res
2751 961 2809 1005 ad
2836 973 2910 1006 ve-

1568 1017 1784 1062 nerabiles
1828 1016 2038 1059 ecclesias
2080 1017 2150 1059 vel
2191 1030 2385 1061 xenones
2428 1019 2498 1061 vel
2541 1018 2808 1061 monasteria
2842 1018 2911 1061 vel

1568 1071 1909 1130 ptochotrophia
1946 1072 2014 1114 vel
2052 1072 2400 1128 brephotrophia
2426 1074 2497 1117 vel
2534 1073 2913 1129 orphanotrophia

1568 1131 1637 1174 vel
1672 1128 2001 1184 gerontocomia
2036 1128 2104 1171 vel
2143 1129 2181 1171 si
2217 1129 2323 1183 quid
2361 1129 2480 1172 aliud
2517 1130 2608 1173 tale
2641 1130 2909 1173 consortium

1570 1184 1881 1229 descendentes
1914 1196 1967 1226 ex
1997 1184 2303 1239 qualicumque
2333 1185 2487 1228 curiali
2525 1186 2791 1229 liberalitate
2821 1185 2911 1229 sive

1568 1243 1683 1285 inter
1719 1240 1839 1283 vivos
1877 1239 1969 1282 sive
2004 1239 2157 1282 mortis
2199 1253 2334 1284 causa
2364 1241 2454 1284 sive
2489 1241 2536 1284 in
2563 1242 2728 1285 ultimis
2756 1242 2910 1285 volun-

1569 1298 1736 1340 tatibus
1786 1296 1940 1338 habita
1988 1295 2303 1338 lucrativorum
2345 1296 2707 1351 inscriptionibus
2749 1297 2911 1340 liberas

1570 1355 1869 1407 immunesque
1907 1364 2026 1394 esse:
2065 1351 2159 1406 lege
2199 1351 2387 1404 scilicet,
2429 1365 2541 1406 quae
2579 1366 2715 1408 super
2756 1353 2910 1396 huius·

1571 1409 1687 1452 modi
1714 1407 2076 1463 inscriptionibus
2104 1407 2252 1461 posita
2281 1414 2362 1458 est,
2401 1407 2447 1450 in
2485 1408 2582 1451 aliis
2611 1409 2784 1463 quidem
2812 1421 2912 1464 per-

1571 1466 1689 1509 sonis
1726 1477 1855 1507 suum
1895 1464 2032 1506 robur
2070 1463 2318 1514 obtinente,
2359 1463 2405 1505 in
2442 1469 2571 1518 parte
2600 1469 2744 1508 autem
2773 1465 2913 1508 eccle·

1571 1521 1748 1564 siastica
1789 1520 1858 1563 vel
1902 1520 2088 1562 aliarum
2133 1519 2357 1572 domuum,
2403 1532 2515 1574 quae
2553 1519 2636 1574 piis
2681 1519 2913 1564 consortiis

1571 1577 1807 1632 deputatae
1846 1580 1972 1627 sunt,
2012 1588 2138 1619 suum
2177 1575 2366 1629 vigorem
2401 1575 2578 1630 pietatis
2606 1575 2770 1618 intuitu
2799 1577 2913 1618 miti—

1570 1639 1714 1688 gante.
1783 1645 1862 1675 cur
1900 1633 2014 1675 enim
2050 1644 2139 1674 non
2177 1631 2393 1674 faciamus
2433 1631 2668 1675 discrimen
2701 1633 2816 1674 inter
2843 1644 2930 1675 res.

1572 1689 1738 1731 divinas
1776 1693 1820 1731 et
1858 1687 2097 1740 humanas,
2129 1691 2172 1729 et
2211 1699 2347 1741 quare
2385 1700 2474 1730 non
2505 1691 2756 1742 competens
2786 1699 2913 1742 prae-

1578 1750 1593 1787 1
1653 1744 1852 1799 rogativa
1882 1743 2061 1786 caelesti
2090 1741 2230 1786 favori
2260 1747 2574 1786 conservetur?
2632 1743 2754 1796 Quae
2784 1756 2914 1799 opor-

1571 1805 1635 1843 tet
1686 1813 1776 1843 non
1828 1799 1970 1842 solum
2011 1799 2059 1841 in
2104 1799 2302 1851 casibus,
2348 1812 2457 1853 quos
2502 1798 2702 1842 futurum
2743 1805 2916 1864 tempus

1573 1856 1809 1907 creaverit,
1836 1855 1914 1898 sed
1940 1854 2071 1898 etiam
2091 1855 2137 1897 in
2159 1854 2303 1897 adhuc
2328 1854 2620 1908 pendentibus
2646 1860 2690 1898 et
2718 1855 2915 1898 iudiciali

1572 1912 1757 1955 termino
1788 1912 1857 1954 vel
1886 1911 2059 1953 amicali
2089 1910 2405 1965 compositione
2434 1911 2622 1954 necdum
2650 1911 2807 1965 sopitis
2837 1911 2915 1954 ob-

1572 1969 1727 2011 tinere.
1784 1967 1993 2010 Recitata
2030 1966 2219 2024 septimo
2258 1966 2455 2009 miliario
2485 1967 2620 2010 lartius
2647 1967 2829 2010 inclitae
2857 1967 2916 2009 oi-

1572 2023 1725 2067 vitatis
1739 2023 1788 2066 in
1803 2036 1918 2067 novo
1936 2022 2205 2066 consistorio
2213 2022 2385 2080 palatii
2402 2020 2647 2065 Iustiniani
2659 2024 2687 2066 ⁸.
2733 2022 2794 2079 [a.
2813 2021 2916 2078 529]

1630 2076 1694 2125 23
1727 2078 1852 2122 Idem
1882 2080 1934 2122 A.
1967 2077 2149 2121 Iuliano
2171 2092 2255 2135 pp.
2315 2077 2376 2121 Ut
2402 2077 2519 2121 inter
2548 2077 2741 2122 divinum
2769 2077 2917 2133 publi-

1574 2147 1760 2190 cumque
1787 2134 1858 2178 ius
1888 2140 1932 2178 et
1958 2133 2132 2189 privata
2161 2133 2390 2176 commoda
2420 2140 2671 2190 competens
2711 2133 2916 2179 discretio

1573 2191 1641 2244 sit,
1673 2190 1906 2244 sancimus,
1946 2190 1984 2233 si
2023 2190 2120 2245 quis
2158 2190 2349 2244 aliquam
2378 2190 2604 2245 reliquerit
2631 2189 2918 2234 hereditatem

1572 2247 1639 2290 vel
1668 2247 1861 2301 legatum
1889 2245 1959 2289 vel
1993 2244 2377 2288 fideicommissum
2406 2246 2472 2288 vel
2513 2245 2760 2289 donationis
2789 2246 2918 2289 titulo

1573 2302 1738 2357 aliquid
1766 2301 1935 2345 dederit
1963 2302 2030 2344 vel
2059 2301 2303 2344 vendiderit
2331 2302 2421 2344 sive
2451 2301 2747 2345 sacrosanctis
2777 2301 2918 2345 eccle-

1573 2359 1649 2402 siis
1679 2359 1769 2402 sive
1797 2357 2119 2401 venerabilibus
2149 2357 2394 2401 xenonibus
2411 2358 2479 2401 vel
2507 2358 2698 2413 ptochiis
2728 2357 2796 2400 vel
2825 2370 2918 2400 mo-

1572 2414 1777 2457 nasteriis
1815 2414 2120 2456 masculorum.
2153 2413 2222 2456 vel
2258 2413 2474 2467 virginum
2513 2413 2581 2456 vel
2626 2413 2919 2469 orphanotro-

1572 2470 1688 2524 phiis
1723 2469 1792 2512 vel
1830 2467 2192 2523 brephotrophiis
2228 2468 2297 2511 vel
2334 2469 2674 2523 gerontocomiis
2710 2481 2793 2512 nec
2829 2481 2918 2512 non

1571 2525 1658 2568 iuri
1697 2525 1943 2576 civitatum,
1980 2523 2234 2567 relictorum
2272 2524 2341 2567 vel
2371 2524 2635 2567 donatorum
2673 2525 2741 2568 vel
2769 2524 2920 2568 vendi·

1571 2586 1720 2624 torum
1757 2580 1820 2623 eis
1861 2580 1918 2623 sit
1946 2580 2158 2634 longaeva
2187 2579 2358 2622 exactio
2399 2581 2521 2623 nulla
2551 2580 2760 2645 temporis
2789 2579 2922 2624 solita

1577 2641 1595 2679 1
1656 2635 2005 2692 praescriptione
2043 2635 2301 2679 coartanda.
2371 2635 2457 2678 Sed
2493 2640 2539 2680 et
2577 2637 2616 2680 si
2644 2649 2690 2679 111
2719 2635 2918 2692 redemp-

1572 2693 1692 2735 tione
1734 2693 2008 2747 captivorum
2044 2691 2257 2746 quaedam
2294 2691 2507 2746 pecuniae
2537 2693 2605 2736 vel
2642 2705 2712 2735 res
2741 2692 2920 2735 relictae

1572 2749 1640 2792 vel
1669 2749 1861 2801 legitimo
1892 2747 2021 2790 modo
2039 2747 2230 2790 donatae
2254 2752 2370 2798 sunt,
2401 2753 2447 2790 et
2476 2760 2627 2790 earum
2645 2747 2919 2791 exactionem

1573 2810 1597 2846 2
1656 2803 1954 2858 longissimam
2008 2815 2104 2845 esse
2149 2815 2390 2845 censemus.
2473 2803 2535 2844 Et
2578 2803 2702 2846 nobis
2747 2802 2918 2858 quidem

1574 2859 1696 2902 cordi
1727 2864 1822 2901 erat
1851 2858 1982 2901 nullis
1999 2861 2246 2912 temporum
2271 2858 2397 2901 metis
2421 2858 2673 2902 huiusmodi
2701 2859 2916 2902 actionem

1574 2913 1872 2956 circumcludi.
1932 2913 2010 2956 sed
2038 2926 2093 2955 ne
2122 2912 2345 2955 videamur
2372 2914 2418 2955 in
2447 2913 2668 2957 infinitum
2696 2914 2812 2958 hanc
2843 2927 2917 2958 ex-

1571 2969 1777 3021 tendere,
1817 2969 2116 3023 longissimum
2155 2969 2270 3011 vitae
2312 2969 2538 3012 hominum
2576 2975 2750 3025 tempus
2796 2970 2918 3026 eligi-

1572 3038 1668 3068 mus
1707 3028 1752 3068 et
1787 3038 1876 3067 non
1915 3024 2044 3067 aliter
2083 3037 2179 3067 eam
2217 3025 2434 3068 actionem
2470 3025 2588 3068 finiri
2625 3026 2917 3071 concedimus.

1572 3081 1658 3123 nisi
1702 3086 1878 3124 centum
1928 3093 2140 3123 annorum
2195 3081 2416 3123 curricula
2466 3083 2758 3126 excesserint:
2811 3087 2918 3126 tunc

1573 3137 1689 3180 enim
1730 3137 2032 3179 tantummodo
2077 3136 2378 3180 huiuscemodi
2421 3138 2696 3180 exactionem
2738 3150 2917 3182 evanes-

1573 3196 1598 3235 3
1657 3205 1757 3236 cere
1785 3191 1981 3237 sinimus.
2027 3192 2124 3234 Sive
2153 3192 2300 3247 itaque
2316 3193 2566 3236 memoratis
2582 3194 2917 3248 religiosissimis

1572 3248 1682 3291 locis
1706 3248 1774 3291 vel
1803 3248 2055 3291 civitatibus
2084 3247 2303 3291 hereditas
2334 3248 2424 3292 sive
2453 3249 2647 3303 legatum
2676 3249 2766 3293 sive
2793 3249 2915 3292 fidei-

1575 3303 1852 3347 commissum
1880 3304 2014 3347 fuerit
2040 3304 2262 3356 relictum,
2302 3304 2370 3347 vel
2410 3303 2590 3348 donatio
2629 3305 2698 3348 vel
2726 3304 2917 3349 venditio

1573 3360 1841 3415 processerit
1867 3360 1913 3402 in
1944 3359 2291 3415 quibuscumque
2320 3360 2453 3404 rebus
2483 3360 2717 3404 mobilibus
2742 3361 2809 3404 vel
2837 3361 2915 3404 im·

1573 3415 1806 3458 mobilibus
1845 3415 1913 3458 vel
1953 3429 2000 3459 se
2044 3416 2334 3467 moventibus,
2374 3417 2464 3459 sive
2509 3429 2588 3472 pro
2619 3416 2916 3472 redemptione

1576 3472 1848 3527 captivorum
1877 3471 2092 3527 quaedam
2121 3471 2286 3515 fuerint
2315 3471 2526 3516 derelicta
2554 3473 2623 3515 vel
2651 3471 2829 3525 donata,
2860 3473 2916 3516 sit

2468 3634 2479 3644 .
2497 3634 2508 3645 .
2524 3634 2534 3645 .
2557 3604 2857 3646 introducendo
2881 3605 2914 3647 C

1575 3665 1628 3715 (5)
1669 3664 1790 3703 index
1828 3678 1860 3703 c.
1889 3671 1934 3704 20
1959 3683 2015 3698 =
2042 3663 2086 3702 B
2111 3672 2144 3711 5,
2168 3671 2196 3713 1,
2223 3672 2264 3704 9:
2307 3661 2521 3702 breviorem
2559 3662 2726 3702 indicem
2757 3662 2911 3703 exhibet

1579 3719 1738 3760 Const.:
1777 3713 1879 3758 οὔτε
1908 3714 2021 3758 κατὰ
2051 3717 2182 3758 θεῖον
2210 3712 2357 3758 τύπον
2385 3713 2489 3759 οὔτε
2517 3714 2631 3757 κατὰ
2659 3711 2908 3770 πρόσταξιν

1573 3774 1670 3815 τῶν
1699 3769 1932 3831 ἀρχόντων
1961 3773 2106 3822 ἔξεστι
2133 3770 2344 3830 μετάγειν
2373 3771 2695 3830 στρατιωτικὰς
2719 3771 2908 3825 σιτήσεις

1570 3830 1630 3872 εἰς
1645 3826 1813 3887 εὐαγεῖς
1827 3829 1967 3871 οἴκους
1981 3826 2007 3882 ἢ
2023 3827 2248 3885 κληρικούς
2265 3833 2278 3877 (
2284 3831 2327 3870 id
2341 3838 2423 3872 est.-
2439 3842 2572 3880 noque
2587 3842 2634 3869 ex
2650 3841 2764 3868 sacra
2778 3829 2906 3870 forma

1570 3900 1702 3938 neque
1719 3899 1767 3926 ex
1790 3887 1969 3927 iussione
1983 3887 2282 3940 praefectorum
2298 3885 2499 3927 militares
2515 3897 2697 3925 annonas
2718 3884 2769 3924 ad
2785 3897 2904 3925 vene—

1572 3942 1722 3982 rabiles
1738 3941 1880 3982 domus
1897 3943 1962 3983 vel
1977 3942 2147 3982 clericos
2163 3942 2383 3982 transferre
2399 3941 2512 3991 licet)
2587 3943 2657 3993 (5⁸)
2679 3937 2904 3994 σωμάτων

1570 3999 1802 4039 Zachariae
1868 4002 1924 4051 (6)
1950 4001 2008 4040 sic
2029 4001 2064 4040 C
2082 4014 2166 4039 cum
2189 3999 2371 4047 Graecis,
2397 3997 2514 4038 nulla
2530 3998 2587 4038 eis
2602 3997 2762 4036 actione
2777 3996 2903 4036 relin-

1569 4053 1730 4105 quenda
1761 4055 1800 4094 R
1886 4056 1941 4106 (⁵1)
1972 4056 2104 4095 causis
2130 4056 2366 4105 confirmant
2393 4054 2555 4104 Graeci,
2579 4054 2654 4094 sed
2674 4053 2779 4093 vasis
2801 4054 2901 4093 scri-

1573 4111 1738 4151 bendum
1757 4125 1839 4150 cum
1858 4112 1946 4151 edd.
1991 4113 2046 4158 (8)
2062 4111 2112 4151 D.
2130 4124 2182 4151 111
2196 4109 2251 4157 (ἲ)
2267 4111 2308 4151 k.
2317 4111 2357 4150 N
2359 4122 2422 4151 ov.
2435 4110 2563 4150 Decio
2574 4121 2634 4149 vc.
2647 4121 2755 4149 cons.
2767 4109 2899 4161 suppl.

1853 4219 1920 4224 ——-<
2849 4221 2901 4228 'a

1574 4279 1798 4337 adsiqnat‚
1822 4286 1872 4324 ut
1891 4281 2061 4336 funera
2080 4277 2370 4322 Constantino
2408 4276 2470 4320 oli
2491 4275 2638 4334 qratis
2648 4275 2766 4331 fiant
2778 4274 2909 4338 etiam

1576 4350 1714 4392 usque
1744 4336 1805 4378 aci
1836 4349 1975 4380 novos
2003 4348 2156 4379 muros
2184 4340 2227 4378 et
2256 4333 2372 4377 Blae
2404 4346 2560 4375 ernas:
2610 4330 2755 4388 Sycae
2796 4343 2910 4373 emm

1583 4397 1593 4434 1
1655 4406 1767 4448 pars
1799 4392 1920 4434 urbis
1946 4397 2061 4434 sunt.
2113 4389 2336 4434 Adversus
2357 4387 2599 4432 violatores
2620 4391 2780 4430 statutt
2801 4398 2910 4443 poe-

1575 4462 1675 4489 nam
1709 4447 2128 4504 quinquaqenarum
2158 4445 2372 4489 librarum
2403 4443 2517 4486 auri.

1633 4500 1696 4548 20
1735 4502 1852 4546 laelem
1886 4507 1935 4546 A.
2004 4502 2158 4558 Neque
2201 4513 2262 4544 ex
2302 4511 2437 4543 sacra
2477 4499 2634 4562 forma
2655 4494 2745 4561 ‘vel
2773 4507 2910 4552 prae-

1572 4559 1686 4615 fecti
1734 4558 1799 4602 vel
1843 4557 2071 4602 cuiuslibet
2114 4555 2277 4600 iudicis
2317 4555 2443 4597 iussu
2479 4553 2687 4597 militans
2728 4562 2910 4613 annona

1576 4613 1637 4658 ad
1680 4613 1951 4659 venerabiles
1993 4614 2150 4658 domus
2193 4610 2261 4657 vel
2302 4609 2492 4653 clericos
2529 4607 2597 4654 vel
2637 4613 2909 4670 monasteria

1578 4670 1899 4729 transferatur,
1930 4683 2027 4716 cum
2057 4680 2254 4729 corpora
2281 4666 2371 4710 iam
2400 4663 2597 4709 numeris
2623 4662 2844 4720 defimam-
