3224 4764
1607 179 1680 232 VI

1265 780 1529 854 INDEX
1571 773 2057 851 TITULORUM

634 1016 1460 1112 INSTITUTIONUM
1534 1007 2192 1110 DIGESTORUM
2264 1005 2670 1099 CODICIS.

908 1549 970 1602 A.

281 1657 331 1700 (16
359 1659 524 1710 abigeis
578 1659 630 1698 D.
661 1661 727 1708 47,
761 1661 810 1700 14
871 1659 912 1699 G.
944 1663 983 1709 9,
1014 1661 1081 1700 37.

281 1714 331 1755 de
357 1714 540 1766 generali
569 1716 802 1756 abolitione
861 1714 903 1757 0.
933 1716 973 1768 9,
1003 1716 1055 1756 43

282 1771 331 1811 (16
358 1769 664 1811 abolitionibus
696 1770 737 1812 0.
768 1772 807 1821 9,
837 1772 889 1811 42

282 1825 334 1866 ad
361 1828 525 1866 senatus
552 1825 783 1866 consultum
811 1824 1117 1878 Turpillianum
1153 1826 1194 1866 61
1222 1824 1272 1866 de
1302 1823 1611 1865 abolitionibus

363 1881 582 1922 criminum
636 1882 691 1922 D.
721 1884 788 1933 48,
821 1885 869 1923 16

282 1937 332 1979 (16
359 1937 688 1991 acceptilatione
741 1913 795 1978 D'.
826 1940 894 1990 46,
923 1939 948 1979 4

282 1992 332 2033 (16
360 1993 759 2046 acceptilationibus
790 1993 832 2035 0.
863 1995 901 2046 8,
931 1995 984 2035 43

282 2048 331 2089 (16
358 2051 706 2090 accusationibus
734 2052 775 2090 et
800 2048 1140 2102 inscriptionibus
1195 2048 1248 2088 D.
1281 2050 1349 2099 48,
1370 2048 1395 2089 2
1447 2044 1489 2086 C.
1521 2047 1561 2098 9,
1590 2047 1614 2087 2

282 2117 373 2157 aeq.
402 2117 442 2146 υ.
471 2105 568 2158 adq.

281 2160 330 2200 de
358 2162 529 2200 actione
556 2159 797 2201 exercitoria
852 2160 908 2202 D.
941 2162 1006 2211 14,
1038 2162 1057 2201 1

281 2215 330 2256 de
359 2218 530 2256 actione
556 2229 694 2256 rerum
723 2217 949 2256 amotarum
1005 2215 1060 2256 D.
1091 2217 1158 2267 25,
1188 2215 1214 2257 2

281 2271 332 2311 (16
361 2273 533 2311 actione
558 2271 830 2324 pigneraticia
888 2271 930 2313 0.
960 2274 999 2323 4,
1030 2273 1083 2313 24

280 2326 330 2366 (16
357 2329 526 2367 actione
552 2327 774 2368 tributoria
832 2327 888 2367 D.
922 2330 986 2378 14,
1016 2330 1042 2368 4

281 2382 330 2423 (16
357 2381 582 2423 hereditate
611 2382 676 2423 vel
705 2385 875 2423 actione
903 2382 1070 2423 vendita
1124 2382 1180 2423 D.
1217 2384 1277 2434 18,
1308 2385 1334 2424 4
1393 2382 1435 2423 0.
1467 2386 1506 2433 4,
1537 2384 1590 2424 39

282 2437 331 2478 (16
360 2439 603 2478 actionibus
659 2439 699 2479 J.
729 2441 769 2489 4,
799 2440 824 2480 6

282 2492 332 2533 (16
359 2495 603 2534 actionibus
631 2495 755 2547 empti
785 2497 827 2534 61
853 2494 1011 2535 venditi
1068 2494 1121 2536 D.
1158 2497 1221 2546 19,
1255 2497 1270 2535 1
1338 2494 1378 2535 0.
1412 2498 1450 2546 4,
1482 2496 1534 2536 49

280 2548 330 2589 (16
358 2550 600 2589 actionibus
629 2549 888 2590 hereditariis
947 2549 990 2591 0.
1020 2553 1060 2602 4,
1099 2553 1144 2592 16

282 2603 332 2644 de
360 2607 506 2645 actore
533 2617 558 2644 a
586 2607 723 2646 tutore
750 2619 822 2646 seu
851 2608 1039 2646 curatore
1069 2605 1203 2646 dando
1263 2605 1304 2646 C.
1336 2608 1375 2656 5,
1407 2608 1456 2646 61

280 2659 330 2700 de
356 2659 506 2700 itinere
536 2664 721 2713 actuque
748 2661 909 2713 privato
964 2662 1019 2702 D.
1048 2663 1117 2712 43,
1154 2663 1199 2703 19

281 2715 340 2755 ad
367 2714 640 2755 exhibendum
695 2716 750 2755 D.
783 2719 847 2767 10,
877 2719 904 2758 4
964 2715 1006 2756 0.
1037 2718 1076 2767 3,
1107 2717 1159 2756 42

282 2770 341 2810 ad
367 2768 499 2821 1636111
527 2770 738 2821 Aquiliam
794 2771 847 2810 D.
877 2773 917 2819 9,
948 2772 973 2811 2

282 2825 340 2865 ad
364 2823 496 2877 legem
525 2824 759 2866 Corneliam
787 2825 837 2866 de
865 2825 979 2865 falsis
1037 2823 1078 2865 0.
1109 2827 1148 2876 9,
1179 2826 1231 2866 22

282 2880 342 2921 ad
367 2879 499 2932 legem
527 2879 761 2921 Corneliam
789 2881 840 2921 de
867 2880 1026 2921 sicariis
1083 2879 1126 2922 0.
1157 2882 1196 2932 9,
1231 2882 1279 2921 16

283 2935 343 2976 ad
367 2934 498 2987 legem
531 2935 765 2977 Corneliam
793 2936 843 2976 de
870 2936 1029 2977 sicariis
1056 2938 1099 2976 et
1125 2936 1313 2977 veneficis

283 2991 342 3032 ad
365 2989 497 3042 legem
524 2991 695 3032 Fabiam
756 2990 800 3035 0.
830 2994 869 3042 9,
899 2994 953 3034 20

282 3047 342 3088 ad
366 3046 496 3099 1636111
524 3046 755 3088 Falcidiam
810 3048 863 3087 D.
894 3050 961 3100 35,
991 3049 1015 3089 2
1076 3046 1119 3089 0.
1150 3049 1189 3099 6,
1221 3050 1273 3090 50

285 3102 345 3143 ad
371 3101 502 3154 1636111
530 3102 682 3143 Ι11116111
711 3103 761 3144 (16
789 3102 1005 3144 adulteriis
1032 3102 1267 3144 coercendis
1324 3103 1375 3142 D.
1408 3105 1475 3152 48,
1505 3106 1528 3144 5

281 3158 342 3198 ad
366 3156 496 3210 1636111
525 3157 678 3199 Iuliam
708 3158 759 3199 de
786 3159 1001 3200 adulteriis
1030 3162 1071 3200 et
1098 3159 1149 3200 de
1176 3162 1318 3211 stupro
1378 3159 1420 3200 0.
1450 3161 1490 3210 9,
1519 3160 1544 3199 9

281 3213 342 3254 ad
366 3213 496 3265 1636111
526 3213 678 3254 Iuliam
707 3214 758 3255 de
785 3215 942 3255 ambitu
1001 3214 1044 3257 0.
1074 3216 1115 3266 9,
1145 3217 1198 3256 26

281 3269 341 3309 ad
364 3268 496 3321 legem
524 3269 676 3310 Iuliam
706 3269 755 3310 (16
782 3270 825 3310 vi
853 3271 1013 3322 privata
1068 3269 1122 3310 D.
1157 3272 1226 3321 48,
1257 3271 1280 3310 7

280 3325 342 3365 ad
365 3323 496 3376 1636111
524 3324 675 3365 Iuliam
704 3325 753 3366 de
781 3326 823 3365 vi
849 3326 1015 3379 publica
1070 3326 1125 3366 D.
1156 3328 1224 3377 48,
1254 3327 1279 3368 6
1355 3349 1358 3352 ·

281 3381 340 3421 ad
363 3380 495 3432 1636111
521 3380 674 3420 Iuliam
702 3380 753 3421 de
781 3381 823 3421 vi
849 3381 1017 3434 publica
1045 3395 1115 3422 seu
1144 3382 1306 3434 privata
1365 3379 1406 3421 0.
1438 3384 1477 3431 9,
1512 3382 1560 3423 12

279 3436 338 3476 ad
362 3435 494 3488 legem
523 3436 674 3477 Iuliam
705 3437 927 3478 maiestatis
982 3438 1035 3478 D.
1068 3441 1135 3487 48,
1165 3440 1190 3479 4
1250 3437 1291 3478 0.
1322 3438 1361 3487 9,
1393 3439 1416 3479 8

279 3492 339 3532 ad
361 3490 493 3544 legem
520 3492 672 3532 Iuliam
699 3492 913 3545 peculatus
955 3496 998 3535 et
1033 3494 1083 3536 de
1110 3492 1319 3545 sacrilegis
1356 3496 1397 3533 et
1436 3493 1485 3535 de
1513 3494 1612 3534 resi-

359 3547 452 3587 duis
506 3547 559 3587 D.
590 3550 658 3600 48,
695 3551 741 3591 13

279 3602 338 3642 ad
364 3602 496 3654 legem
524 3602 676 3643 Iuliam
703 3604 1020 3657 repetundarum
1079 3605 1120 3647 0.
1151 3607 1190 3656 9,
1221 3606 1271 3647 27

279 3658 338 3698 ad
364 3657 494 3710 1636111
522 3658 735 3700 Viselliam
793 3660 835 3702 0.
866 3662 904 3711 9,
934 3662 983 3701 21

278 3713 337 3753 ad
363 3713 651 3767 municipalem
679 3718 721 3756 et
749 3714 799 3756 de
826 3715 974 3757 incolis
1029 3716 1083 3756 D.
1114 3717 1180 3768 50,
1218 3718 1232 3757 1

278 3769 336 3809 ad
361 3771 524 3810 senatus
550 3769 780 3811 consultum
815 3771 1156 3813 Macedonianum
1214 3770 1258 3813 0.
1287 3773 1327 3823 4,
1356 3772 1408 3814 28

279 3824 339 3864 ad
362 3827 526 3866 senatus
553 3826 785 3866 consultum
816 3827 1062 3868 Orfitianum
1120 3827 1163 3870 0.
1194 3831 1233 3880 6,
1262 3830 1314 3870 57

277 3880 335 3920 ad
359 3883 523 3921 senatus
549 3881 783 3922 consultum
816 3882 1119 3924 Tertullianum
1178 3883 1220 3926 0.
1253 3886 1291 3934 6,
1321 3885 1374 3926 56

276 3935 335 3975 ad
353 3939 519 3977 senatus
533 3937 765 3978 consultum
776 3938 1078 3979 Tertullianum
1095 3941 1135 3980 et
1145 3939 1391 3981 Orfitianum
1410 3941 1464 3981 D.
1477 3941 1544 3991 38,
1561 3942 1606 3983 17

276 3991 335 4031 ad
360 3994 523 4033 senatus
550 3993 782 4033 consultum
810 3994 1116 4035 Trebellianum
1171 3995 1226 4036 D.
1258 3998 1323 4047 36,
1358 3997 1376 4037 1
1438 3996 1479 4037 0.
1497 3999 1535 4047 6,
1554 4000 1607 4038 49

1371 2936 1422 2975 D.
1454 2938 1520 2986 48,
1550 2937 1575 2977 8

277 4047 336 4087 ad
363 4050 527 4088 senatus
553 4048 787 4090 consultum
816 4050 1123 4103 Turpillianum
1183 4050 1225 4092 0.
1262 4053 1302 4102 9,
1333 4054 1384 4092 45

275 4102 333 4142 ad
359 4105 523 4143 senatus
551 4105 782 4145 consultum
809 4105 1115 4159 Turpillianum
1151 4109 1192 4147 et
1230 4106 1280 4147 de
1313 4106 1607 4148 abolitionibus

356 4158 576 4199 criminum
631 4160 685 4201 D.
715 4163 783 4212 48,
817 4163 866 4203 16

274 4214 331 4253 ad
358 4217 523 4255 senatus
562 4215 795 4256 consultum
828 4216 1087 4258 Velleianum
1144 4217 1198 4258 D.
1232 4220 1348 4265 16.1
1412 4218 1452 4259 0.
1484 4222 1524 4271 4,
1555 4221 1606 4261 29

274 4268 322 4308 (16
352 4270 396 4309 111
426 4270 534 4311 (116111
562 4271 812 4312 addictione
867 4273 920 4314 D.
956 4276 1020 4325 18,
1048 4276 1073 4315 2

274 4323 322 4363 (16
354 4325 627 4379 ademptione
654 4327 885 4379 legatorum
942 4329 981 4369 J.
1009 4305 1050 4379 '2,
1081 4331 1130 4371 21

273 4378 322 4418 (16
352 4381 621 4433 ademptione
647 4382 851 4424 libertatis
906 4384 958 4423 D.
991 4387 1056 4435 40,
1088 4388 1112 4426 6

273 4433 323 4474 de
352 4433 536 4486 legitima
564 4439 857 4492 adgnatorum
884 4441 1135 4481 successione
1192 4442 1230 4482 J.
1260 4443 1298 4492 3,
1329 4443 1353 4482 2

274 4489 323 4528 (16
351 4488 535 4541 1631111116
565 4495 857 4547 adgnatorum
885 4494 1016 4535 tutela
1071 4496 1110 4537 J.
1144 4499 1179 4547 1,
1213 4499 1261 4539 15

274 4543 322 4583 de
329 4546 589 4651 Dadigzcn‘ldis
618 4550 681 4591 vel
710 4551 1002 4591 transferendis
1029 4550 1176 4603 1636116
1205 4551 1268 4591 vel
1288 4551 1604 4593 fideicommissis

1695 1545 1744 1585 de
1773 1541 2079 1584 adluvionibus
2116 1540 2157 1581 et
2194 1538 2417 1592 paludibus
2454 1538 2495 1579 et
2533 1537 2581 1580 de
2616 1536 2779 1590 pascuis
2819 1535 2871 1578 ad
2910 1533 3035 1576 alium

1777 1600 1930 1639 statum
1955 1597 2166 1638 translatis
2225 1596 2266 1638 G.
2299 1599 2338 1647 7,
2367 1598 2417 1639 41

1696 1656 1744 1698 (16
1774 1655 2153 1696 administratione
2191 1654 2233 1692 61
2266 1650 2452 1705 periculo
2489 1652 2675 1691 tutorum
2716 1652 2758 1690 et
2800 1621 3039 1689 curatorum

1780 1711 1854 1763 qui
1891 1709 2091 1762 gesserint
2133 1707 2199 1749 vel
2242 1721 2326 1748 non
2366 1710 2407 1748 61
2445 1706 2495 1747 (16
2532 1704 2751 1757 agentibus
2789 1702 2855 1745 vel
2894 1715 3040 1744 conve-

1779 1765 1942 1807 niendis
1970 1778 2056 1806 11116
2083 1763 2150 1806 vel
2177 1762 2370 1817 pluribus
2428 1762 2482 1802 D.
2515 1763 2582 1813 26,
2613 1763 2635 1802 7

1698 1823 1748 1864 (16
1777 1822 2159 1863 administratione
2187 1833 2325 1860 rerum
2353 1817 2406 1858 ad
2435 1817 2623 1858 civitates
2640 1815 2939 1870 pertinentium
2986 1813 3040 1856 D.

1699 1933 1749 1974 de
1777 1933 2159 1975 administratione
2188 1943 2326 1971 rerum
2355 1929 2618 1983 publicarum
2677 1926 2719 1969 0.
2754 1930 2819 1980 11,
2848 1929 2893 1970 31

1699 1989 1749 2030 (16
1779 1989 2159 2030 administratione
2187 1988 2372 2027 tutorum
2399 1988 2440 2026 61
2458 1987 2696 2026 curatorum
2725 1986 2766 2025 61
2792 1984 2841 2025 de
2866 1975 3040 2036 pecunia

1782 2043 1982 2098 pupillari
2009 2042 2233 2084 feneranda
2261 2041 2327 2083 vel
2356 2041 2597 2095 deponenda
2656 2039 2698 2082 0.
2729 2043 2769 2092 5,
2798 2042 2849 2082 37

1701 2102 1752 2144 (16
1780 2100 2088 2154 adoptionibus
2143 2099 2182 2140 J.
2215 2100 2252 2147 1,
2286 2099 2334 2141 11
2397 2096 2439 2139 0.
2473 2099 2513 2149 8,
2543 2099 2595 2139 47

1701 2158 1751 2199 (16
1780 2156 2087 2210 adoptionibus
2115 2156 2156 2195 et
2178 2128 2575 2206 emancipationibus
2595 2154 2637 2194 61
2661 2151 2755 2192 aliis
2790 2150 2922 2192 modis
2948 2151 3040 2204 qui-

1782 2212 1860 2253 bus
1886 2213 2065 2265 potestas
2092 2210 2268 2251 solvitur
2322 2210 2377 2250 D.
2411 2213 2448 2260 1,
2479 2211 2501 2251 7

1701 2269 1750 2311 (16
1779 2267 2057 2321 adquirenda
2085 2269 2127 2307 et
2154 2265 2370 2307 retinenda
2397 2265 2648 2318 possessione
2707 2263 2749 2306 0.
2780 2265 2819 2316 ’7,
2849 2264 2902 2307 32

1701 2326 1751 2367 (16
1778 2325 1870 2365 iure
1899 2321 2154 2364 deliberandi
2193 2324 2234 2363 et
2261 2321 2312 2362 de
2339 2320 2529 2362 adeunda
2566 2319 2632 2361 vel
2661 2319 2936 2373 adquirenda
2969 2320 3040 2360 he-

1785 2379 1959 2421 reditate
2018 2377 2060 2420 0.
2091 2381 2130 2429 6,
2161 2380 2214 2420 30

1701 2437 1751 2479 (16
1781 2434 2055 2489 adquirenda
2083 2433 2148 2475 vel
2177 2432 2403 2475 amittenda
2429 2433 2681 2487 possessione
2737 2432 2790 2474 D.
2819 2435 2889 2483 41,
2918 2433 2943 2473 2

1702 2493 1752 2534 (16
1781 2490 2054 2544 adquirenda
2085 2489 2150 2530 vel
2178 2488 2406 2530 omittenda
2433 2489 2663 2530 hereditate
2718 2489 2773 2529 D.
2802 2490 2870 2541 29,
2899 2488 2924 2530 2

1702 2549 1752 2590 (16
1781 2546 2054 2601 adquirendo
2085 2559 2222 2587 rerum
2252 2544 2437 2586 dominio
2491 2545 2547 2585 D.
2576 2547 2645 2597 41,
2678 2546 2693 2584 1

1702 2605 1751 2645 (16
1781 2604 2077 2656 adquisitione
2104 2615 2177 2655 per
2205 2601 2515 2653 adrogationem
2572 2601 2612 2643 J.
2644 2603 2683 2652 3,
2717 2601 2766 2643 10

1703 2661 1752 2700 (16
1782 2660 2032 2707 adsertione
2058 2657 2243 2699 tollenda
2301 2657 2344 2699 0.
2375 2659 2414 2707 7,
2447 2659 2494 2698 17

1704 2716 1753 2756 (16
1782 2714 2078 2756 adsessoribus
2116 2715 2158 2754 et
2195 2712 2428 2753 domesticis
2472 2714 2513 2753 et
2551 2710 2811 2752 cancellariis
2855 2710 3037 2752 iudicum

1703 2825 1752 2865 de
1781 2800 1918 2865 offici’o
1946 2822 2218 2863 adsessorum
2272 2822 2327 2862 D.
2361 2825 2397 2874 1,
2426 2824 2479 2864 22

1704 2880 1753 2920 (16
1782 2878 2069 2931 adsignandis
2096 2878 2258 2919 libertis
2317 2876 2358 2918 0.
2391 2880 2458 2926 38,
2488 2881 2515 2920 4

1703 2935 1752 2975 (16
1781 2935 2089 2987 adsignatione
2115 2932 2361 2975 libertorum
2416 2935 2456 2976 J.
2487 2937 2525 2987 3,
2556 2936 2580 2976 8

1701 2990 1754 3031 ad
1781 2989 1912 3043 legem
1941 2989 2093 3030 Iuliam
2122 2990 2172 3031 de
2202 2989 2431 3031 adulteriis
2459 2990 2694 3032 coercendis
2750 2990 2802 3031 D.
2834 2993 2901 3041 48,
2931 2994 2955 3034 5

1701 3046 1753 3087 ad
1780 3045 1912 3098 1636111
1941 3044 2093 3086 Iuliam
2122 3046 2172 3087 de
2200 3045 2433 3087 adulteriis
2460 3051 2501 3088 et
2529 3047 2579 3088 de
2607 3050 2749 3099 stupro
2809 3047 2850 3088 0.
2881 3050 2921 3098 9,
2950 3049 2976 3089 9

1702 3102 1909 3143 adversus
1936 3102 2178 3143 creditorem
2240 3101 2283 3143 0.
2313 3104 2354 3151 7,
2383 3104 2436 3146 36

1701 3158 1751 3199 (16
1781 3158 2004 3199 advocatis
2030 3158 2283 3200 diversorum
2311 3157 2560 3199 iudiciorum
2619 3157 2662 3200 0.
2693 3159 2732 3209 2,
2763 3160 2785 3198 7

1703 3214 1770 3267 [(16
1799 3213 2304 3255 advocatis'diversorum
2333 3213 2519 3255 iudicum
2578 3214 2621 3256 0.
2652 3216 2691 3268 2,
2721 3216 2760 3266 7,
2791 3214 2861 3269 20]

1700 3269 1750 3310 (16
1779 3269 2002 3311 advocatis
2028 3269 2117 3310 fisci
2176 3269 2219 3311 0.
2250 3272 2289 3321 2,
2319 3271 2342 3311 8

1701 3325 1750 3367 (16
1780 3325 1994 3376 aedificiis
2019 3326 2193 3379 privatis
2250 3325 2293 3367 0.
2324 3327 2362 3377 8,
2397 3329 2446 3368 10

1700 3381 1750 3422 (16
1779 3381 1994 3422 aediliciis
2021 3381 2254 3423 actionibus
2313 3381 2356 3423 0.
2386 3386 2426 3434 4,
2456 3385 2509 3426 58

1699 3437 1749 3478 (16
1777 3437 1981 3478 aedilicio
2025 3437 2159 3486 edicto
2196 3439 2238 3479 61
2278 3437 2556 3480 redhibitione
2596 3441 2637 3479 61
2679 3439 2825 3489 quanti
2867 3437 3038 3480 minoris

1782 3493 1837 3534 D.
1868 3494 1936 3545 21,
1969 3495 1988 3535 1

1697 3549 1772 3601 qui
1801 3551 1843 3590 61
1870 3561 1895 3589 6
1923 3548 2074 3601 quibus
2101 3549 2340 3590 manumissi
2368 3549 2491 3591 liberi
2519 3562 2603 3591 non
2632 3549 2739 3590 611111
2765 3551 2807 3591 61
2833 3549 2886 3591 ad
2903 3549 3035 3604 legem

1781 3604 1951 3646 Aeliam
1981 3605 2165 3646 Sentiam
2220 3605 2275 3647 D.
2307 3607 2375 3659 40,
2404 3607 2430 3647 9

1698 3660 1748 3702 (16
1778 3663 2076 3702 aestimatoria
2132 3661 2187 3702 D.
2221 3663 2285 3712 19,
2316 3663 2340 3704 3

1697 3716 1748 3758 de
1775 3719 2005 3770 agentibus
2032 3718 2078 3758 in
2106 3716 2229 3758 rebus
2287 3716 2330 3759 0.
2366 3719 2427 3769 12,
2457 3718 2510 3759 20

1696 3772 1746 3814 (16
1774 3773 2062 3826 agnoscendis
2088 3776 2131 3814 et
2157 3771 2315 3814 alendis
2341 3772 2484 3821 liberis
2512 3772 2577 3814 vel
2603 3772 2843 3826 parentibus
2870 3773 2934 3816 vel
2961 3787 3032 3828 pa-

1779 3829 1912 3870 tronis
1938 3828 2004 3869 vel
2032 3828 2193 3870 libertis
2248 3829 2303 3869 D.
2334 3831 2401 3879 25,
2432 3832 2456 3871 3

1694 3884 1744 3925 (16
1773 3884 1985 3938 agricolis
2013 3885 2179 3925 censitis
2206 3884 2272 3926 vel
2301 3884 2458 3926 colonis
2518 3883 2560 3926 0.
2595 3887 2660 3930 11.
2689 3887 2741 3927 48

1694 3939 1744 3981 (16
1772 3940 1983 3993 agricolis
2021 3943 2062 3982 et
2098 3940 2315 3993 mancipiis
2352 3941 2568 3982 dominicis
2607 3940 2672 3982 vel
2706 3940 2912 3982 fiscalibus
2947 3941 3032 3983 sive

1776 3996 1838 4037 rei
1864 3996 2049 4049 privatae
2108 3995 2153 4039 0.
2187 3999 2249 4049 11,
2280 3999 2332 4040 68

1693 4050 1744 4092 (16
1772 4052 1870 4092 albo
1899 4051 2115 4093 scribendo
2170 4052 2225 4092 D.
2256 4054 2323 4105 50,
2354 4054 2379 4095 3

1693 4107 1743 4148 (16
1771 4107 2038 4148 aleatoribus
2093 4107 2150 4149 D.
2184 4110 2247 4157 11,
2280 4110 2305 4150 5

1692 4162 1742 4203 (16
1771 4163 1891 4203 aleae
1917 4162 2013 4203 lusu
2042 4165 2084 4204 et
2111 4162 2361 4205 aleatoribus
2419 4163 2462 4205 0.
2492 4166 2531 4216 3,
2560 4165 2614 4207 43

1692 4217 1741 4258 (16
1771 4218 1939 4259 alendis
1967 4218 2108 4259 liberis
2137 4232 2183 4259 ac
2212 4219 2452 4272 parentibus
2510 4195 2552 4261 0.
2583 4223 2621 4271 5,
2653 4221 2705 4263 25

1691 4273 1742 4314 (16
1770 4275 2037 4326 agnoscendis
2065 4278 2106 4316 et
2134 4274 2302 4315 alendis
2329 4274 2471 4316 liberis
2510 4275 2574 4317 vel
2601 4274 2840 4329 parentibus
2866 4273 2931 4317 vel
2957 4255 3028 4328 pa-

1775 4330 1907 4370 tronis
1933 4329 1998 4371 vel
2025 4329 2187 4371 libertis
2242 4330 2297 4371 D.
2327 4332 2394 4382 25,
2424 4332 2449 4372 3

1692 4385 1742 4426 de
1770 4386 2072 4427 Alemandriae
2097 4386 2344 4439 primatibus
2401 4383 2445 4428 0.
2478 4389 2543 4431 11.
2572 4388 2625 4429 29

1692 4440 1742 4482 (16
1777 4441 2042 4482 alienatione
2083 4441 2232 4482 iudicii
2276 4440 2465 4482 mutandi
2509 4455 2630 4483 causa
2674 4442 2782 4483 facta
2836 4440 2890 4482 D.
2921 4443 2972 4493 4,
2997 4442 3024 4483 7

1691 4552 1740 4594 (16
1770 4552 1988 4593 alimentis
2014 4553 2177 4606 pupillo
2205 4552 2458 4607 praestandis
2518 4552 2560 4594 0.
2593 4555 2631 4604 5,
2661 4556 2714 4596 50

1691 4608 1739 4649 de
1770 4608 1988 4649 alimentis
2016 4609 2081 4650 vel
2111 4609 2276 4650 cibariis
2304 4609 2450 4661 legatis
2505 4609 2559 4649 D.
2591 4611 2658 4659 34,
2690 4611 2710 4651 1

2636 4678 2691 4722 Α.
