3094 4732
158 206 300 259 V1111
337 205 399 253 47

156 352 333 407 Olybrio
371 361 431 388 m.
477 345 545 387 Ne
571 343 666 398 quis
691 356 771 398 pro
793 343 1062 406 ,coercitione
1090 334 1468 398 delictivelpistq-

153 407 271 448 ribus
300 362 375 444 ves
396 401 648 453 cuicumque
677 399 804 440 alteri
833 411 1027 452 corpori,
1069 406 1166 437 cum
1204 391 1395 454 alterius
1413 392 1471 431 s1t

154 457 368 513 corporis,
414 454 662 498 addicatur:
704 452 780 496 sed
818 451 1116 507 unusquisque
1154 458 1233 501 pro
1275 456 1468 508 crlmine,

151 516 194 558 in
224 525 307 566 quo
335 510 467 553 fuerit
495 508 810 563 deprehensus,
846 512 1013 550 motum
1054 516 1133 547 con
1165 513 1289 565 ruae·
1310 511 1467 543 seven·

152 568 255 612 tatis
303 565 502 620 excipiat.
570 563 623 607 D.
657 573 723 606 [ι]
758 562 816 604 id.
858 561 1024 619 April.¹
1066 558 1130 602 Va
1150 561 1377 601 enamano
1427 558 1472 598 et

162 623 341 667 Valente
370 621 481 664 ΑΑ.2
512 631 650 662 conss.
1282 615 1338 664 [a.
1370 613 1469 661 365]

205 676 268 724 20
315 675 399 719 ³Im
426 689 506 732 pp.
555 671 793 716 Gratianus
844 668 1182 714 Valentinianus
1233 671 1278 711 et
1332 665 1469 731 Theo:

150 733 299 777 dosius
334 732 372 774 A
416 732 465 773 A.
504 729 718 772 Flaviano
750 741 831 784 pp.
875 724 1092 782 Illyrici⁴.
1170 722 1217 766 Si
1258 721 1470 787 vindicari

149 790 195 832 in
235 788 403 842 aliquos
444 785 636 829 severius
680 788 832 827 contra
870 785 1065 825 nostram
1109 777 1471 823 consuetudinem

151 857 229 899 pro
271 854 427 886 causae
466 840 625 883 intuitu
663 838 935 891 iusserimus,
975 837 1177 880 nolumus
1218 833 1364 878 statim
1394 845 1468 877 eos

152 904 229 942 aut
257 898 402 942 subire
432 908 614 951 poenam
643 898 720 938 aut
749 894 949 949 excipere
974 891 1254 936 sententiam:
1286 888 1363 934 sed
1392 901 1470 944 per

153 956 243 998 dies
272 952 447 1007 triginta
477 964 526 995 su
562 963 607 994 er
636 954 754 994 statu
785 962 932 994 eorum
968 961 1062 991 sors
1094 953 1137 990 et
1165 946 1343 990 fortuna
1372 957 1468 988 sus·

155 1015 172 1052 1
232 1020 370 1064 pensa
399 1007 467 1051 sit.
570 1019 642 1050 eos
684 1017 790 1049 sane
828 1003 1017 1059 accipiat
1045 1002 1291 1057 vinciatque
1321 1004 1467 1044 custo-

151 1064 224 1107 dia
252 1067 296 1107 et
325 1062 516 1107 excubiis
542 1061 788 1105 sollertibus
814 1059 1040 1115 vigilanter
1066 1058 1279 1102 observet.
1333 1055 1385 1098 D.
1403 1066 1474 1098 XV

149 1119 193 1163 lc.
219 1119 335 1175 Sept.
366 1116 564 1160 Veronae
588 1116 783 1160 Antonio
815 1121 857 1159 et
883 1114 976 1171 Sya
1010 1115 1078 1156 rio
1109 1124 1250 1175 conss:
1287 1115 1352 1173 ·[a.
1371 1113 1467 1160 382]

207 1172 260 1218 21
302 1170 440 1215 ⁶Idem
456 1172 586 1215 AAA.
619 1176 662 1215 et
684 1170 905 1214 Arcadius
924 1170 974 1213 A.
1018 1168 1078 1212 ad
1091 1167 1367 1224 Principium
1383 1179 1467 1222 pp.

148 1229 215 1271 Ne
246 1228 318 1271 diu
348 1227 646 1281 apparitorum
675 1238 808 1281 prava
839 1224 1070 1268 admodum
1093 1222 1344 1277 venalisque
1369 1233 1467 1276 per-

147 1283 250 1326 fidia
278 1284 322 1325 in
352 1282 527 1336 publica
557 1283 731 1336 impune
762 1279 988 1324 commoda
1019 1278 1277 1327 desaeviret,
1318 1288 1467 1320 cense-

146 1340 271 1381 mus⁷
302 1338 430 1381 etiam
459 1338 502 1379 in
533 1338 735 1380 absentes
767 1339 870 1380 eos⁸
898 1347 978 1391 pro
1010 1333 1275 1388 competenti
1304 1333 1469 1375 ultione

148 1393 304 1436 debere
334 1392 548 1447 consurgi.
607 1391 659 1435 D.
690 1391 732 1435 lc.
763 1390 861 1434 Iun.
890 1390 1084 1434 Arcadio
1107 1389 1157 1432 A.
1189 1396 1231 1431 et
1263 1388 1471 1496 Ιῖαιιξὲιὲῗ

148 1461 289 1492 consS.
1298 1457 1337 1486 a.

202 1501 267 1548 22
311 1501 473 1561 ⁰Impp.
527 1501 747 1545 Arcadius
799 1506 842 1545 et
893 1499 1128 1544 Honorius
1179 1501 1270 1542 AA.
1325 1496 1470 1556 Euty·

148 1558 305 1601 chiano
330 1572 410 1615 pp.
471 1557 696 1601 Sancimus
725 1557 785 1599 ibi
815 1569 909 1600 esse
937 1564 1136 1612 poenam,
1179 1554 1252 1598 ubi
1282 1557 1327 1598 et
1353 1566 1471 1599 noxa

150 1618 166 1655 1
228 1616 307 1657 est.
377 1613 647 1669 Propinquos
685 1618 812 1656 notos
851 1612 1085 1655 familiares
1129 1611 1283 1667 procul
1325 1623 1353 1654 a
1397 1622 1470 1654 ca·

107 1676 110 1679 ’
146 1669 310 1711 lumnia
340 1669 657 1719 submovemus,
689 1681 796 1722 quos
825 1680 924 1711 reos
955 1667 1132 1711 sceleris
1163 1667 1350 1710 societas
1381 1680 1470 1709 non

145 1724 272 1767 facit:
310 1737 390 1767 nec
430 1724 543 1768 enim
582 1724 784 1767 adfinitas
813 1724 880 1767 vel
917 1723 1112 1767 amicitia
1140 1722 1353 1766 nefarium
1385 1721 1469 1764 cri-

147 1783 170 1822 2
228 1793 326 1823 men
351 1780 596 1823 admittunt.
642 1779 832 1823 Peccata
855 1779 988 1834 igitur
1007 1791 1109 1823 suos
1124 1782 1303 1822 teneant
1317 1780 1468 1821 aucto-

146 1847 215 1879 res
254 1848 334 1879 nec
373 1835 557 1878 ulterius
587 1835 892 1890 progrediatur
920 1838 1082 1889 metus,
1122 1847 1252 1890 quam
1281 1833 1470 1898 reperie-

148 1895 171 1934 3
240 1893 312 1934 tur
350 1890 566 1934 delictum.
634 1890 731 1933 Hoc
768 1890 948 1946 singulis
978 1889 1222 1946 quibusque
1250 1888 1471 1933 iudicibus

146 1946 378 1989 intimetur.
444 1946 497 1990 D.
538 1957 631 1989 VIII
666 1944 709 1989 lc.
747 1947 860 2003 Auq.
903 1944 1294 2003 Constantinopoli
1333 1943 1472 1988 Theo-

147 2000 260 2045 doro
288 2014 350 2046 vc.
382 2015 500 2045 cons,
1283 2004 1338 2053 [a.
1372 2002 1470 2051 399]

203 2054 267 2103 23
303 2054 483 2114 ¹⁰Impp.
516 2056 746 2100 Honorius
786 2062 828 2100 et
860 2055 1134 2100 Theodosius
1162 2057 1252 2099 ΑΛ.
1294 2054 1356 2099 ad
1382 2056 1472 2098 An-

149 2111 352 2155 themium
387 2126 468 2168 pp.
544 2112 723 2166 Omnes,
777 2120 886 2167 quos
935 2111 1225 2156 damnationis
1271 2110 1471 2155 condicio

147 2167 326 2211 diversis
363 2167 501 2211 exiliis
542 2167 781 2211 destinatos
817 2169 955 2211 metas
985 2168 1192 2222 temporis
1221 2166 1472 2222 praestituti

144 2222 190 2265 in
233 2223 421 2266 carceris
464 2223 667 2278 implesse
707 2222 908 2266 custodia
951 2221 1257 2278 deprehendit,
1302 2222 1471 2267 solutos

143 2290 285 2331 poena
314 2278 585 2332 vinculisque
613 2278 784 2321 laxatos
821 2277 1021 2321 custodia
1049 2277 1224 2321 liberari
1253 2277 1470 2332 praecipi-

147 2337 164 2374 1
224 2345 319 2375 mus
358 2345 439 2375 nec
478 2332 711 2376 formidare
755 2333 952 2375 miserias
995 2332 1109 2375 ullas
1154 2332 1332 2376 exilii¹¹.
1406 2332 1473 2375 Sit

142 2387 249 2430 satis
278 2387 584 2430 immensorum
614 2388 887 2431 cruciatuum
916 2388 1049 2431 semel
1076 2387 1212 2431 luisse
1240 2387 1470 2443 supplicia,

143 2455 209 2496 ne,
251 2443 324 2497 qui
363 2442 435 2486 diu
465 2442 623 2499 privati
661 2447 764 2486 sunt
793 2455 929 2486 aurae
959 2443 1200 2487 communis
1230 2443 1396 2487 haustu
1426 2445 1471 2486 et

142 2498 252 2541 lucis
290 2498 502 2553 adspectu
540 2512 627 2542 non
667 2498 783 2542 intra
821 2499 950 2543 breve
986 2499 1180 2563 spatium
1216 2501 1468 2543 catenarum

141 2553 404 2609 ponderibus
442 2554 738 2610 praegravati,
777 2554 908 2598 etiam
948 2555 1064 2599 exilii
1104 2567 1290 2611 poenam
1334 2555 1468 2599 susti-

142 2622 243 2653 nere
280 2609 437 2653 iterum
477 2610 808 2665 compellantur.
876 2609 930 2655 D.
962 2621 1089 2654 XIII!
1122 2610 1165 2655 lc.
1206 2609 1314 2655 Mai.
1358 2609 1469 2654 Con-

141 2665 306 2708 stantio
338 2671 381 2708 et
411 2664 648 2709 Constante
679 2679 819 2709 conss.
1186 2702 1189 2705 ,
1282 2670 1337 2719 [a.
1370 2669 1467 2719 414]

199 2718 264 2765 24
298 2719 457 2763 ¹²Idem
495 2722 585 2764 AA.
621 2720 843 2765 Monaoez'o
880 2735 963 2778 pp.
1036 2721 1249 2766 Rectores
1293 2722 1469 2777 provin·

146 2776 309 2818 ciarum
351 2776 571 2820 conveniri
607 2776 923 2831 praecipimus,
967 2780 1018 2820 ut
1053 2777 1122 2830 hi,
1167 2778 1240 2832 qui
1278 2791 1359 2833 pro
1391 2790 1470 2821 suo

146 2832 320 2875 erimine
346 2844 530 2886 poenam
553 2832 670 2875 exilii
693 2833 774 2875 sub
802 2837 921 2876 certo
938 2833 1145 2888 temporis
1162 2833 1307 2888 spatio
1323 2833 1472 2877 subire

145 2886 307 2930 decreti
337 2891 450 2939 sunt,
486 2893 640 2931 exacto
702 2887 902 2931 raefinito
933 2892 1129 2945 tempore
1157 2900 1240 2932 nec
1269 2889 1470 2933 claustris

145 2942 438 2986 carceralibus
477 2955 558 2987 nec
595 2943 642 2987 in
689 2943 780 2988 ocis
811 2944 969 2998 quibus
999 2944 1148 2988 exules
1176 2944 1340 2989 versati
1369 2949 1473 2988 sunt

144 3002 387 3042 teneantur.
446 2998 499 3042 D.
531 3009 601 3043 ιιι
636 2997 680 3044 lc.
713 2998 834 3058 Sept.
867 2998 1180 3058 Eudoxiopoli
1220 2999 1470 3044 Theodosio

143 3053 194 3098 A.
231 3064 303 3098 m
327 3060 373 3099 et
400 3053 610 3099 Palladio
640 3068 704 3101 vc.
737 3069 880 3099 conss.
1285 3060 1342 3109 [a.
1372 3059 1470 3108 416]

144 3166 195 3217 (1)
233 3166 413 3207 Treviris
450 3169 604 3208 addunt
641 3168 713 3210 Th.
750 3170 813 3220 14,
844 3177 877 3219 3,
908 3177 942 3210 ³.
975 3169 1039 3218 14,
1070 3179 1104 3220 5,
1134 3178 1150 3211 ι
1293 3170 1348 3221 (2)
1381 3184 1472 3210 con-

145 3223 292 3262 stitutio
332 3232 401 3264 aut
430 3224 486 3263 ad
522 3239 560 3264 a.
592 3232 660 3267 368
691 3224 793 3276 (ΑΔ.
825 3226 874 3274 11)
917 3234 986 3264 aut
1015 3225 1072 3264 ad
1099 3241 1137 3264 α.
1169 3233 1236 3267 370
1267 3226 1371 3274 (AA.
1401 3225 1472 3276 111)

145 3279 314 3329 pertinet
395 3278 449 3329 (3)
479 3300 530 3314 =
563 3279 635 3320 Th.
660 3281 699 3330 9,
726 3289 784 3327 40,
808 3288 846 3321 13
932 3280 985 3331 (4)
1018 3283 1058 3320 et
1086 3279 1234 3321 Italiae
1264 3282 1382 3322 addit
1401 3280 1473 3321 Th.

146 3334 200 3382 (5)
228 3353 283 3367 =
314 3333 385 3373 Th.
418 3336 455 3382 9,
485 3344 542 3383 40,
576 3344 608 3374 14
752 3336 808 3386 (6)
836 3335 961 3388 impp.
993 3334 1312 3376 Valentinianus
1340 3336 1473 3377 Theo-

148 3386 283 3427 dosius
319 3392 358 3427 et
396 3389 593 3429 Arcadius
630 3392 751 3430 AAA.
786 3391 857 3431 le.
1034 3394 1089 3443 (7)
1120 3392 1352 3432 censuimus
1383 3391 1474 3443 Th„

149 3441 421 3495 θεσπίζομεν
448 3443 490 3483 Β
506 3446 561 3493 (κ.
578 3446 642 3495 π.)
728 3447 785 3496 (8)
813 3459 878 3485 eos
905 3462 975 3487 om.
996 3446 1085 3499 Th„
1110 3449 1255 3489 habent
1278 3449 1391 3500 Boe.
1407 3447 1473 3499 π.)

149 3499 204 3550 (9)
234 3518 288 3533 ==
319 3498 394 3540 Th.
425 3502 463 3547 9,
494 3509 552 3549 40,
583 3510 621 3541 ιε
717 3502 791 3551 (ιο)
820 3521 876 3537 a
907 3502 978 3543 Th.
1010 3505 1050 3553 9,
1080 3512 1139 3555 40,
1170 3512 1214 3544 22
1299 3504 1369 3556 (11)
1399 3515 1474 3544 nec

148 3690 317 3733 stitutio
364 3695 482 3735 vetat
522 3691 570 3733 in
608 3691 794 3735 eaeilium
829 3693 986 3737 missos
1022 3695 1070 3738 in
1109 3701 1235 3740 custo
1269 3709 1315 3739 za
1354 3696 1474 3740 loco-

149 3759 245 3787 rum
281 3746 329 3788 in
366 3759 479 3802 quos
515 3746 638 3789 missi
675 3755 781 3791 sunt
828 3748 987 3804 deqere
1020 3751 1089 3795 vel
1125 3764 1390 3808 quemquam
1426 3752 1475 3795 in

153 3806 188 3865 1·
207 3799 346 3865 Gypsi
369 3801 596 3845 castellum
622 3802 690 3847 vel
713 3803 760 3846 in
783 3803 876 3847 alia
889 3805 1127 3861 praesidia
1145 3807 1353 3864 releqari.
1385 3806 1477 3852 Sed

148 3870 185 3899 ει
217 3869 379 3900 crimen
407 3864 549 3901 morte
576 3857 759 3915 diqnum
788 3859 861 3912 sit,
901 3860 1003 3904 nuic
1065 3875 1204 3906 oenae
1231 3862 1475 3915 subiacere,

148 3911 355 3975 sterilia
386 3912 453 3956 vel
474 3926 562 3970 per
595 3920 697 3957 etuo
723 3914 792 3958 vel
818 3876 1065 3972 temporafzz
1098 3924 1188 3961 tum
1215 3918 1263 3961 in
1287 3918 1474 3963 exilium

150 3972 276 4019 mitti,
306 3971 356 4010 ut
383 3981 474 4011 non
502 3969 548 4010 iu
579 3975 739 4012 eantur
763 3970 810 4012 in
835 3972 1035 4015 custodia
1061 3973 1263 4017 locorum
1291 3974 1338 4017 in
1361 3987 1477 4031 quos

150 4022 384 4065 mittuntur
413 4022 594 4080 deqere,
638 4024 717 4068 sed
753 4024 868 4069 mitti
906 4027 953 4068 in
994 4029 1296 4085 provinciam,
1341 4043 1476 4094 quam

151 4077 290 4121 iudex
319 4077 560 4134 definierit,
593 4086 781 4136 praeter
810 4082 1072 4137 provincias
1100 4083 1318 4142 urbesque
1345 4086 1476 4142 infra

153 4138 387 4195 eaejceptas,
429 4140 479 4177 ut
516 4134 649 4198 liceat
684 4136 748 4178 eis
785 4136 832 4178 in
872 4141 966 4180 tota
996 4139 1235 4194 provincia
1263 4141 1312 4183 in
1340 4154 1476 4198 quam

152 4200 275 4250 missi
314 4194 418 4231 sunt
459 4202 639 4241 versari,
684 4204 776 4234 non
822 4195 967 4235 tamen
1011 4194 1138 4238 eaeire
1175 4211 1199 4239 e
1232 4196 1475 4254 provincia

152 4248 326 4298 possint
354 4243 421 4287 vel
454 4250 729 4289 remanentes
766 4246 814 4289 in
842 4247 944 4304 ipsa
972 4250 1214 4305 provincia
1251 4251 1475 4296 turbulen-

155 4299 180 4339 2
234 4301 298 4340 ter
328 4311 379 4361 'se
415 4304 586 4356 qerant.
630 4299 763 4353 Quod
788 4301 829 4344 si
852 4302 953 4358 quis
975 4303 1044 4347 vel
1062 4306 1303 4361 provincia
1327 4320 1475 4364 eqres-

156 4364 230 4394 sus
271 4358 356 4414 erit
392 4353 460 4397 vel
494 4368 728 4399 remanens
761 4356 810 4399 in
837 4357 1079 4414 provincia
1118 4360 1392 4406 turbulenter
1427 4375 1477 4408 se

158 4412 361 4470 qessertt,
398 4407 549 4471 ultimo
586 4411 808 4467 supplicio
844 4411 1090 4457 subiciatur
1123 4417 1380 4472 puniendus
1407 4416 1477 4463 vel

160 4474 187 4501 a
218 4474 478 4517 provinciae
506 4466 720 4520 praeside
758 4466 825 4511 vel
861 4481 890 4511 a

163 4519 185 4556 3
241 4529 338 4558 rum
379 4518 425 4559 in
467 4532 580 4574 quos
624 4522 842 4578 confuqit.

961 4469 1135 4513 raeside
1173 4485 1325 4516 eorum
1353 4472 1475 4517 loco·

311 4572 317 4578 ι
726 4577 734 4585 ,
955 4528 972 4567 t
1011 4524 1089 4581 qui
1129 4525 1177 4568 in
1219 4527 1304 4571 hac
1346 4528 1474 4585 reqia

164 4568 268 4628 urbe
302 4585 349 4612 ιη
386 4585 603 4633 carcerem
633 4578 819 4620 coniecti
849 4583 973 4630 sunt,
1010 4592 1100 4622 non
1136 4594 1276 4644 supra
1306 4588 1476 4641 tempus

164 4634 210 4663 ιη
251 4637 478 4680 superiore
522 4628 648 4672 titulo
686 4631 776 4673 iam
814 4632 867 4675 de
911 4634 1210 4680 custodiendis
1247 4637 1475 4695 definitum

1452 182 1559 242 392

2574 203 2649 241 DE
2684 203 2882 242 pomus

1612 329 1675 376 25
1712 329 1872 375 ¹’Idem
1895 333 1988 378 ΛΑ.
2011 332 2236 378 Monaxio
2290 347 2341 390 p.
2396 333 2491 387 His,
2521 335 2595 401 qui
2623 337 2883 383 conficiendi

1553 399 1687 430 naves
1716 386 1984 441 incognitam
2012 392 2117 433 ante
2144 389 2258 445 perit
2276 401 2345 431 am
2368 387 2571 434 barbaris
2596 392 2882 448 tradiderunt,

1553 442 1744 498 capitale
1773 442 2035 498 supplicium
2063 444 2253 501 proponi
2282 443 2572 489 decernimus.
2630 445 2686 490 1).
2719 460 2814 493 νιιι
2838 448 2881 494 Ic.

1557 497 1649 542 Oct.
1669 496 2059 568 Constantinopoli
2071 499 2295 544 Monaxio
2311 505 2355 543 et
2364 497 2520 544 Plinta
2536 513 2678 544 conss.
2711 507 2767 555 [a.
2784 507 2882 557 419]

1611 549 1677 598 26
1712 551 2079 613 14[Αὖτοκρατωρ
2102 552 2412 598 Ἰουστινιανός
2439 558 2500 598 A.
2532 557 2668 610 Μηνᾷ
2705 554 2883 618 ἐπάρχῳ

1554 611 2310 715 ⁷‘9“‘3521}‘⁰5r52l..÷‘35“‚32t.2t252'.3.>2
2332 640 2639 720 asnis...
2663 667 2714 709 ι
2738 666 2886 727 220...

1664 716 1724 774 μὴ
1752 715 1826 760 διά
1855 734 1923 761 ειν
1951 721 2001 763 ἐν
2028 722 2084 775 τῆ
2129 720 2298 781 φυλακῇ
2341 722 2438 765 τῶν
2479 717 2659 774 τόπων,
2707 721 2767 765 εἰς
2814 718 2888 766 οὓς

1667 734 1981 830 ἐπέμφιζησαν,
2010 764 2120 819 ἀλλὰ
2153 774 2265 832 μηδὲ
2302 777 2590 835 ἐξορίζεσθαί
2614 792 2717 820 τινα
2746 777 2807 821 εἰς
2833 774 2887 821 τὸ

1586 837 1601 873 1
1666 825 1879 888 φρούριον
1910 831 1987 896 τῇς
2021 830 2176 890 ῙἻὺψου
2202 829 2230 899 ἢ
2261 834 2321 876 εἰς
2343 832 2495 891 ἑτέρας
2513 829 2719 890 φυλακάς.
2763 829 2883 876 Ἀλλ’

1664 886 1703 928 εἰ
1737 886 1822 940 μὲν
1849 884 1901 928 τὸ
1934 886 2169 943 αμάρτημα
2202 887 2328 939 αξιόν
2352 890 2448 930 ἐστι
2474 885 2690 939 θανάτου,
2714 883 2888 933 ὑποκεῖ-

1665 941 1780 983 σθαι
1795 941 1852 999 τῇ
1869 939 2055 1000 τοιαύτῃ
2077 941 2264 996 κολάσει,
2289 945 2328 986 εἰ
2351 941 2398 986 δὲ
2423 939 2642 1002 ἐξορίαςῆ
2666 940 2889 996 διηνεκοῦς

1663 993 1990 1055 ἢπροσκαίρου,
2016 996 2120 1040 τότε
2142 998 2426 1057 ἐξορίζεσθαι
2448 995 2606 1042 αὐτοὺς
2631 997 2693 1054 μὴ
2722 996 2888 1042 κελευο·

1663 1056 1820 1108 μένους
1848 1053 1897 1094 ἐν
1924 1056 2021 1095 ταῖς
2049 1051 2260 1109 φυλακαῖς
2288 1056 2386 1098 τῶν
2414 1054 2575 1098 τόπων
2604 1056 2654 1096 ἐν
2681 1053 2744 1097 οἷς
2778 1057 2887 1110 πέμ-

1665 1123 1829 1151 πονται
1858 1103 2187 1162 ἀποτίθεσθαι,
2226 1106 2336 1152 ἀλλὰ
2365 1110 2629 1166 πέμπεσθαι
2658 1110 2719 1153 εἷς
2753 1111 2886 1168 ἐπαρ-

1663 1165 1779 1216 χίαν,
1824 1163 1883 1206 εἰς
1922 1159 1978 1217 ἣν
2019 1159 2077 1206 ἂν
2119 1159 2143 1207 ὁ
2186 1162 2383 1218 δικάζων
2429 1162 2576 1224 ὁρίζῃ,
2619 1168 2754 1224 χωρὶς
2791 1166 2888 1208 τῶν

1664 1218 2012 1278 υπεξῃρημένων
2050 1223 2228 1262 κατωτέ
2254 1237 2290 1263 ω
2327 1223 2557 1278 ἐπαρχιῶν
2599 1238 2650 1264 τε
2692 1224 2766 1264 καὶ
2810 1218 2888 1266 πό·

1666 1273 1793 1327 λεων,
1824 1276 2006 1328 ἔχοντας
2035 1271 2192 1318 αὐτοῦς
2243 1276 2421 1327 ξουσίαν
2451 1280 2501 1318 ἐν
2529 1276 2650 1331 πάση
2673 1277 2729 1331 τῆ
2755 1278 2889 1335 ἐπαρ·

1663 1335 1739 1384 χίᾳ
1782 1330 1841 1373 εἰς
1883 1326 1939 1384 ἣν
1982 1331 2286 1397 ἐπέμφθησαν
2328 1329 2598 1401 διατρίβειν,
2624 1321 2634 1336 ⁸
2650 1320 2714 1388 μὴι
2760 1329 2889 1375 δυνα-

1662 1390 1819 1442 μένους
1862 1386 2025 1437 ἐξιέναι
2067 1400 2144 1440 της
2187 1388 2398 1444 ἐπαρχίας
2433 1407 2460 1443 η
2495 1391 2711 1444 μένοντας
2749 1389 2801 1430 ἐν
2832 1387 2890 1441 τῆ

1582 1446 1605 1486 2
1665 1444 1854 1500 ἐπαρχίᾳ
1890 1438 2087 1485 ἅτακτόν
2121 1459 2167 1485 τι
2206 1445 2402 1496 ποιῆσαι.
2458 1439 2562 1487 Ἐὰν
2590 1441 2644 1487 δέ
2667 1457 2734 1486 τις
2762 1439 2788 1497 ἢ
2815 1431 2892 1496 τῆς

1665 1499 1876 1557 ἐπαρχίας
1905 1496 2069 1557 ἐξέλθῃ
2098 1494 2126 1565 ἢ
2146 1502 2300 1554 μένων
2325 1501 2375 1542 ἐν
2397 1501 2453 1560 τῇ
2479 1501 2670 1558 ἐπαρχία
2693 1496 2891 1542 ἅτακτόν

1665 1570 1709 1596 τι
1740 1551 1916 1613 ποιήσῃ,
1946 1555 2065 1597 ἔστω
2099 1553 2187 1598 υπὸ
2213 1552 2296 1597 τὸν
2319 1555 2509 1608 ἔσχατον
2532 1553 2742 1599 κίνδυνον
2754 1569 2890 1610 τιμω·

1665 1608 1873 1669 ρούμενος
1908 1607 1935 1664 ἢ
1974 1608 2098 1669 παρὰ
2135 1611 2214 1653 τοῦ
2254 1608 2464 1669 ἄρχοντος
2501 1611 2578 1664 τῆς
2615 1612 2827 1669 ἐπαρχίας
2863 1605 2891 1663 ἢ
2924 1640 2927 1643 ι

1664 1664 1787 1724 παρὰ
1819 1666 1901 1709 τοῦ
1939 1664 2150 1725 ἄρχοντος
2186 1668 2370 1708 ἐκείνων
2397 1668 2495 1709 τῶν
2522 1664 2696 1720 τόπων,
2732 1666 2792 1709 εἰς
2819 1661 2893 1709 οὓς

1556 1724 1652 1776 3(1)
1670 1723 1816 1780 ἔφυγε.
1884 1724 1974 1764 Καὶ
2017 1720 2061 1764 οἱ
2100 1719 2369 1777 βαλλόμενοι
2412 1719 2462 1765 δὲ
2505 1723 2556 1765 ἐν
2599 1720 2890 1790 δεσμωτηρίῳ

1665 1778 1715 1819 ἐν
1752 1778 1807 1837 τῇ
1843 1774 2043 1832 βασιλίδι
2081 1776 2207 1821 πόλει
2284 1776 2312 1832 ὴ
2349 1782 2614 1834 μενέτωσαν
2654 1779 2767 1835 νπὲρ
2809 1774 2892 1821 τὸν

1664 1829 1825 1890 χρόνον
1839 1830 1922 1876 τὸν
1935 1827 2184 1892 ὁρισθέντα
2203 1832 2231 1888 ἤ
2260 1850 2286 1888 η
2311 1835 2441 1889 ἐντῷ
2466 1830 2681 1892 ἀνωτέρω
2703 1830 2844 1888 τίτλῳ
2858 1832 2891 1861 ¹⁸

1583 1893 1605 1932 4
1666 1890 1768 1946 περὶ
1795 1889 1893 1932 τῶν
1922 1886 2283 1946 φυλαττομένων.
2327 1885 2510 1943 Ὁμοίως
2537 1886 2589 1931 δὲ
2615 1892 2690 1932 καὶ
2719 1890 2770 1931 ἐν
2795 1891 2892 1931 ταῖς

1667 1945 1895 2003 ἐπαρχίαις
1929 1948 2275 2003 συντομωτέραν
2308 1945 2522 2004 γίνεσθαι
2564 1943 2650 1998 τὴν
2687 1944 2892 1995 ἐξέτασιν

1665 2000 1762 2042 τῶν
1790 1998 2099 2058 ἐγκλημάτων·
2129 2004 2203 2043 καὶ
2229 1998 2309 2042 ἐὰν
2333 2001 2455 2058 φανῆ
2476 2014 2543 2043 τις
2565 1997 2684 2050 ἄξιος
2708 1999 2891 2059 ἐξορίας,

1667 2054 1952 2114 ἐξορίζεσθαι
1978 2051 2116 2098 αὐτὸν
2129 2054 2198 2125 μὴ
2223 2057 2283 2098 εἰς
2301 2045 2512 2113 φυλακήν,
2541 2051 2640 2099 ἀλλ’
2674 2055 2734 2098 εἰς
2757 2056 2890 2112 ἐπαρ·

1665 2115 1768 2178 χίαν
1810 2115 1944 2171 χωρὶς
1980 2112 2077 2154 τῶν
2116 2115 2503 2178 απηχορευμένων,
2550 2113 2624 2155 ἐπὶ
2660 2111 2728 2165 τῷ
2756 2107 2893 2153 πάλιν

1666 2167 1938 2209 υποκεῒσθαι
1982 2164 2138 2210 αὐτοὺς
2179 2183 2236 2222 τη
2280 2167 2439 2220 ἐσχάτη
2482 2181 2527 2208 τι
2563 2170 2701 2223 ωρία,
2744 2160 2772 2218 ἢ
2813 2162 2898 2207 ἐὰν·
2959 2211 2961 2213 ,

1666 2220 1888 2273 ἐξέλθωσι
1925 2223 2001 2276 τῆς
2039 2212 2250 2279 ἐπαρχίας
2283 2218 2311 2275 ἢ
2339 2212 2478 2263 §usiae
2537 2220 2734 2279 ιάγοντες
2760 2218 2892 2263 ἄτακ-
2921 2270 2923 2272 q

1556 2280 1653 2331 5(2)
1667 2276 1751 2320 τόν
1793 2293 1838 2319 τι
1881 2275 2116 2331 ποιήσωσι.
2194 2274 2300 2319 Τούς
2350 2273 2400 2319 δὲ
2436 2274 2654 2344 ἄρχοντας
2692 2272 2891 2327 Ἀλεξαν-

1667 2329 1814 2389 δρείας
1856 2335 1929 2374 καὶ
1975 2328 2194 2387 Θήβάϊδος
2235 2329 2399 2374 κελεύει
2440 2345 2600 2388 μονους
2637 2332 2696 2374 εἰς
2735 2327 2892 2388 Ρῦψον

1665 2390 1739 2429 καὶ
1770 2388 1828 2429 εἰς
1849 2385 2007 2429 Ὄασιν
2035 2389 2279 2443 ἐκπέμπειν
2307 2384 2466 2430 αὐτοὺς
2493 2384 2520 2442 ἢ
2549 2389 2631 2430 ἕως
2661 2387 2709 2438 ἒξ
2734 2387 2892 2443 μηνῶν

1584 2447 1607 2485 6
1667 2438 1694 2496 ἢ
1735 2441 1787 2484 τὸ
1828 2441 2047 2510 μήκιστον
2089 2445 2173 2486 ἕως
2213 2444 2431 2486 ἐνιαυτοῦ.
2505 2444 2562 2486 Εἰ
2605 2439 2655 2486 δὲ
2693 2439 2895 2497 διηνεκής

1666 2499 1790 2540 ἐστιν
1819 2514 1846 2552 η
1873 2498 2034 2558 ἐξορία,
2062 2495 2173 2555 μήτε
2202 2499 2262 2542 εἰς
2277 2497 2432 2552 ΙἹῦψον
2458 2501 2763 2555 πεμπέτωσαν
2781 2496 2839 2554 μ’
2872 2513 2892 2540 ε

1666 2554 1726 2597 εἰς
1749 2552 1905 2596 Ὄασιν
1924 2550 2035 2609 μήτε
2059 2555 2118 2597 εἰς
2142 2553 2341 2611 φυλακὴν
2362 2554 2514 2614 ἑτέρας
2534 2557 2759 2614 ἐπαρχίας,
2782 2550 2811 2596 ἆ
2839 2549 2891 2606 λ’,

1668 2606 1726 2653 ὥς
1765 2609 1934 2670 εἰζρηται
1972 2610 2032 2676 εἰς
2066 2609 2241 2653 τελείαν
2277 2612 2508 2676 ἐπαρχίαν,
2549 2611 2624 2654 ἐπὶ
2648 2611 2742 2678 Τῷ,
2780 2609 2826 2652 εἴ
2845 2624 2892 2652 τι

1667 2670 1932 2733 πταίαουσιν
1974 2682 2001 2719 η
2017 2717 2028 2733 ,
2052 2664 2369 2734 παρεξέλθωσι
2419 2680 2498 2710 τας
2539 2664 2754 2710 κελευσεις
2795 2664 2893 2708 τῶν
2976 2719 2978 2722 Υ

1667 2735 1948 2776 πεμψαντων
1976 2735 2134 2764 αυτους
2162 2718 2406 2780 αρχόντων,
2444 2722 2505 2764 εἰς
2539 2723 2729 2775 ἔσχατον
2755 2735 2891 2778 τιμω·

1556 2781 1653 2831 7(3)
1670 2777 1880 2832 ρηθῆναι.
1955 2775 2133 2819 Κελεύει
2177 2775 2226 2819 δὲ
2268 2774 2371 2820 τοὺς
2412 2774 2639 2828 ταξεώτας
2689 2775 2792 2820 τοὺς
2843 2778 2894 2820 ἐν

1667 2828 1839 2885 ἑκάστῳ
1872 2830 2140 2892 δικαστηρίῳ
2170 2829 2523 2889 ὑπομιμνήσκειν
2553 2830 2654 2875 τοὺς
2677 2831 2894 2889 ἄρχοντας
2935 2885 2939 2889 .

1667 2890 1768 2946 περὶ
1797 2884 1957 2930 τούτου
1981 2889 2062 2930 τοῦ
2082 2885 2232 2944 νόμου,
2261 2892 2336 2930 καὶ
2360 2886 2472 2942 μηδὲ
2494 2888 2769 2942 κατέχεσθαί
2787 2903 2892 2930 τινα

1665 2939 1778 3002 ὑπὲρ
1806 2941 1890 2986 τὸν
1916 2939 2078 3000 χρόνον
2104 2946 2182 2999 τῆς
2210 2944 2380 3000 ἐξορίας
2407 2943 2579 2995 ἑαυτοῦ,
2610 2940 2722 2986 ἀλλὰ
2749 2958 2891 3001 παρα-

1666 3016 1693 3053 χ
1722 2999 1812 3054 ῆμα
1846 2995 2068 3056 ἀφίεσθαι
2106 2996 2302 3056 ἀζημίως
2338 3002 2412 3042 καὶ
2446 2995 2772 3057 ἀδιαστρόφους,
2812 2995 2892 3042 τὸν

1668 3015 1719 3097 35
1774 3052 2108 3113 ἐπιχειρήσοντά
2162 3071 2208 3098 τι
2263 3053 2420 3110 λαβεῖν
2466 3052 2520 3098 τὸ
2563 3050 2893 3113 τετραπλάσιον

1557 3166 1664 3208 ullas
1680 3166 1794 3208 exilii
1810 3167 2067 3221 postmodum
2083 3167 2265 3208 miserias
2281 3166 2500 3209 formidare
2522 3167 2597 3211 Th.
2654 3166 2801 3221 (12)-
2817 3167 2892 3210 Th.

1558 3226 1596 3274 9,
1629 3232 1688 3275 40,
1718 3232 1760 3266 23
1858 3225 1931 3275 (13)
1960 3243 2016 3260 ==
2047 3223 2120 3265 Th.
2152 3226 2191 3275 9,
2222 3233 2282 3276 40,
2313 3233 2357 3266 24
2452 3226 2527 3276 (14)
2556 3225 2781 3278 iungenda·
2809 3237 2892 3265 esse

1563 3282 1597 3331 1,
1628 3289 1661 3330 4,
1693 3288 1750 3322 22.
1781 3288 1837 3321 23.
1869 3280 1909 3330 9,
1941 3289 1974 3331 4,
2006 3288 2040 3322 θ.
2072 3281 2112 3331 9,
2142 3290 2176 3331 5,
2207 3289 2227 3322 2
2266 3296 2314 3322 ex
2352 3288 2603 3334 armamento,
2633 3279 2816 3334 inprimis
2845 3293 2892 3319 ea·

1561 3341 1581 3384 ξ
1614 3344 1634 3378 3
1665 3336 1877 3389 colliqitur.
1935 3337 2173 3377 restituimus
2204 3337 2327 3389 iqitur
2361 3337 2655 3388 inscriptionem
2691 3335 2890 3388 subscrip·

1560 3393 1776 3445 tionemque
1806 3406 1854 3432 ea·
1886 3393 1921 3440 1,
1953 3400 1987 3444 4,
2017 3400 2074 3434 22.
2104 3400 2170 3434 23:
2212 3394 2364 3434 initium
2403 3389 2682 3445 θεσπίζομεν
2718 3391 2892 3432 traditur

1558 3447 1774 3489 Paratittis
1804 3448 1861 3488 ad
1895 3447 2024 3489 Conse.
2056 3456 2077 3489 s
2161 3447 2235 3499 (15)
2257 3447 2586 3499 =B-60,51,0s
2671 3447 2891 3500 (ιο)9,ι,σ

2359 3587 2890 3595 *ffl—

202 3634 367 3679 XLVII
398 3632 462 3680 26
503 3632 615 3693 Imp.
646 3634 925 3680 lastinianus
953 3640 1002 3683 A.
1035 3638 1196 3683 Menae
1216 3654 1253 3698 p
1277 3675 1299 3704 .·
1362 3640 1474 3686 Con·
1557 3644 1581 3683 4
1640 3647 1910 3685 remaneant.
1981 3639 2197 3685 Similiter
2227 3640 2360 3686 etiam
2397 3639 2445 3683 in
2467 3638 2718 3698 provinciis
2743 3638 2889 3696 inqui-

1556 3697 1660 3740 sitio
1692 3696 1924 3740 criminum
1948 3695 2142 3740 breviori
2162 3696 2453 3752 conficiatur:
2481 3701 2526 3740 et
2551 3695 2592 3740 si
2621 3695 2722 3760 quis
2749 3693 2890 3740 exilio

1558 3751 1722 3809 diqnus
1762 3751 1996 3805 videbitur,
2034 3765 2127 3796 non
2155 3752 2204 3795 in
2233 3765 2477 3804 carcerem,
2515 3750 2596 3796 sed
2621 3763 2669 3794 tn
2701 3749 2891 3809 provin-

1559 3808 1672 3852 ciam
1699 3807 1924 3864 releqetur
1944 3813 2133 3866 praeter
2161 3821 2239 3852 eas
2267 3821 2384 3871 quae
2421 3811 2639 3872 exceptae
2674 3811 2803 3859 sunt,
2840 3810 2892 3850 ut

1557 3876 1716 3907 rursus
1744 3862 1899 3907 ultimo
1928 3862 2152 3922 supplicio
2181 3862 2455 3917 subiaceant,
2491 3875 2530 3905 si
2561 3862 2630 3907 vel
2647 3860 2890 3920 provincia

1558 3918 1729 3976 eqressi
1761 3918 1939 3975 fuerint
1977 3918 2046 3963 vel
2079 3918 2141 3963 ibi
2175 3918 2231 3963 de
2263 3923 2386 3963 entes
2415 3916 2692 3962 turbulenter
2718 3929 2768 3962 se
2792 3929 2889 3980 qes-

1559 3979 1582 4017 5
1640 3974 1793 4018 serint.
1864 3973 2158 4019 Praesidibus
2239 3973 2506 4019 leoeandriae
2557 3978 2603 4018 et
2655 3970 2890 4017 Diebatdis

1557 4029 1669 4074 solis
1694 4029 1926 4128 fet-mittit
1964 4031 2012 4074 in
2044 4028 2243 4088 Gypsum
2285 4029 2356 4075 vel
2394 4028 2532 4074 Oasin
2574 4041 2654 4074 eos
2686 4026 2889 4091 releqare

1558 4089 1583 4128 6
1641 4099 1693 4130 ve
1735 4084 1784 4128 in
1811 4098 1897 4131 sex
1923 4098 2094 4131 menses
2121 4085 2192 4130 vel
2217 4084 2279 4130 ad
2303 4098 2518 4129 summum
2541 4084 2589 4128 in
2614 4095 2791 4127 annum.
2836 4079 2886 4126 St

1558 4154 1664 4185 vero
1685 4154 1775 4205 per
1809 4146 1957 4185 etuum
1989 4141 2174 4185 exilium
2211 4146 2291 4194 est,
2330 4154 2472 4198 neque
2507 4140 2556 4183 in
2587 4136 2785 4202 Gypsum
2813 4150 2887 4202 ne·

1559 4210 1644 4253 que
1699 4210 1729 4239 n
1799 4197 1897 4240 asin
1933 4211 2076 4254 neque
2112 4197 2161 4240 in
2201 4195 2447 4241 custodiam
2485 4194 2602 4239 alius
2621 4205 2889 4251 provinciae

1557 4253 1806 4303 mittantur,
1845 4252 1925 4295 sed
1959 4258 2012 4296 ut
2047 4251 2214 4296 dictum
2252 4257 2321 4296 est
2352 4252 2401 4295 in
2443 4250 2663 4308 inteqram
2696 4248 2912 4307 provin-2

1558 4307 1686 4359 ciam,
1716 4312 1769 4351 ut
1795 4308 1835 4351 si
1863 4308 1973 4364 quid
2000 4307 2270 4365 deliquerint
2291 4306 2358 4352 vel
2383 4305 2603 4350 iussiones
2621 4303 2886 4369 praesidum

1559 4362 1637 4419 qui
1677 4375 1753 4405 eos
1794 4363 2107 4420 releqaverunt
2144 4376 2236 4407 non
2280 4360 2632 4413 observaverint,
2684 4359 2887 4404 ultumum

1559 4422 1581 4459 ‘1
1641 4417 1909 4481 supplicium
1938 4418 2136 4463 subeant.
2196 4416 2326 4462 Iubet
2359 4417 2420 4480 of
2447 4414 2580 4460 ciales
2607 4414 2887 4459 uniuscuius-

1558 4486 1644 4529 que
1695 4472 1851 4516 iudicii
1898 4473 2030 4518 huius
2080 4474 2193 4532 leqis
2228 4485 2384 4531 praest
2417 4484 2465 4515 es
2504 4470 2887 4535 commonefacere

1557 4541 1700 4626 nelque
1734 4542 1998 4586 quemquam
2038 4529 2160 4574 ultra
2200 4534 2369 4586 tempus
2407 4525 2538 4571 exilii
2571 4526 2643 4570 sui
2688 4531 2886 4579 retinen,

1555 4596 1604 4628 se
1662 4583 1814 4627 statim
1852 4598 1950 4629 eum
1987 4585 2082 4630 sine
2120 4584 2281 4629 damno
2317 4586 2362 4627 et
2394 4595 2522 4627 mora
2559 4581 2745 4635 dimitti,
2786 4593 2885 4626 eum

1557 4642 1730 4693 autem,
1769 4639 1846 4696 qui
1884 4640 2058 4698 aliquid
2094 4639 2297 4696 accipere
2334 4650 2472 4682 ausus
2496 4637 2656 4694 fuerit,
2685 4635 2884 4694 quadru-
