3152 4784
205 202 278 259 ΠΙ
316 206 393 255 28.
433 203 498 254 29

203 359 282 399 bus
332 349 613 405 generaliter,
674 345 746 400 qui
797 344 842 386 in
895 344 1075 388 diversis
1128 338 1409 394 dignitatibus
1459 335 1527 378 vel

200 403 645 452 administrationibus
671 398 803 454 positi
826 411 854 440 a
876 405 1028 442 nostra
1046 396 1373 448 consequuntur
1391 403 1527 433 manu

203 464 251 507 1b
309 460 374 504 vel
405 472 457 502 ex
486 456 670 511 publicis
701 453 871 496 salariis
903 454 1114 508 quasdam
1143 448 1379 503 largitates.
1441 444 1528 488 Sed

197 520 279 561 hae
309 514 478 570 quidem
507 520 721 565 personae
749 509 999 551 testamenti
1036 504 1223 550 faciendi
1253 502 1418 566 habent
1446 513 1527 556 po-

197 576 396 616 testatem
433 568 475 609 in
515 564 619 619 ipsis
660 567 804 604 tamen
846 561 1146 605 tantummodo
1177 557 1373 614 peculiis,
1413 568 1527 620 quae

196 630 282 672 iam
332 624 580 668 enumerata
632 621 760 670 sunt,
818 616 862 659 id
907 622 975 660 est
1032 615 1155 671 quasi
1214 613 1528 656 castrensibus.

202 691 250 725 10
306 680 388 724 Sed
418 683 459 720 et
485 673 689 724 veterani,
720 671 793 726 qui
817 675 1014 726 tempore
1041 670 1212 726 quidem
1236 667 1419 711 militiae
1445 667 1529 711 sibi

197 736 412 794 peculium
441 728 759 784 adquisierunt,
801 727 999 768 militiam
1040 730 1186 767 autem
1216 723 1528 779 deposuerunt,

201 793 254 835 ld
308 787 458 833 testari
488 784 624 838 (licito
655 788 800 824 tamen
831 781 977 834 modo)
1007 793 1097 824 non
1124 779 1431 835 prohibentur.
1478 779 1528 822 In

195 848 262 890 his
291 846 435 898 itaque
465 839 662 883 omnibus
695 835 823 891 quasi
853 835 1153 880 castrensibus
1187 835 1372 892 peculiis
1403 834 1530 878 dubi-

194 903 386 949 tabatur,
433 895 470 939 si
515 897 669 937 contra
711 892 962 936 huiusmodi
1002 895 1266 936 testamenta
1303 891 1357 935 de
1384 890 1529 935 inoffi-

202 962 244 1000 le
310 954 427 997 cioso
481 950 718 1006 querellam
770 947 947 992 extendi
991 951 1180 1003 oportet.
1257 947 1369 991 ¹Sed
1410 947 1532 1004 prior

194 1009 389 1066 quaestio
428 1009 541 1059 erat,
582 1004 618 1048 si
658 1017 809 1048 omnes
847 1004 920 1059 qui
962 1003 1090 1060 quasi
1129 1007 1355 1048 castrense
1396 1016 1530 1059 pecu-

191 1069 296 1110 lium
335 1063 499 1107 habent
529 1060 682 1104 testari
710 1061 757 1103 in
786 1060 871 1104 hoc
901 1059 1095 1115 possint,
1135 1059 1237 1116 quia
1275 1073 1364 1103 non
1394 1058 1532 1102 omni-

192 1124 273 1166 bus
307 1118 494 1175 passim,
535 1115 613 1159 sed
651 1115 916 1172 quibusdam
950 1115 1151 1171 personis
1190 1115 1277 1159 hoc
1319 1114 1533 1170 privilegii

191 1180 287 1221 loco
328 1185 582 1218 concessum
623 1178 710 1216 est:
749 1172 883 1226 quia²
922 1171 1134 1215 militibus
1175 1171 1351 1226 quidem
1389 1175 1433 1213 et
1460 1182 1532 1213 ve-

191 1230 355 1276 teranis
393 1229 658 1272 testamenta
696 1227 845 1271 facere
874 1227 920 1270 in
951 1227 1169 1270 castrensi
1198 1226 1373 1282 peculio
1403 1226 1532 1268 undi-

193 1301 274 1343 que
305 1297 559 1329 concessum
591 1283 758 1334 fuerat,
799 1282 876 1326 sed
912 1282 1124 1326 militibus
1164 1281 1338 1338 quidem
1377 1282 1423 1324 in
1458 1293 1532 1324 ex-

195 1342 410 1401 peditione
449 1339 700 1383 constitutis
739 1339 834 1382 iure
865 1351 968 1392 suo,
1008 1338 1232 1381 veteranis
1262 1341 1408 1381 autem
1435 1337 1534 1381 iure

195 1396 428 1442 communi:
476 1395 529 1438 de
572 1395 670 1438 aliis
715 1399 862 1438 autem
904 1394 1106 1449 personis
1151 1393 1374 1448 omnibus,
1420 1405 1535 1449 quae

193 1467 277 1497 non
307 1465 385 1508 per
415 1450 606 1507 speciale
635 1449 908 1505 privilegium
937 1450 1023 1493 hoc
1051 1454 1332 1504 acceperunt,
1364 1449 1401 1492 si
1429 1461 1533 1505 pos-

192 1512 278 1553 sint
306 1507 472 1560 testari,
517 1506 763 1551 dubitatum
794 1506 953 1558 fuerat,
985 1509 1036 1548 ut
1062 1510 1173 1561 puta
1202 1505 1304 1548 viris
1334 1505 1531 1549 disertis-

191 1565 308 1609 simis
346 1562 545 1619 patronis
584 1575 821 1605 causarum
866 1562 1057 1617 virisque
1101 1561 1391 1605 devotissimis
1441 1574 1531 1605 me-

190 1620 441 1664 morialibus
482 1623 527 1662 et
565 1618 795 1673 agentibus
834 1618 880 1661 in
918 1619 1050 1661 rebus
1081 1630 1165 1660 nec
1194 1629 1283 1660 non
1313 1617 1532 1673 magistris

190 1676 431 1721 studiorum
461 1674 729 1728 liberalium,
771 1673 1006 1718 archiatris
1051 1685 1225 1729 quoque
1255 1677 1301 1716 et
1330 1674 1533 1717 omnibus

192 1732 383 1784 omnino,
417 1730 491 1786 qui
521 1730 683 1774 salaria
711 1730 779 1773 vel
810 1729 1031 1785 stipendia
1059 1729 1312 1786 percipiunt
1340 1729 1532 1785 publica.

196 1790 250 1846 lf
272 1792 330 1842 (1)
387 1787 438 1830 In
481 1786 548 1829 his
591 1787 743 1841 itaque
787 1786 990 1829 omnibus
1041 1786 1283 1838 sancimus,
1330 1785 1435 1841 quia
1477 1784 1535 1828 ad

190 1843 473 1888 imitationem
510 1842 672 1898 peculii
712 1842 950 1886 castrensis
990 1843 1113 1896 quasi
1145 1846 1370 1885 castrense
1398 1854 1533 1898 pecu-

192 1901 296 1943 lium
325 1899 589 1954 supervenit,
621 1898 821 1942 omnibus
836 1900 866 1951 ³,
905 1898 977 1953 qui
1014 1899 1102 1941 tale
1139 1898 1361 1954 peculium
1391 1897 1534 1953 possi-

193 1957 306 2010 dent,
352 1968 484 2011 super
525 1954 634 2010 ipsis
689 1956 992 1998 tantummodo
1038 1955 1196 2006 rebus,
1251 1966 1364 2010 quae
1408 1952 1536 2010 quasi

195 2011 427 2059 castrensis
462 2010 627 2067 peculii
669 2015 794 2063 sunt,
841 2010 997 2054 ultima
1043 2010 1234 2054 condere
1278 2009 1536 2062 (secundum

191 2069 307 2122 leges
337 2071 499 2119 tamen)
528 2079 662 2123 posse
691 2066 857 2122 elogia:
898 2067 985 2110 hoc
1021 2066 1158 2110 nihilo
1188 2065 1333 2109 minus
1365 2067 1426 2109 eis
1457 2065 1534 2108 ad-

193 2125 282 2167 dito
312 2123 547 2179 privilegiO‚
578 2126 630 2166 ut
658 2134 802 2178 neque
832 2135 984 2166 eorum
1012 2125 1280 2166 testamenta
1310 2122 1364 2164 de
1389 2121 1536 2165 inoffi-

198 2186 249 2237 1q
308 2180 425 2223 cioso
464 2179 660 2234 querella
699 2184 1020 2234 expugnentur.
1092 2178 1139 2222 Si
1174 2178 1290 2222 enim
1318 2182 1535 2233 patronus

192 2237 398 2280 adversus
427 2248 522 2287 res,
560 2248 670 2290 quas
707 2235 892 2279 libertus
923 2235 1018 2278 eius
1049 2248 1102 2278 ex
1134 2235 1291 2278 castris
1322 2233 1537 2289 quaesivit

194 2292 261 2335 sui
289 2292 395 2334 iuris
424 2291 726 2334 indubitanter
758 2290 1048 2345 constitutus,
1082 2290 1377 2345 ⁴praeteritus
1401 2289 1537 2333 fuerit

194 2349 249 2391 ab
279 2348 448 2402 ingrato
479 2347 659 2399 liberto,
702 2350 849 2390 tamen
881 2350 1038 2391 contra
1068 2346 1281 2390 eiusmodi
1311 2346 1535 2402 peculium

194 2408 347 2448 contra
374 2403 550 2447 tabulas
582 2404 797 2446 bonorum
831 2404 1154 2458 possessionem
1185 2416 1272 2446 non
1302 2402 1438 2445 habet
1466 2414 1535 2445 se-

193 2459 382 2503 cundum
413 2464 605 2503 veterum
649 2459 793 2514 legum
834 2459 1130 2510 sanctionem,
1171 2457 1537 2514 quemadmodum

193 2518 369 2571 oportet
396 2516 600 2570 praefata
629 2515 827 2571 peculia,
866 2527 980 2571 quae
1017 2515 1073 2558 ad
1114 2515 1256 2558 instar
1296 2513 1535 2558 castrensis

193 2571 351 2627 peculii
379 2571 632 2615 introducta
663 2576 785 2625 sunt,
827 2571 881 2614 de
911 2571 1157 2615 inofficioso
1189 2571 1410 2626 querellae
1439 2581 1537 2614 esse

194 2635 216 2670 2
277 2626 538 2683 supposita?
605 2628 690 2670 Sed
720 2629 830 2670 haec
861 2627 1059 2670 obtinere
1090 2631 1279 2682 oportet,
1322 2626 1461 2670 donec
1491 2626 1535 2669 in

195 2683 332 2727 sacris
362 2687 592 2738 parentum
622 2696 801 2726 suorum
833 2683 1062 2727 constituti
1100 2687 1203 2726 sunt
1232 2683 1277 2725 hi
1307 2683 1381 2738 qui
1412 2682 1538 2738 quasi

196 2744 420 2782 castrense
473 2739 693 2793 peculium
748 2739 989 2794 possident.
1077 2739 1112 2782 si
1157 2738 1271 2781 enim
1316 2738 1385 2781 sui
1427 2738 1537 2781 iuris

195 2793 470 2845 efficiantur,
514 2794 671 2848 procul
715 2794 847 2836 dubio
894 2798 961 2836 est
1001 2807 1149 2837 eorum
1189 2796 1455 2837 testamenta
1495 2796 1540 2836 et

194 2862 275 2903 pro
317 2850 423 2902 ipsis
465 2849 618 2899 rebus,
657 2861 766 2902 quas
807 2854 938 2890 antea
978 2861 1027 2890 ex
1061 2849 1186 2903 quasi
1218 2849 1431 2892 castrensi
1461 2861 1537 2904 pe-

198 2903 313 2946 culio
344 2903 580 2954 habebant,
610 2915 742 2958 posse
773 2903 827 2946 de
855 2903 1102 2947 inofficioso
1137 2904 1374 2958 querellam
1406 2904 1537 2947 susti-

197 2971 322 3013 nere,
366 2971 464 3001 cum
501 2970 642 3013 neque
681 2971 837 3002 nomen
866 2959 1027 3014 peculii
1056 2963 1295 3014 permanet,
1336 2959 1412 3002 sed
1442 2959 1539 3002 aliis

197 3015 329 3057 rebus
361 3013 643 3057 confunditur
669 3019 712 3057 et
738 3015 919 3058 similem
945 3015 1168 3058 fortunam
1191 3015 1358 3070 recipit,
1391 3027 1538 3070 quem-

196 3069 431 3112 admodum
471 3073 515 3112 et
552 3074 724 3113 ceterae
759 3083 829 3113 res
869 3082 1042 3123 eorum,
1090 3075 1136 3114 et
1177 3084 1311 3114 unum
1357 3083 1537 3126 congre-

194 3129 324 3178 gatur
367 3137 420 3167 ex
464 3125 668 3168 omnibus
706 3126 1033 3181 patrimonium.
1099 3125 1154 3170 D.
1194 3125 1237 3170 lc.
1269 3126 1391 3185 Sept.
1426 3128 1537 3171 Con-

194 3180 492 3262 stantinopoli
521 3185 637 3238 post
672 3181 953 3225 consulatum
991 3181 1234 3240 Lampadii
1270 3189 1315 3226 et
1355 3181 1539 3226 Orestae

195 3250 247 3280 vv
277 3248 337 3279 cc.
1351 3242 1407 3290 [a.
1439 3242 1537 3291 531]

736 3409 825 3456 XX
835 3408 1006 3456 VIIII.⁶

395 3488 470 3526 DE
501 3488 873 3530 INOFFICIOSIS
905 3491 1334 3532 DONA'HONIBUS.

260 3567 279 3612 1
321 3566 432 3625 Imp.
465 3567 706 3627 Philippus
734 3571 785 3614 A.
817 3570 1036 3615 Nicanori
1066 3578 1109 3616 et
1133 3572 1429 3631 I'apinianae.
1477 3573 1535 3628 Si,

202 3628 250 3665 ut
278 3623 510 3678 adlegans,
549 3631 688 3668 mater
715 3630 862 3670 vestra
893 3627 949 3670 ad
979 3627 1269 3672 deludendam
1299 3629 1537 3674 inofficiosi

202 3679 438 3743 querellam
467 3691 607 3734 paene
635 3681 859 3725 universas
890 3683 1123 3727 facultates
1155 3699 1270 3740 suas,
1301 3685 1404 3729 dum
1436 3699 1535 3742 age·

200 3737 270 3776 ret
309 3748 354 3776 in
398 3737 531 3780 rebus
575 3736 798 3791 humanis,
846 3738 975 3781 factis
1016 3739 1325 3785 donationibus
1363 3742 1452 3785 sive
1491 3743 1535 3785 in

202 3789 412 3844 quosdam
440 3791 602 3833 liberos
631 3792 720 3834 sive
749 3793 793 3835 in
817 3797 1051 3838 extraneos
1077 3797 1279 3841 exhausit
1301 3810 1355 3841 ac
1379 3802 1536 3854 postea

201 3858 277 3888 vos
308 3858 360 3888 ex
390 3846 560 3889 duabus
591 3848 731 3891 unciis
761 3849 866 3892 fecit
891 3850 1072 3894 heredes
1099 3864 1259 3909 easque
1280 3854 1437 3910 legatis
1463 3856 1535 3897 et⁷

201 3900 547 3964 fideicommissis
592 3902 813 3947 exinanire
855 3905 1051 3960 gestivit,
1096 3921 1183 3951 non
1221 3910 1383 3953 iniuria
1411 3911 1537 3954 iuxta

201 3957 386 3998 formam
428 3969 560 4011 super
601 3958 846 4003 inofficioso
888 3963 1150 4008 testamento
1198 3966 1534 4010 constitutorum

203 4011 424 4054 subveniri
459 4013 581 4055 vobis
620 4016 773 4069 utpote
812 4020 1013 4071 quartam
1051 4022 1219 4074 partem
1247 4035 1338 4065 non
1367 4022 1535 4066 haben-

202 4067 322 4110 tibus
356 4066 629 4129 ·desideratis.
698 4069 790 4114 ΡΡ.
834 4084 957 4114 Χιιη
1000 4072 1042 4116 lc.
1083 4074 1202 4133 Sept.
1235 4076 1452 4136 Philippo
1482 4079 1534 4122 A.

201 4126 245 4165 et
276 4121 453 4166 Titiano
485 4136 626 4167 conss.
1346 4138 1403 4186 [a.
1435 4137 1532 4187 245]

202 4262 252 4312 (ι)
286 4267 305 4311 5
339 4272 378 4305 ie
394 4265 766 4317 etifepitomamnr
795 4267 834 4306 in
867 4269 904 4319 6,
938 4277 995 4319 22,
1026 4277 1065 4310 12

200 4331 295 4357 nam
435 4320 489 4371 (3)
519 4323 735 4373 requiritur
765 4335 903 4362 omnes
1043 4325 1097 4375 (4)
1127 4328 1184 4367 sic
1216 4328 1293 4378 CH,
1326 4330 1402 4369 etsi
1431 4331 1534 4372 male

201 4375 275 4414 ins.
300 4376 394 4416 dett.
509 4376 562 4427 (5)
591 4379 683 4428 post
712 4389 818 4416 cons.
851 4406 860 4416 .
881 4409 891 4419 .
909 4408 921 4420 .
951 4390 1014 4419 vv.
1046 4391 1104 4419 cc.
1133 4385 1280 4435 scripsi
1307 4394 1343 4426 et
1366 4395 1534 4439 propter

202 4431 303 4470 diem
344 4431 414 4484 (ef.
445 4430 682 4486 Zeitsclzrg'ft
705 4434 791 4485 fiir
818 4431 1093 4487 Rechtsyeselz.
1123 4445 1156 4477 11
1184 4453 1228 4490 p.
1260 4442 1409 4492 185),et
1437 4444 1534 4494 quia

203 4486 239 4525 h.
271 4500 303 4526 e.
336 4490 482 4528 citatur
512 4488 552 4528 in
583 4490 622 4539 6,
653 4496 710 4539 22,
741 4497 794 4538 12,
827 4504 930 4542 quae
960 4491 1128 4531 eiusdem
1161 4494 1243 4534 diei
1270 4505 1350 4536 est:
1380 4494 1535 4549 lampa·

203 4540 270 4580 dio
299 4543 340 4581 et
368 4544 499 4584 oreste
529 4555 591 4583 vv.
622 4555 678 4584 cc.
711 4557 807 4584 coss.
839 4545 956 4594 Hal„
994 4547 1067 4586 sed
1102 4547 1143 4587 in
1183 4551 1380 4592 addendis
1410 4566 1534 4593 emen-

203 4597 315 4637 davit
342 4601 434 4650 post
462 4611 570 4639 cons.
603 4629 641 4644 ..
660 4629 670 4640 .
701 4611 763 4639 vv,
795 4612 851 4640 cc.
883 4612 992 4641 anno
1022 4602 1199 4643 secundo
1286 4607 1340 4657 (6)
1373 4607 1414 4647 Β
1432 4611 1534 4657 41,4

203 4655 256 4704 (7)
286 4654 327 4693 et
355 4654 401 4703 P,
433 4653 496 4694 vel
517 4654 584 4695 CR
668 4656 723 4708 (8)
747 4656 787 4696 k.
812 4668 905 4708 aug.
932 4657 1047 4707 Hal,
1078 4657 1131 4697 id.
1163 4658 1244 4700 ian.
1277 4662 1316 4700 P
1395 4661 1454 4714 (9)
1478 4665 1537 4703 cic

1230 4273 1284 4327 (2)
1315 4275 1530 4327 requiritur

1526 176 1623 241 136

1621 4277 1728 4326 deta,
1759 4276 1800 4316 et
1830 4277 1905 4318 ins.
1935 4273 2083 4316 APCR

2023 193 2098 236 Dr.
2135 176 2502 236 inofficiosis
2535 185 2955 236 Domnomnus

1669 332 1701 379 2
1746 331 1895 399 Impp.
1951 333 2219 382 Valerianus
2270 341 2315 381 et
2368 332 2600 379 Gallienus
2641 335 2734 379 AA.
2785 335 2947 380 Aeliae.

1610 389 1744 432 Pater
1787 401 1826 432 si
1869 401 1996 434 omne
2071 393 2350 437 atrimonium
2390 402 2519 434 suum
2554 389 2720 447 impetu
2763 389 2955 446 quodam

1610 446 1849 488 immensae
1882 445 2157 493 liberalitatis
2193 449 2241 493 in
2269 447 2407 492 filium
2449 444 2624 499 effudit,
2669 449 2748 489 aut
2790 446 2836 489 in
2907 458 2956 490 0-

1611 502 1773 544 testate
1811 500 1848 544 is
1889 505 2150 558 permansit,
2189 508 2233 548 et
2262 502 2418 547 arbitri
2446 500 2638 544 familiae
2667 459 2957 545 erciscundae

1613 556 1760 600 officio
1794 557 2006 612 congruit,
2037 563 2088 602 ut
2115 560 2195 604 tibi
2224 563 2424 615 quartam
2454 556 2630 600 debitae
2658 556 2715 599 ab
2743 556 2957 601 intestato
3033 562 3039 583 ²

1612 611 1827 668 portionis
1865 617 2061 667 praestet
2097 615 2384 666 incolumem,
2422 617 2500 657 aut
2529 611 2831 667 emancipatus
2860 611 2958 656 fue-

1613 668 1691 715 rit.
1731 671 1794 721 et,
1833 667 1937 723 quia
1976 668 2154 714 donatio
2189 684 2278 714 non
2308 669 2473 723 indiget
2501 668 2645 711 alieno
2676 666 2958 720 adminiculo,
3031 679 3039 702 ss
3091 661 3094 694 ⁵=

1614 724 1693 767 sed
1730 723 1824 766 suis
1863 723 2026 768 viribus
2062 725 2244 778 nititur,
2284 727 2409 769 iuxta
2448 723 2787 768 constitutiones
2815 723 2855 768 is
2883 722 2962 779 qui

1611 778 1884 836 provinciam
1932 779 2046 834 regit
2100 781 2157 826 ad
2200 780 2529 826 similitudinem
2573 779 2810 824 inofficiosi
2853 791 2959 836 que-
3042 814 3043 818 ,
3094 786 3095 790 ’

2771 833 2866 879 ΡΡ.
2913 845 2963 879 ν]

1615 835 1750 878 rellae
1790 834 2000 878 auxilium
2037 836 2119 880 tibi
2167 838 2406 893 aequitatis
2456 835 2692 891 impertiet.
2773 894 2788 943 [
2861 891 2959 946 256]

2789 903 2830 935 a.

1615 891 1656 934 lc.
1690 894 1758 933 Au
1795 891 1827 933 .⁸
1855 889 2062 935 Maximo
2093 904 2139 936 11
2165 899 2211 937 et
2241 891 2486 937 Glabrione
2515 903 2658 935 conss.

1673 943 1702 992 3
1736 903 1862 989 Icqlem
1891 946 1984 990 AA.
2015 947 2217 992 Aeliano.
2285 943 2497 992 Precibus
2529 946 2708 1003 quidem
2735 946 2826 991 tuis
2854 958 2960 1003 pro-

1615 1002 1762 1058 posita
1805 1001 2022 1057 rescripta
2065 1015 2141 1048 eos
2185 1006 2393 1059 parentes
2439 1003 2670 1058 denotant,
2716 1002 2815 1068 qui,
2863 1013 2963 1046 cum

1616 1060 1880 1102 testamento
1917 1057 2038 1102 facto
2077 1059 2162 1104 vivi
2197 1059 2511 1116 patrimonium
2556 1072 2686 1104 suum
2735 1057 2962 1103 immensis

1617 1114 1928 1159 donationibus
1978 1114 2299 1168 exinanissent,
2345 1116 2505 1160 ⁹inane
2547 1128 2708 1160 nomen
2749 1113 2963 1159 heredum

1616 1170 1764 1213 liberis
1795 1169 2091 1225 reliquissent.
2150 1171 2229 1214 sed
2259 1172 2315 1215 ad
2345 1171 2580 1216 intestatos
2635 1183 2782 1228 noque
2808 1169 2963 1215 eadem

1616 1225 1729 1269 ratio
1761 1225 1996 1281 aequitatis
2026 1226 2290 1270 extenditur.
2349 1225 2443 1271 ΡΡ.
2462 1239 2500 1271 Χ
2523 1226 2567 1271 lc.
2643 1241 2709 1272 ov.
2739 1226 2852 1285 ipsis
2875 1236 2966 1270 1111

1616 1287 1662 1326 et
1689 1293 1755 1324 Ill
1782 1282 1875 1325 AA.
1906 1294 2052 1326 conss,
2774 1287 2832 1335 [a.
2864 1285 2964 1335 257]

1674 1336 1706 1383 4
1739 1336 1878 1396 ¹⁰Imp
1916 1371 1924 1380 .
1962 1336 2276 1382 Diocletianus
2314 1343 2358 1382 et
2397 1336 2710 1382 Maximianus
2738 1339 2831 1382 AA.
2865 1335 2965 1382 Cal-

1632 1393 1813 1437 )urniae
1883 1393 2154 1438 iistaenetae
2169 1394 2216 1438 ²¹.
2278 1393 2325 1437 Si
2353 1393 2472 1437 filius
2511 1395 2616 1437 tuus
2650 1393 2966 1438 immoderatae

1615 1409 1895 1494 liberalitatis
1940 1449 2155 1493 effusione
2204 1449 2518 1506 patrimonium
2571 1462 2699 1493 suum
2746 1449 2964 1502 exhausit,

1618 1505 1832 1562 praesidis
1861 1506 2117 1570 provinciae
2147 1506 2311 1549 auxilio
2342 1505 2504 1559 uteris,
2545 1504 2620 1559 qui
2650 1505 2852 1550 discussa
2879 1503 2967 1550 fide

1618 1561 1730 1616 veri,
1777 1561 1814 1605 si
1857 1575 1903 1604 m
1946 1562 2165 1616 integrum
2204 1560 2527 1605 restitutionem
2566 1574 2622 1605 ex
2657 1561 2738 1604 filii
2773 1573 2966 1617 persona

1621 1620 1869 1674 competere
1907 1617 1990 1663 tibi
2029 1619 2084 1662 ob
2122 1617 2458 1674 improbabilem
2496 1616 2747 1662 donationis
2777 1617 2964 1662 enormi-

1618 1677 1755 1718 tatem
1796 1674 2174 1728 animadverterit‚
2214 1674 2260 1718 in
2299 1672 2573 1718 removendis
2613 1673 2683 1717 his
2723 1685 2837 1730 quae
2863 1685 2966 1730 per-

1618 1742 1769 1786 peram
1808 1733 1936 1786 gesta
1974 1733 2079 1774 sunt
2115 1731 2198 1774 tibi
2233 1729 2478 1775 subveniet.
2545 1729 2731 1786 ideoque
2769 1742 2860 1774 non
2898 1731 2969 1774 est

1619 1786 1698 1829 tibi
1758 1786 2058 1830 necessarium
2115 1786 2326 1830 adversus
2383 1785 2641 1829 immodicas
2701 1785 2966 1831 donationes

1620 1842 1829 1886 auxilium
1846 1842 1901 1885 ad
1917 1842 2059 1886 instar
2074 1842 2310 1886 inofficiosi
2323 1841 2588 1886 testamenti.
2635 1840 2729 1887 ΡΡ.
2748 1853 2840 1886 1111
2851 1843 2887 1868 ¹²
2904 1841 2965 1886 id.

1622 1898 1749 1941 Febr.
1759 1897 2010 1942 Mediolani
2027 1900 2061 1925 ¹³
2071 1898 2279 1943 Maximo
2290 1910 2334 1941 11
2349 1904 2394 1942 et
2402 1897 2615 1955 Aquilino
2633 1911 2781 1942 conss.
2800 1901 2857 1950 [a.
2868 1901 2966 1951 286]

1675 1952 1704 1999 5
1740 1952 1865 1998 Idem
1906 1955 1999 1998 AA.
2044 1953 2270 1999 Cottabeo.
2338 1953 2382 1997 si
2423 1956 2542 1997 totas
2583 1953 2822 1998 facultates
2865 1956 2968 1998 tuas

1619 2023 1700 2066 per
1742 2009 2004 2055 donationes
2047 2010 2356 2064 vacuefecisti,
2412 2022 2523 2066 quas
2575 2009 2620 2053 in
2665 2010 2835 2054 emanci
2870 2013 2968 2055 atos

1621 2066 1732 2110 filios
1765 2066 2012 2120 contulisti,
2049 2067 2108 2121 id,
2141 2066 2259 2122 quod
2290 2066 2346 2109 ad
2376 2065 2699 2110 submovendas
2729 2064 2827 2110 inof
2841 2066 2969 2111 'ciosi

1620 2123 1873 2166 testamenti
1904 2124 2123 2178 querellas
2153 2136 2243 2167 non
2272 2122 2458 2178 ingratis
2488 2122 2637 2166 liberis
2668 2121 2862 2178 relinqui
2890 2134 2967 2166 ne-

1623 2191 1746 2222 cesse
1783 2181 1873 2232 est,
1914 2192 1967 2221 ex
2006 2179 2140 2223 factis
2170 2178 2485 2223 donationibus
2515 2177 2780 2231 detractum,
2809 2181 2861 2222 ut
2888 2177 2970 2222 filii

1620 2234 1687 2278 vel
1716 2237 1914 2290 nepotes,
1946 2234 2021 2290 qui
2051 2238 2209 2291 postea
2232 2248 2286 2278 ex
2309 2245 2589 2290 quocumque
2607 2233 2799 2290 legitimo
2815 2234 2967 2279 matri-

1622 2290 1766 2334 monio
1806 2291 1901 2334 nati
1940 2293 2066 2346 sunt,
2104 2290 2299 2334 debitum
2338 2291 2555 2334 bonorum
2586 2289 2832 2334 subsidium
2861 2302 2968 2335 con·

1622 2348 1876 2402 sequantur,
1908 2347 1963 2390 ad
1993 2346 2306 2402 patrimonium
2335 2348 2462 2389 tuum
2491 2350 2737 2390 revertetur
2752 2347 2800 2390 ¹⁴.
2850 2345 2907 2391 D.
2924 2357 2971 2392 11

1620 2401 1662 2445 lc.
1694 2400 1833 2446 Mart.
1865 2401 2073 2446 Maximo
2104 2414 2151 2446 11
2178 2409 2220 2447 et
2249 2402 2462 2460 Aquilino
2494 2415 2636 2446 conss.
2779 2405 2837 2456 [a.
2868 2404 2967 2459 286]

1679 2454 1710 2503 6
1741 2456 1867 2502 Idem
1906 2460 2002 2502 AA.
2034 2457 2363 2503 Demetrianae.
2434 2456 2543 2500 Cum
2582 2457 2894 2503 donationibus
2914 2457 2969 2509 jin

1622 2514 1801 2557 fratrem
1831 2517 1956 2557 tuum
1989 2514 2160 2559 collatis
2190 2514 2426 2558 facultates
2457 2514 2596 2570 patris
2631 2514 2698 2558 tui
2727 2514 2967 2559 exhaustas

1623 2582 1718 2613 esse
1757 2571 2029 2626 eundemque
2066 2573 2238 2626 patrem
2274 2573 2468 2614 vestrum
2506 2582 2558 2613 ea
2595 2582 2709 2626 quae
2737 2570 2967 2627 superfue-

1622 2629 1723 2670 rant
1755 2626 1965 2670 codicillis
1996 2628 2111 2670 inter
2140 2640 2218 2671 vos
2249 2627 2449 2676 divisisse
2478 2639 2559 2682 pro
2594 2639 2716 2681 onas,
2747 2627 2786 2671 si
2814 2626 2968 2671 volun-

1623 2685 1758 2725 tatem
1801 2683 1894 2726 eius
1933 2696 2022 2726 non
2061 2683 2280 2738 agnovisti
2319 2694 2403 2726 nec
2441 2682 2553 2726 bene
2588 2682 2655 2726 cio
2693 2682 2853 2728 aetatis
2891 2682 2968 2727 ad-

1621 2750 1774 2781 versus
1811 2739 1925 2782 haec
1962 2739 2108 2782 iuvari
2148 2738 2314 2794 poteris
2355 2751 2437 2781 nec
2473 2740 2646 2782 tantum
2676 2738 2756 2783 dos
2787 2751 2814 2782 a
2842 2742 2971 2795 patre

1625 2793 1730 2836 data
1761 2796 1806 2837 et
1834 2793 2220 2838 fideicommissum
2252 2794 2499 2846 continent,
2531 2799 2745 2850 quantum
2776 2794 2834 2838 ad
2864 2795 2968 2839 sub·

1623 2848 1881 2892 movendam
1911 2850 2151 2905 querellam
2182 2849 2401 2902 sufficiat,
2443 2849 2496 2892 de
2533 2850 2792 2894 enormitate
2831 2850 2969 2894 dona-

1623 2904 1791 2947 tionum
1830 2905 1886 2947 ad
1925 2906 2170 2960 exemplum
2211 2904 2447 2949 inofficiosi
2486 2906 2740 2949 testamenti
2786 2919 2968 2962 praeses

1624 2959 1877 3014 provinciae
1904 2960 2220 3005 iurisdictionis
2251 2973 2358 3005 suae
2387 2963 2536 3016 partes
2576 2961 2815 3006 exhibebit.
2873 2961 2968 3007 ΡΡ.

1633 3018 1728 3059 VJ¹⁵
1757 3015 1799 3059 lc.
1831 3015 1940 3060 Mai.
1973 3030 2115 3060 conss.
2147 3024 2196 3061 ul
2224 3030 2379 3075 supra.
2779 3022 2837 3072 [a.
2870 3022 2968 3072 286]
3011 3014 3015 3019 ’

1681 3068 1709 3116 7
1756 3070 1917 3116 ¹⁶Idem
1954 3073 2045 3116 AA.
2086 3073 2270 3117 Aurelio
2289 3074 2322 3099 ¹⁷
2362 3072 2661 3118 Ammiano¹⁸.
2731 3073 2778 3118 Si
2828 3076 2971 3118 mater

1623 3131 1701 3170 tua
1738 3126 1802 3171 ita
1841 3127 2154 3184 patrimonium
2193 3142 2321 3172 suum
2361 3129 2583 3184 profunda
2620 3128 2888 3174 liberalitate
2921 3130 2970 3175 in

1624 3183 1805 3227 fratrem
1849 3191 1971 3227 tuum
2018 3185 2272 3229 evisceratis
2318 3185 2476 3240 opibus
2514 3185 2606 3229 suis
2647 3185 2874 3242 exhausit,
2918 3189 2973 3231 ut

1624 3242 1806 3294 quartae
1844 3241 1983 3296 partis
2026 3240 2271 3292 dimidium,
2315 3241 2432 3296 quod
2467 3239 2524 3283 ad
2555 3240 2872 3286 excludendam
2900 3241 2970 3287 in-

1623 3294 1812 3338 officiosi
1850 3297 2103 3339 testamenti
2141 3297 2378 3352 querellam
2409 3296 2619 3340 adversus
2655 3301 2699 3341 te
2729 3297 2969 3353 sufficeret,

1623 3350 1667 3394 in
1697 3351 1764 3394 liis
1796 3351 2109 3396 donationibus
2141 3365 2251 3407 quas
2281 3353 2362 3395 tibi
2392 3353 2549 3408 largita
2580 3354 2760 3398 estnon
2785 3353 2967 3408 habeas,

1623 3406 1738 3462 quod
1767 3407 2055 3451 immoderate
2083 3413 2253 3464 gestum
2285 3411 2354 3452 est
2382 3409 2674 3452 revocabitur.
2733 3407 2830 3454 ΡΡ.
2855 3422 2887 3455 ν
2906 3409 2967 3454 id.

1623 3463 1732 3506 Mai.
1763 3462 1971 3508 Maximo
2003 3476 2049 3507 11
2075 3471 2119 3508 et
2147 3464 2361 3522 Aquilino
2393 3465 2580 3508 con55.¹⁹
2778 3469 2837 3521 [a.
2869 3469 2967 3518 286]

1680 3516 1709 3566 8
1742 3518 1869 3563 Idem
1899 3520 1990 3563 AA.
2022 3520 2283 3564 Auxanoni.
2354 3519 2401 3564 Si
2436 3520 2603 3585 liqueat
2631 3523 2818 3565 matrem
2845 3523 2968 3566 tuam

1621 3574 1974 3619 intervertendae
2012 3575 2282 3631 quaestionis
2320 3575 2555 3619 inofficiosi
2589 3587 2724 3620 causa
2753 3577 2968 3632 patrimo-

1621 3631 1740 3674 nium
1773 3645 1900 3676 suum
1930 3631 2242 3676 donationibus
2278 3632 2324 3674 in
2354 3645 2490 3674 unum
2520 3631 2657 3675 filium
2690 3632 2862 3677 collatis
2891 3645 2967 3677 ex-

1622 3688 1836 3743 hausisse,
1870 3700 1966 3731 cum
1999 3687 2209 3731 adversus
2239 3700 2388 3731 eorum
2422 3688 2722 3744 cogitationes,
2759 3688 2833 3744 qui
2861 3701 2967 3733 con-

1622 3743 1731 3787 siliis
1771 3756 2024 3799 supremum
2060 3743 2267 3786 iudicium
2310 3743 2558 3796 anticipare
2607 3745 2882 3788 contendunt
2924 3749 2969 3788 et

1622 3800 1819 3843 actiones
1848 3798 2037 3843 filiorum
2068 3798 2357 3852 exhauriunt,
2399 3799 2567 3842 aditum
2603 3800 2824 3855 querellae
2852 3801 2966 3844 ratio

1622 3855 1849 3911 deposcat,
1890 3855 2007 3910 quod
2042 3854 2254 3898 donatum
2287 3860 2355 3898 est
2383 3868 2463 3910 pro
2493 3855 2666 3899 ratione
2695 3859 2882 3911 quartae
2909 3855 2967 3899 ad

1621 3913 1763 3955 instar
1819 3910 2055 3954 inofficiosi
2114 3910 2367 3954 testamenti
2418 3911 2614 3955 'convicti
2674 3911 2963 3955 deminuetur.

1630 3971 1642 4010 1
1705 3966 1818 4010 Nam
1859 3967 1978 4022 quod
2014 3979 2126 4011 uxor
2164 3979 2192 4010 a
2222 3967 2378 4010 marito
2408 3967 2452 4010 in
2484 3980 2532 4011 se
2560 3966 2826 4010 matrimonii
2853 3969 2965 4011 tem-

1620 4035 1730 4079 pore
1780 4022 2030 4067 donationis
2086 4034 2221 4066 causa
2275 4023 2484 4067 collatum
2538 4022 2815 4078 emancipato
2873 4021 2966 4067 filio

1622 4078 1842 4123 communi
1873 4077 2176 4122 consentiente
2207 4078 2384 4122 domino
2416 4078 2608 4130 donavit,
2647 4078 2769 4122 velut
2801 4090 2855 4121 ex
2884 4078 2964 4122 bo-

1621 4134 1688 4178 nis
1717 4134 1881 4191 patris,
1920 4134 1974 4178 de
2015 4134 2139 4178 cuius
2171 4134 2421 4179 substantia
2448 4134 2717 4191 prohibente
2739 4133 2964 4179 matrimo-

2198 4276 2274 4328 (ιο)
2304 4296 2358 4311 --.
2397 4275 2488 4316 Vas.
2519 4283 2612 4316 282:
2645 4275 2764 4329 {unqe
2792 4275 2831 4325 8,
2857 4282 2916 4329 5³,
2942 4283 2964 4318 ⁶

1620 4333 1687 4382 (11)
1704 4331 1944 4385 calpurniac
1960 4332 2231 4373 aristaenctae
2259 4333 2362 4383 Van,
2392 4330 2586 4370 arietinae
2603 4330 2746 4372 SPCH
2804 4331 2877 4383 (12)
2893 4343 2964 4384 pp.

1620 4399 1688 4427 1111
1729 4389 1830 4436 Vat„
1857 4386 1897 4428 d.
1925 4399 1971 4427 vi
1997 4387 2114 4436 Hal„
2146 4387 2187 4427 vi
2218 4389 2259 4428 P
2352 4386 2424 4437 (13)
2449 4385 2715 4427 Nicomediae
2741 4387 2963 4428 Mommsen

1620 4444 1692 4495 (14)
1709 4445 1767 4484 sic
1782 4443 1824 4493 C,
1841 4443 2064 4484 revertitur
2076 4442 2147 4483 PR
2190 4445 2264 4497 (15)
2281 4455 2327 4482 vl
2343 4443 2388 4492 P,
2405 4456 2477 4482 om.
2490 4442 2588 4483 Hal.
2635 4443 2711 4495 (16)
2724 4442 2962 4484 =Vat.2so

1621 4499 1695 4549 (17)
1726 4497 1887 4540 aurelio
1911 4499 2016 4549 Vas,
2049 4514 2121 4540 om.
2140 4500 2236 4541 libri
2318 4499 2390 4548 (18)
2422 4497 2604 4538 anniano
2630 4498 2719 4539 Vat.
2806 4497 2883 4550 (19)
2904 4498 2964 4539 sic

1622 4553 1721 4593 Hal.
1750 4556 1797 4606 P,
1827 4554 1910 4595 dat.
1939 4553 2193 4596 nicomediae
2221 4566 2251 4595 v
2280 4564 2377 4595 non.
2408 4554 2525 4593 mart.
2558 4552 2745 4606 augustis
2774 4566 2826 4594 iii
2857 4554 2898 4594 et
2923 4563 2959 4592 11

1621 4620 1749 4647 conss.
1790 4610 1879 4651 Vat.
2412 4625 2420 4632 ·
