3138 4776
181 132 258 173 DE
294 131 382 169 ms
418 130 512 178 qm
548 132 624 169 AD
660 127 949 169 Eccnmsms
987 127 1148 168 CONF.

768 307 770 309 ,
781 267 905 317 XII.¹

185 353 259 394 DE
297 352 391 393 HIS
431 352 530 398 QUI
559 352 634 392 AD
674 347 976 390 EchESIAs
1007 348 1370 391 CONFUGIUNT
1398 347 1512 390 VEL

596 406 680 446 1131
705 403 1056 446 EXGLAMANT
1067 404 1099 446 2.

243 488 265 534 1
301 487 464 547 ³lmpp.
510 487 731 532 Arcadius
774 489 819 530 et
867 483 1100 528 Honorius
1150 486 1241 530 ΛΑ.
1292 482 1511 530 Archelao

181 545 418 603 praefecto
457 541 707 601 Auqustali.
770 539 941 592 Iudaei,
983 541 1056 595 qui
1093 547 1220 585 reatu
1259 542 1408 596 aliquo
1444 537 1512 581 vel

185 599 340 644 debitis
394 598 566 655 fatigati
604 596 819 649 ,simulant
870 608 918 639 se
961 595 1233 641 Christianae
1278 596 1363 651 legi
1404 593 1514 638 velle

184 655 402 711 coniungi,
432 663 482 698 ut
509 653 565 697 ad
593 651 800 696 ecclesias
829 650 1128 706 confugientes
1158 652 1320 696 evitare
1342 648 1514 706 possint

184 710 368 755 crimina
396 711 465 754 vel
493 707 685 765 pondera
713 705 980 759 debitorum,
1020 711 1256 751 arceantur
1293 719 1374 750 nec
1412 707 1514 748 ante

185 766 506 822 suscipiantur,
543 775 674 818 quam
711 762 859 805 debita
897 762 1100 806 universa
1145 762 1412 807 reddiderint
1446 757 1514 801 vel

183 820 349 866 fuerint
361 818 609 864 innocentia
623 817 920 861 demonstrata
942 818 1131 873 purgati.
1183 818 1238 862 D.
1265 829 1338 861 XV
1358 815 1401 859 lc.
1425 812 1510 858 Iul.

188 872 575 932 Constantinopoli
604 871 814 916 Caesario
843 877 888 916 et
914 873 1063 916 Attico
1093 887 1237 917 conss.
1327 872 1384 928 [a.
1416 866 1513 923 397]

241 929 273 978 2
305 929 466 988 ⁴Impp.
504 926 738 972 Honorius
774 933 819 972 et
857 927 1132 972 Theodosius
1160 930 1250 972 AA.
1282 926 1409 971 Iovio
1429 936 1512 1021 pp·

186 985 326 1031 Fideli
353 997 407 1028 ac
435 983 621 1028 devota⁵
659 984 968 1039 praeceptione
1007 984 1228 1027 sancimus
1265 979 1426 1027 nemini
1478 991 1513 1021 ι·

185 1053 284 1086 cere
323 1039 382 1084 ad
422 1041 732 1084 sacrosanctas
776 1039 987 1083 ecclesias
1033 1039 1332 1095 confugientes
1375 1033 1512 1079 abdu-

184 1108 304 1141 cere:
342 1095 424 1140 sub
461 1095 546 1138 hac
573 1094 775 1138 videlicet
811 1094 1075 1148 definitione,
1114 1097 1177 1148 ut,
1218 1095 1256 1138 si
1287 1092 1514 1149 quisquam

183 1155 338 1196 contra
371 1149 486 1194 hanc
522 1149 661 1204 legem
696 1150 842 1193 venire
884 1155 971 1194 tem
1004 1151 1184 1202 taverit‚
1223 1149 1337 1194 sciat
1372 1158 1420 1190 se
1457 1142 1514 1187 ad

180 1205 422 1251 maiestatis
449 1204 613 1249 crimen
627 1207 645 1230 ⁶
667 1218 764 1250 esse
787 1165 1075 1250 retinendum.
1123 1205 1177 1248 D.
1197 1203 1239 1248 k.
1264 1202 1407 1262 April.
1424 1199 1514 1244 Ra-

180 1274 350 1307 vennae
362 1260 568 1305 Honorio
589 1261 982 1305 r111etTheodosio
996 1262 1160 1304 ΙιιΑΑ.
1174 1273 1316 1303 conss.
1348 1258 1405 1314 [a.
1417 1254 1516 1334 4092

237 1313 268 1364 3
299 1311 650 1374 Ἀῦτοκράτορες
666 1313 898 1359 Θεοδόσιος
920 1320 992 1358 καὶ
1010 1312 1373 1360 Οὐαλεντινιανὸς
1386 1313 1494 1354 ΑΛ.

178 1368 390 1426 Ἀντιόχῳ
445 1368 907 1429 μεγαλοπρεπεστάτῳ
965 1369 1142 1430 ἐπάρχῳ
1206 1373 1280 1412 καὶ
1342 1363 1513 1431 ὑπάτῳ.

177 1424 536 1497 ᾈνεοξχθωσανθ
561 1430 653 1493 τοῖς
667 1424 861 1496 δεδιόσιν
885 1426 931 1469 οἷ
955 1430 1056 1494 νἀοἱ
1077 1427 1157 1468 τοῦ
1164 1420 1365 1498 ,μεγάλρυ
1381 1422 1491 1489 θεον
1504 1434 1514 1443 ·

180 1499 259 1582 Ζῖῑ,
267 1483 1067 1597 γῖραωμῗῖὸτῖεῗξὲἶώῖἵίαἷῖᾆῖῖῖ
1095 1491 1517 1593 ,ἶέἑιέἕκῇυἶῖᾈῖξῗεῗ

178 1609 318 1650 μονον
355 1594 415 1635 εἰς
450 1589 510 1635 άσ
543 1588 697 1634 άλειαν
741 1590 966 1635 συντελεῖν
1005 1592 1102 1632 τῶν
1139 1584 1517 1647 προσφευγόντων

180 1649 468 1703 θεσπίζομεν,
496 1645 596 1689 αλλ’
629 1647 674 1688 εἴ
692 1664 737 1688 τι
766 1651 838 1688 καὶ
865 1649 1114 1704 περαιτέρω
1135 1642 1293 1686 τούτου
1313 1640 1517 1701 τυγχάνει

178 1702 278 1763 ἄχρι
319 1703 415 1746 τῶν
456 1701 725 1744 τελευταίων
754 1703 913 1759 θυρῶν
948 1702 1024 1754 τῆς
1067 1698 1292 1752 ἐκκλησίας
1307 1701 1351 1749 ¹¹,
1395 1696 1516 1761 ἐλέου

177 1756 335 1814 βωμὸν
362 1761 452 1800 τοῖς
486 1758 818 1814 προσφυγοῦσιν
845 1756 960 1798 εἶναι
999 1752 1358 1814 προστάττομεν,
1399 1749 1516 1795 ὥστε

177 1811 340 1869 μεταξὺ
381 1813 462 1855 τοῦ
495 1814 630 1863 ναοῦ,
667 1809 722 1853 ὃν
759 1813 825 1865 τῷ
862 1814 1169 1870 προειρημένῳ
1199 1806 1356 1869 τρόπῳ
1396 1823 1514 1866 περι·

177 1865 438 1927 πεφράχθαι
467 1864 779 1925 διεγράψαμεν,
813 1870 886 1908 καὶ
914 1868 1011 1909 τῶν
1039 1883 1074 1909 π
1104 1862 1240 1908 ὤτων
1266 1863 1380 1922 μετὰ
1416 1862 1518 1907 τοὺς

176 1921 409 1976 δημοσίους
442 1920 604 1965 τόπους
641 1924 716 1976 τῆς
729 1924 761 1949 ¹²
799 1921 1024 1990 ἐκκλησίας
1159 1923 1226 1964 ὢν
1262 1920 1321 1964 τὰ
1355 1935 1516 1979 παρεγ-

175 1979 407 2034 κείμεναῦ,
436 1978 524 2021 εἴτε
553 1980 602 2020 ἐν
629 1979 784 2029 οἰκίαις
811 1975 839 2031 ἢ
866 1992 1020 2031 κηποις
1044 1974 1071 2031 ἢ
1098 1975 1248 2019 αυλαῖς
1270 1972 1298 2030 ἢ
1323 1975 1518 2035 λουτροῖς

175 2031 203 2101 ἢ
231 2036 281 2076 ἐν
310 2037 459 2076 στοαῖς
485 2030 702 2090 τυγχάνει,
724 2032 826 2075 τοὺς
853 2030 1084 2076 εἰσδύντας
1111 2029 1370 2091 πρόσφυγας
1399 2028 1512 2074 καθ’

173 2086 414 2146 ομοιότητα
441 2090 520 2131 τοῦ
539 2090 570 2116 ¹⁴¹
598 2090 708 2131 ναοῦ
723 2085 980 2143 φυλάττειν·
1010 2092 1084 2132 καὶ
1100 2087 1272 2144 μηδένα
1295 2085 1469 2131 τούτοις
1485 2089 1518 2114 ¹⁵

177 2143 420 2202 ἱεροσύλους
449 2141 703 2200 ἐπιβάλλειν
729 2149 886 2204 χεῖρας,
923 2146 998 2187 ἵνα
1030 2142 1093 2200 μὴ
1120 2141 1144 2187 ὁ
1175 2145 1307 2187 τοῦτο
1335 2142 1519 2199 τολμῶν

179 2286 230 2336 (1)
263 2284 304 2325 Β
332 2286 370 2335 1,
393 2293 424 2333 1,
448 2293 506 2326 ‹18⁴
537 2287 576 2336 5,
600 2295 630 2335 1,
653 2293 689 2326 11
713 2300 821 2338 seqq.
956 2286 1011 2335 (2)
1039 2284 1104 2324 vel
1135 2283 1194 2324 ibi
1224 2283 1341 2335 excl.]
1372 2286 1413 2324 et
1437 2283 1519 2324 cla-

179 2339 361 2380 moribus
374 2339 436 2380 ibi
450 2342 627 2380 utuntur
647 2341 775 2381 Consi.
843 2341 898 2392 (3)
913 2360 968 2375 ==
988 2341 1061 2381 171.
1078 2342 1117 2391 9,
1134 2348 1191 2391 45,
1208 2348 1229 2380 2
1301 2341 1356 2391 (4)
1372 2360 1428 2375 ==
1448 2340 1519 2380 Th.

185 2396 248 2446 16,
266 2404 302 2446 s,
318 2403 383 2436 19:
412 2397 531 2450 iunye
563 2398 599 2443 1,
615 2404 709 2447 9,12
739 2404 776 2436 et
809 2396 882 2436 Th.
899 2396 938 2444 2,
957 2405 992 2446 s,
1010 2404 1054 2436 25
1167 2396 1221 2446 (5)
1252 2394 1328 2435 deo
1350 2398 1425 2436 ins.
1446 2395 1519 2435 Th.

181 2453 236 2502 (6)
277 2449 329 2490 ad
357 2450 452 2492 mai.
481 2450 635 2491 crimen
669 2451 756 2502 Th,
793 2450 889 2490 mai.
919 2450 1074 2491 crimen
1104 2450 1298 2504 Greyorii
1317 2451 1379 2490 M.
1406 2452 1518 2502 epist.

185 2508 248 2558 13,
264 2515 322 2557 «15,
346 2505 440 2546 mai.
455 2506 626 2546 crimine
641 2506 777 2547 Ambr.
799 2506 842 2555 0,
860 2506 954 2546 mai.
971 2506 1157 2546 criminis
1174 2507 1213 2546 R
1301 2508 1353 2556 (7)
1369 2526 1425 2541 =
1445 2506 1516 2545 Th.

170 2563 223 2614 ’9,
252 2570 310 2613 45,
331 2570 367 2613 4,
395 2563 467 2602 obi
493 2562 683 2603 Latinum
712 2562 925 2615 exemplum
949 2563 1175 2614 praecedit:
1219 2568 1239 2610 §
1266 2571 1286 2603 3
1318 2571 1376 2603 est
1404 2562 1519 2602 etiam

183 2619 224 2659 in
247 2617 410 2659 Nomoc.
441 2617 481 2667 9,
512 2625 576 2659 27:
621 2619 778 2671 inteqra
817 2619 1039 2658 constitutio
1070 2619 1143 2670 (Ξ
1164 2617 1290 2671 ΕρΙι.)
1330 2625 1439 2658 eistat
1478 2617 1518 2656 in

183 2673 285 2714 actis
310 2673 457 2727 synodi
482 2672 712 2738 Ephe-sinae
742 2671 904 2726 (Mansi
930 2675 968 2721 5,
999 2680 1083 2724 437}
1224 2674 1279 2724 (8)
1311 2667 1519 2737 αὐτοκρά-

179 2727 882 2849 {2554‚:;,;{{42532²3⁸²22233¹¹¹03122
902 2729 1332 2824 tearum-02³5:
1367 2728 1522 2834 ιξθὲῗΐ

181 2840 259 2891 (ιο)
287 2835 339 2879 τὸ
369 2834 596 2895 ευκτήριον
622 2838 701 2879 τοῦ
737 2834 842 2879 λαοῦ
868 2839 1000 2891 ΕρΙι.,
1040 2835 1122 2879 τὸν
1151 2833 1381 2905 εὖξτήριον
1407 2833 1521 2878 ναόν

186 2894 271 2942 Th„
301 2894 526 2934 oratorium
553 2893 697 2946 templi
727 2910 803 2935 rec.
835 2894 930 2936 Lat.
1084 2897 1148 2943 (11)
1184 2910 1251 2935 ων
1277 2895 1368 2935 τοῖς
1396 2889 1518 2942 miffa-

181 2947 300 2994 σθαι,
334 2951 652 3007 προῃρημένοις
685 2949 871 3007 πρῶτον
899 2949 1149 3003 ἐπιβαίνειν
1177 2953 1413 3004 συμβαίνει
1445 2951 1520 2990 ins.

183 3005 290 3058 pr.
323 3020 407 3046 cum
436 3007 662 3046 recensione
690 3006 869 3047 Latina:
909 3018 1010 3057 quas
1047 3008 1208 3046 oratum
1239 3006 1420 3058 gestiens
1446 3018 1520 3058 po-

181 3059 306 3113 pulus
331 3060 490 3112 primus
516 3060 750 3113 ingreditur
836 3062 909 3112 (12)
931 3055 1055 3118 ἁγίας
1081 3065 1155 3103 ins.
1182 3062 1290 3115 Eph.
1375 3063 1448 3112 (13)
1469 3055 1521 3101 ὃν

182 3114 249 3168 τῷ
278 3117 582 3173 προειρημένῳ
612 3145 624 3156 .
641 3147 651 3157 .
667 3145 678 3156 .
707 3114 764 3156 τὰ
790 3119 1129 3172 παρεγκείμενα]
1159 3131 1212 3157 ον
1225 3131 1292 3157 τω
1319 3131 1519 3174 προειση-

183 3184 304 3223 μενω
332 3183 487 3227 τροπω
516 3170 885 3228 περιπεφρασθαι
922 3168 1225 3240 διεγράψαμεν
1253 3186 1408 3230 τροπω
1445 3157 1519 3213 πε·

184 3223 502 3282 ριπεφραφθαι
530 3221 833 3282 διεγραψαμεν
863 3230 1032 3284 (τροπω
1055 3240 1103 3268 π.
1125 3226 1425 3283 διεγράψαμεν
1443 3227 1517 3268 del.

185 3295 324 3322 manus
348 3282 497 3333 prima)
527 3294 641 3322 τωιν
670 3295 770 3338 αχρι
796 3295 893 3322 των
920 3295 1104 3336 πρωτον
1121 3296 1236 3335 μετα

1265 3312 1277 3323 .
1294 3312 1305 3323 .
1321 3311 1332 3322 .
1361 3281 1522 3336 θυρων

243 3438 274 3489 3
314 3441 459 3502 Impp.
503 3442 778 3488 Tkeodosius
814 3449 860 3488 et
905 3443 1246 3488 Valentinianus
1282 3445 1374 3488 ΛΑ.
1432 3447 1522 3488 An-

189 3497 338 3542 tiocho
367 3499 804 3557 maqnificentissimo
833 3500 1080 3564 praefecto
1119 3505 1164 3544 et
1191 3499 1374 3544 consuli.
1433 3499 1523 3544 Pa-

189 3559 312 3598 teant
337 3554 490 3612 maqni
517 3554 590 3599 dei
620 3555 781 3614 templa
812 3554 1087 3599 timentibus:
1123 3569 1216 3599 non
1244 3555 1361 3599 enim
1388 3568 1524 3600 sacra

187 3609 355 3653 altaria
381 3609 481 3653 sola
509 3615 554 3654 et
584 3610 833 3654 oratorium
857 3610 1020 3669 templi,
1080 3611 1173 3655 uod
1194 3610 1523 3676 quadripertito

182 3665 409 3724 parietum
449 3671 609 3724 saeptu
651 3667 843 3711 cinctum
885 3672 971 3719 est,
1014 3680 1044 3710 a
1105 3667 1334 3710 tuitionem
1363 3667 1524 3723 confu-

187 3719 402 3778 qientium
440 3721 666 3764 sancimus
707 3735 802 3766 esse
875 3723 1103 3780 roposita‚
1144 3722 1227 3767 sed
1261 3727 1306 3766 et
1341 3722 1383 3765 si
1418 3721 1527 3779 quid

188 3775 312 3819 ultra
339 3773 425 3819 hoc
452 3781 584 3820 extat
608 3790 749 3834 usque
868 3782 1096 3822 extremas
1129 3778 1263 3834 fores
1299 3777 1523 3829 ecclesiae,

189 3829 554 3894 confugientibus
595 3844 723 3876 aram
763 3833 926 3877 salutis
967 3846 1061 3877 esse
1093 3832 1422 3891 praecipimus,
1474 3837 1525 3876 ut

189 3885 317 3950 quod
348 3890 466 3950 inter
502 3886 730 3950 templum,
767 3887 891 3951 quod
908 3888 1147 3946 praedicto
1176 3888 1525 3953 modotcircum-

188 3947 972 4061 {tttssutttttttutwm
1019 3944 1527 4044 {emittam

193 4052 248 4116 lis
271 4065 368 4115 swe-
382 4065 431 4094 in
452 4052 584 4096 atriis
607 4052 699 4097 sive
717 4052 766 4095 in
780 4051 950 4117 balneis
971 4054 1063 4098 sive
1087 4055 1135 4098 in
1141 4054 1397 4112 porticibus
1420 4067 1524 4099 con·

189 4111 335 4159 sistat,
349 4120 578 4164 mqressos
591 4107 819 4165 confuqas
831 4109 1114 4164 (interioris)
1131 4109 1281 4168 templi
1295 4110 1390 4155 vice
1402 4115 1524 4154 tuea-

194 4168 290 4206 tur:
318 4176 403 4206 neu
424 4163 663 4220 quisquam
682 4161 752 4207 his
764 4163 1012 4222 sacrileqas
1034 4177 1192 4208 manus
1218 4165 1440 4217 immittat,
1470 4179 1526 4210 ne

193 4218 271 4275 qui
286 4216 371 4261 hoc
386 4231 524 4261 ausus
536 4218 609 4271 sit,
640 4232 739 4262 cum
762 4232 810 4262 se
834 4219 980 4276 ipsum
1007 4219 1056 4262 in
1084 4219 1338 4264 discrimine
1364 4220 1525 4273 videat,

198 4277 215 4315 1
276 4278 322 4317 et
355 4273 452 4331 ipse
486 4273 548 4317 ad
583 4273 879 4339 expetendam
917 4287 1045 4331 opem
1073 4275 1324 4332 consuqiat.
1394 4275 1526 4319 Hanc

195 4333 341 4372 autem
385 4329 523 4386 spatii
564 4329 842 4373 latitudinem
881 4327 982 4373 ideo
1025 4329 1307 4383 indulsimus,
1356 4344 1413 4374 ne
1455 4331 1526 4374 cui

196 4385 498 4441 confuqarum
538 4385 586 4428 in
629 4384 701 4429 dei
744 4383 905 4483 templo
942 4383 1012 4447 υεῑ
1044 4385 1094 4428 in
1128 4385 1273 4429 sacris
1308 4385 1527 4430 altaribus

196 4450 374 4482 manere
420 4438 490 4482 vel
537 4440 654 4484 vesci
704 4440 774 4484 vel
846 4452 1011 4483 ormire
1058 4439 1128 4485 vel
1164 4446 1434 4499 pernoctare
1474 4441 1526 4485 li-

197 4497 317 4536 ceat:
353 4492 526 4538 clericis
561 4495 795 4553 reliqionis
826 4494 978 4551 qratia
1012 4493 1098 4539 Ῐιοσ
1129 4494 1392 4548 vetantibus,
1422 4509 1526 4540 con-

203 4550 254 4590 la
306 4547 437 4605 fuqis
448 4550 635 4607 pietatis
653 4563 791 4594 causa
814 4549 863 4593 id
874 4549 1162 4595 servantibus.
1186 4550 1325 4594 Arma
1348 4564 1528 4608 quoque

320 4628 362 4662 u.

1526 108 1593 168 65
2798 115 2820 164 Ι
2864 118 2923 164 12

1596 266 1643 304 ἐν
1674 263 1913 320 συμφοραῖς
1940 257 2098 300 ἑαυτὸν
2128 258 2325 302 ἰδώνκαί
2346 253 2479 300 αὐτὸς
2503 258 2691 306 ἐξαιτῶν
2705 259 2925 316 βοήθειαν

1600 325 1619 361 1
1678 311 1852 374 καταφύ
1882 330 1923 372 ῃ.
1997 314 2131 356 Τοῦτο
2171 313 2220 357 δὲ
2261 317 2359 358 τῶν
2400 311 2717 367 διαστημάτων
2763 315 2926 361 πλάτος

1595 371 1670 415 διὰ
1706 374 1840 416 τοῦτο
1871 372 1889 398 ⁶
1927 369 2314 427 συνεχωρήσαμεν,
2353 370 2428 411 ἵνα
2455 363 2516 420 μή
2550 383 2641 408 τινι
2668 372 2763 411 τῶν
2792 388 2924 426 προσ·

1595 425 1854 487 φευγόντων
1896 426 1945 466 ἐν
1987 425 2054 477 τῷ
2097 426 2174 466 τοῦ
2219 427 2330 468 θεοῦ
2372 424 2472 477 ναῷ
2514 419 2542 476 ἢ
2584 424 2635 463 ἐν
2668 429 2757 466 τοῖς
2793 424 2927 482 ἄμης

1598 483 1929 548 θυσιαστηρίοις
1954 482 2107 533 μένειν
2135 477 2161 533 ἣ
2190 475 2411 532 ἐσθίεινῆ
2440 473 2681 521 καθεύδειν
2711 476 2736 530 ἢ
2765 495 2926 522 παννυ-

1594 540 1732 589 χίζειν
1769 538 1865 595 ἐξῃ,
1902 536 2000 577 τῶν
2035 537 2119 588 μὲν
2156 534 2375 593 κληρικῶν
2411 535 2488 587 τῆς
2523 533 2764 591 θρησκείας
2806 534 2930 591 χάριν
3001 560 3004 562 v

1594 594 1725 634 τοῦτο
1760 586 2051 640 κωλυόντων,
2091 591 2187 632 τῶν
2223 588 2497 649 προσφύγων
2527 586 2576 630 δὲ
2608 589 2684 640 τῆς
2714 585 2932 641 εὐσεβείας

1599 653 1652 689 la
1708 649 1836 688 ἕνεκα
1878 642 2211 702 φυλαττόντων.
2275 642 2421 687 ’Όπλα
2462 642 2514 686 δὲ
2554 639 2582 696 ἢ
2618 645 2668 683 ἐν
2706 639 2872 699 σιδήρῳ
2907 642 2932 694 ἢ

1595 703 1645 743 ἐν
1702 702 1838 759 ἑτέρῳ
1896 699 2001 743 εἴδει
2057 698 2368 758 οἷμυντηρίου17
2424 697 2522 742 τούς
2579 694 2934 755 προσφεύγοντας

1594 753 1799 810 οὐδαμῶς
1834 757 1948 807 ἐχειν
1987 753 2013 809 ἢ
2055 756 2351 824 ἐπιφέρεσθαι
2391 752 2515 796 ἐντὸς
2551 754 2627 805 τῆς
2643 753 2676 778 ¹⁸
2712 751 2934 804 ἐκκλησίας

1596 809 1945 869 προστάττομεν,
1999 807 2049 852 οὗ
2091 826 2233 864 μονον
2275 812 2322 850 ἐκ
2364 809 2461 850 τῶν
2503 808 2651 849 θείων
2693 809 2820 848 ναῶν
2863 811 2936 848 καὶ

1598 867 1956 922 θυσιαστηρίων,
1998 863 2055 907 ὠς
2093 864 2150 906 τὰ
2179 861 2324 913 λοιπά,
2364 864 2507 903 ταῦτα
2537 858 2792 912 κωλύοντες,
2830 858 2937 903 ἀλλὰ

1595 923 1669 963 καὶ
1706 920 1804 962 ’τῶν
1831 918 2086 973 οἰκημάτων
2113 923 2187 960 καὶ
2227 916 2416 960 διαιτῶν
2444 921 2516 958 καὶ
2547 915 2703 970 κήπων
2731 921 2804 959 καὶ
2844 916 2936 958 λου-

1596 980 1621 1019 2
1678 975 1803 1030 τρῶν
1845 977 1918 1014 καὶ
1959 971 2122 1016 αὐλῶν.
2149 976 2224 1014 καὶ
2263 973 2425 1014 στοῶν.
2501 971 2604 1014 Τούς
2643 977 2796 1014 τοίνυν
2839 969 2937 1024 δίχα

1595 1027 1752 1073 ὅπλων
1780 1030 1849 1082 τῷ
1890 1026 2003 1086 ἁγίῳ
2046 1029 2153 1081 οἴκῳ
2197 1029 2277 1070 τοῦ
2315 1028 2426 1070 θεοῦ
2468 1031 2541 1069 καὶ
2578 1029 2637 1070 εἰς
2674 1027 2725 1070 τὸ
2765 1023 2892 1085 ἅγιον
2909 1029 2939 1052 ¹⁹

1598 1081 1922 1143 θυσιαστήριον
1947 1086 1996 1126 ἐν
2020 1080 2271 1137 οἱῳδήποτε
2301 1083 2430 1125 ἔθνει
2460 1078 2486 1135 ἢ
2519 1082 2632 1125 κατὰ
2661 1082 2832 1136 ταύτην
2858 1081 2940 1135 τὴν

1597 1137 1731 1184 πόλιν
1773 1137 2133 1198 προσφεύγοντας
2173 1138 2346 1181 ὑπνοῖιν
2389 1140 2439 1179 ἐν
2481 1140 2548 1192 τῷ
2591 1140 2690 1193 ναῷ
2731 1137 2830 1192 ἢτοι
2872 1139 2938 1191 τῷ

1602 1197 1910 1252 θυσιαστηρίῳ
1953 1198 2027 1236 καὶ
2066 1195 2231 1254 τροφῆς
2272 1192 2637 1249 μεταλαμβάνειν
2679 1193 2803 1252 παρὰ
2845 1195 2941 1236 τῶν

1598 1251 1817 1310 κληρικῶν
1868 1247 2078 1308 προσήκει
2129 1246 2385 1292 κωλύεσθαι
2437 1246 2559 1292 ἐκτός
2599 1264 2720 1293 τινος
2761 1246 2940 1306 ὕβρεως,

1598 1304 1872 1350 δεικνύντων
1912 1305 1970 1349 τὰ
2022 1303 2302 1360 διαστήματα
2347 1307 2397 1347 ἐν
2440 1309 2530 1347 τοῖς
2572 1304 2943 1358 ἐκκλησιαστικοῖς

1599 1359 1849 1421 περιβόλοις
1891 1359 1967 1404 διὰ
2008 1359 2092 1415 τὴν
2133 1363 2229 1404 τῶν
2274 1358 2549 1420 προσφύγων
2582 1358 2831 1418 ἀσφάλειαν
2870 1363 2942 1401 καὶ

1600 1415 1677 1472 ἡσυ
1706 1423 1779 1461 ίαν
1818 1414 2129 1475 ἀφορισθέντα
2167 1420 2240 1458 καὶ
2280 1414 2589 1459 διδασκόντων
2627 1421 2849 1473 τιμωρίαν
2877 1432 2941 1457 κε·

1599 1490 1662 1531 φα
1691 1473 1789 1528 ικὴν
1831 1471 1944 1516 κατὰ
1985 1475 2083 1516 τῶν
2122 1474 2359 1531 προπετῶς
2395 1469 2621 1515 ἐπιόντων
2658 1470 2806 1514 αὐτοῖς
2843 1468 2942 1527 ὠρί-

1599 1530 1727 1572 σθαι.
1785 1528 1848 1572 οἷς
1875 1525 1899 1571 ὁ
1930 1525 2138 1586 πρόσφυξ
2162 1529 2200 1569 εἰ
2222 1527 2284 1583 μὴ
2307 1529 2474 1579 πείθει,
2503 1525 2606 1570 τότε
2641 1524 2942 1587 προτιμάσθω

1599 1587 1675 1639 τῆς
1718 1583 2117 1642 φιλανθρωπίας20
2160 1580 2187 1637 ἡ
2224 1584 2444 1641 θρησκεία
2483 1587 2556 1626 καὶ
2596 1586 2644 1626 ἐκ
2672 1586 2768 1626 τῶν
2797 1584 2944 1625 θείων

1600 1642 1659 1682 εἰς
1696 1639 1796 1682 τοὺς
1839 1639 2171 1697 προλεχθέντας
2209 1637 2373 1682 τόπους
2409 1640 2675 1696 χωριζέσθω
2709 1635 2736 1693 ἡ
2772 1636 2942 1698 θρασύ-

1601 1701 1625 1739 3
1682 1710 1771 1749 της.
1834 1695 1956 1739 ’Τοὺς
1999 1694 2049 1739 δὲ
2089 1694 2203 1751 μετὰ
2246 1692 2403 1738 ὅπλων
2440 1696 2518 1738 τὰς
2556 1692 2682 1761 ἁγίας
2720 1694 2945 1748 ἐκκλησίας

1599 1750 2027 1807 καταλαμβάνοντας
2055 1755 2397 1809 προηγουμένως
2463 1753 2513 1793 ἐν
2539 1768 2600 1807 μη
2640 1754 2785 1794 ποιεῖν
2813 1752 2944 1793 τοῦτο

1599 1804 2013 1863 ὖπομιμνὴσκομεν·
2056 1807 2134 1850 ἐὰν
2164 1808 2213 1850 δὲ
2254 1810 2304 1849 ἐν
2332 1807 2412 1860 οἱῳ
2444 1804 2582 1861 ἦποτε
2617 1804 2746 1859 τόπῳ
2777 1808 2852 1860 τῆς
2881 1808 2945 1847 ἐκ·

1600 1861 1777 1917 κλησίας
1812 1860 1840 1917 ἢ
1878 1862 2002 1907 ἐντὸς
2036 1865 2116 1906 τοῦ
2144 1864 2256 1906 ναοῦ
2285 1859 2313 1916 ἢ
2341 1867 2444 1921 περὶ
2473 1862 2554 1905 τὸν
2582 1861 2694 1906 ναὸν
2722 1860 2749 1915 ἢ
2779 1866 2852 1903 καὶ
2882 1864 2944 1904 ἐκ·

1601 1918 1674 1962 τὸς
1702 1915 1862 1961 τούτου
1877 1917 2170 1977 τυγχάνωσιν,
2201 1921 2470 1977 παραχρῆμα
2497 1918 2554 1961 τὰ
2582 1914 2702 1962 ὅπλα
2724 1915 2948 1970 αὖθεντίᾳ

1601 1975 1680 2017 τοῦ
1721 1972 1967 2018 ἐπισκόπου
2008 1974 2131 2032 παρὰ
2166 1972 2322 2031 μόνων
2358 1976 2455 2018 τῶν
2484 1973 2704 2033 κληρικῶν
2735 1970 2947 2031 αὐστηρό-

1601 2031 1775 2073 τεοον21
1814 2027 1901 2073 ἀνα
1930 2033 2194 2086 καζομένους
2235 2027 2551 2074 ἀποτίθεσθαι
2595 2026 2946 2089 προστάττομεν,

1603 2073 1701 2129 διδο
1737 2090 1836 2141 ε’νης
1865 2091 2011 2130 αυτοῖς
2040 2084 2217 2130 ἐλπίδος
2245 2090 2318 2128 καὶ
2347 2082 2478 2146 ὅρκου
2489 2087 2540 2132 ²²,
2560 2082 2618 2128 ὠς
2645 2087 2700 2145 τῇ
2731 2086 2949 2143 θρησκεία

1602 2141 1692 2197 μῖιλ
1810 2139 1837 2196 ἢ
1876 2144 1933 2203 τῇ
1971 2145 2069 2185 τῶν
2104 2138 2263 2186 ὅπλων
2298 2144 2530 2200 ἐπικουρίᾳ
2563 2139 2948 2200 ὀχυρωθήσονται.

1605 2296 1897 2341 παρερκειμεν
1942 2285 2304 2340 (παρεγκειμενον
2347 2299 2487 2324 manus
2525 2285 2713 2326 secunda)
2758 2284 2855 2333 ΤΙι.,
2900 2284 2950 2323 ἑν

1603 2338 1670 2390 τῷ
1715 2334 2020 2395 πρόειρημένῳ
2063 2335 2191 2390 τόπῳ
2236 2339 2486 2395 προσφυγὲς
2530 2335 2832 2396 διεγράψαμεν
2874 2340 2948 2379 καὶ

1603 2393 1701 2434 τῶν
1727 2388 1929 2451 πρώτων
1956 2391 2068 2447 μετὰ
2099 2424 2109 2435 .
2126 2424 2136 2435 .
2155 2424 2164 2435 .
2195 2392 2357 2451 θυρῶν
2385 2393 2441 2434 τὰ
2471 2397 2801 2451 περιεγκείμενα
2816 2395 2947 2447 Eph..·

1603 2452 1652 2488 ut
1679 2449 1788 2489 inter
1824 2449 2043 2501 templum,
2080 2450 2190 2501 quod
2227 2451 2433 2502 parietum
2471 2450 2755 2501 descripsimus
2794 2450 2947 2500 cinctu,

1604 2508 1645 2544 et
1684 2508 1775 2556 post
1816 2505 1907 2545 loca
1947 2505 2114 2557 publica
2151 2505 2296 2545 ianuas
2333 2506 2486 2557 primas
2524 2504 2716 2546 ecclesiae
2745 2504 2947 2557 quidquid

1605 2561 1731 2600 fuerit
1759 2561 2007 2600 interiacens
2035 2576 2111 2601 rec.
2144 2561 2238 2601 Lat.

1605 2616 1754 2669 Ephes.
1787 2625 1825 2657 et
1852 2631 1928 2657 rec.
1960 2617 2055 2658 Lat.

2383 2562 2455 2613 (14)
2486 2556 2726 2601 ἐνδοτάτου
2756 2564 2828 2602 ins.
2863 2577 2946 2602 cum

2171 2620 2243 2667 (15)
2274 2615 2462 2666 τούτοις]
2493 2616 2553 2656 εἰς
2581 2613 2633 2657 τὸ
2664 2614 2948 2664 ἐξωθεῖσθαι

1603 2665 1783 2712 τούτους
1797 2671 1904 2725 ΕρῘι.
1927 2687 2011 2713 cum
2026 2688 2104 2713 rec.
2122 2673 2243 2713 Lat„-
2274 2672 2326 2711 ad
2350 2671 2621 2712 extrahendos
2647 2685 2713 2712 eos
2783 2674 2858 2723 (16)
2875 2667 2948 2713 διὰ

1602 2727 1752 2777 τοῦτο]
1784 2728 1834 2767 έν
1862 2726 2003 2784 καιρῷ
2028 2727 2107 2768 τοῦ
2134 2723 2276 2782 φόβου
2302 2726 2361 2768 εἰς
2379 2723 2534 2768 ἄδειαν
2549 2727 2628 2768 τοῦ
2645 2723 2827 2784 διάγειν,
2842 2724 2947 2782 μᾶλ·

1605 2779 1684 2822 λον
1711 2778 1762 2823 δὲ
1784 2782 1864 2823 τοῦ
1889 2786 2182 2839 περινοστεῖν,
2225 2778 2569 2839 φιλανθρώπως
2597 2783 2706 2836 Ερῆ.
2792 2785 2867 2831 (17)
2899 2783 2948 2823 ἐν

1604 2836 1741 2894 ἑτέρῳ
1766 2833 1873 2878 εἴδει
1896 2833 2143 2894 άμυντήρια
2171 2840 2295 2890 (alias
2312 2838 2362 2879 ἐν
2378 2837 2515 2895 ἑτέρῳ
2531 2834 2806 2895 ἀμυντηρίῳ)
2825 2839 2946 2892 ΕρῘι.,

1604 2908 1653 2933 εν
1682 2908 1838 2951 ετερωι
1868 2908 2137 2950 αμυντηριου
2162 2895 2259 2934 Th„-
2292 2907 2405 2934 arma
2428 2906 2591 2946 quoque
2617 2894 2663 2934 in
2693 2896 2838 2946 quovis
2866 2893 2949 2935 telo

1604 2950 1715 2989 ferro
1730 2949 1795 2990 vel
1811 2949 1945 3002 specie
1961 2950 2103 3001 (scribi
2116 2947 2253 2991 debuit
2274 2950 2319 2989 in
2340 2950 2450 2990 ferro
2466 2949 2532 2989 vel
2547 2950 2690 3000 quavis
2711 2949 2785 2990 teli
2800 2950 2948 3003 specie)

1605 3021 1681 3046 rec.
1708 3006 1806 3046 Lat.
1923 3007 1998 3057 (18)
2027 2999 2154 3062 ἁγίας
2177 3006 2252 3046 ins.
2269 3007 2378 3059 Eph.
2480 3007 2554 3056 (19)
2570 2999 2825 3047 ὁσιώτατον
2840 3007 2946 3060 ΕρΙι.

1605 3062 1684 3113 (2ο)
1704 3056 1956 3118 πρᾳότητος
1981 3061 2087 3114 ΕρΙι.
2218 3062 2291 3112 (21)
2317 3055 2646 3117 αὐστηρότερον
2680 3062 2868 3102 Cuiacius
2894 3063 2951 3102 ad

1605 3132 1681 3157 rec.
1699 3117 1821 3157 Lat.:
1843 3129 1867 3155 a
1890 3115 1988 3156 solis
2012 3116 2173 3156 clericis
2188 3116 2366 3156 severius
2382 3116 2606 3162 conveniri,
2631 3131 2658 3167 η
2685 3129 2945 3172 αυστηροτε-

1605 3186 1684 3226 ρον
1718 3172 1806 3223 ΤΙι.,
1843 3173 1918 3210 καὶ
1949 3166 2249 3228 αὖστηρότερα
2287 3165 2399 3224 ὑπὲρ
2438 3170 2514 3221 τῆς
2542 3166 2695 3212 αὐτῶν
2723 3174 2947 3229 σωτηρίας

1606 3227 1728 3280 ΕρῘι.,
1760 3242 1832 3267 om.
1862 3226 2026 3267 Nomoc.
2148 3227 2227 3278 (22)
2255 3223 2451 3282 θάρσους
2482 3227 2591 3280 ΕΡΙι.

1604 3446 1652 3488 in
1687 3445 1818 3502 ferro
1857 3443 1927 3489 vel
1958 3445 2007 3487 in
2043 3445 2201 3502 quavis
2240 3444 2314 3489 teli
2341 3445 2489 3510 specie
2517 3446 2744 3510 confuqas
2771 3445 2949 3490 minime

1608 3506 1756 3544 tenere
1798 3499 1867 3544 vel
1901 3499 2088 3557 adferre
2132 3501 2180 3544 in
2216 3500 2426 3545 ecclesias
2453 3502 2788 3560 praecipimus:
2832 3515 2948 3566 quae

1606 3562 1655 3599 ut
1689 3555 1866 3620 reliqua
1900 3568 1993 3599 non
2028 3555 2162 3600 modo
2193 3570 2222 3599 a
2258 3557 2404 3600 sacris
2438 3557 2612 3615 templis
2641 3562 2684 3601 et
2712 3557 2944 3610 altaribus,

1605 3610 1685 3655 sed
1722 3615 1855 3654 etiam
1893 3625 1922 3653 a
1956 3611 2161 3655 domibus
2196 3612 2369 3655 cellulis
2399 3611 2592 3656 hortulis
2620 3612 2790 3656 balneis
2818 3613 2947 3656 atriis

1607 3671 1631 3709 2
1710 3665 1924 3710 orticibus
1936 3666 2242 3724 prohibemus.
2290 3665 2491 3711 Proinde
2511 3668 2559 3720 ii,
2591 3668 2670 3724 qui
2685 3667 2782 3710 sine
2807 3669 2947 3711 armis

1693 3735 1871 3765 sacram
1899 3721 1972 3766 dei
2000 3721 2178 3766 domum
2201 3727 2246 3767 et
2267 3735 2446 3766 sacrum
2470 3723 2617 3767 altare
2636 3736 2824 3779 usquam
2838 3737 2944 3780 qen—

1610 3778 1717 3821 tium
1745 3777 1837 3821 sive
1857 3777 1904 3819 in
1920 3777 2006 3821 liac
2021 3778 2131 3822 urbe
2145 3778 2431 3841 confuqiunt,
2461 3778 2699 3835 quominus
2720 3777 2947 3821 dormiant

1606 3833 1655 3875 in
1686 3832 1847 3890 templo
1877 3832 1947 3876 vel
1959 3832 2097 3877 altari
2112 3834 2180 3878 vel
2199 3833 2342 3877 cibum
2359 3833 2556 3897 capiant,
2572 3832 2740 3889 absque
2758 3832 2853 3875 ulla
2877 3833 2945 3876 in-

1607 3888 1727 3931 iuria
1727 3886 1971 3951 prohiberi
1986 3889 2190 3933 convenit
2211 3902 2240 3931 a
2264 3887 2451 3940 clericis,
2472 3889 2551 3945 qui
2570 3888 2722 3946 spatia
2745 3887 2793 3930 in
2808 3887 2943 3931 eccle-

1606 3943 1802 3987 siasticis
1829 3943 2000 4000 saeptis
2026 3957 2180 3988 eorum
2211 3943 2391 3987 tuitioni
2428 3949 2473 3987 et
2492 3943 2727 3987 securitati
2759 3942 2943 3998 definita

1607 3997 1912 4042 demonstrent
1928 4012 1985 4043 ac
2007 3999 2199 4043 doceant
2212 3998 2450 4057 capitalem
2461 4011 2662 4056 poenam
2676 3998 2724 4041 in
2739 4011 2816 4041 eos
2830 4012 2943 4056 pro-

1641 4053 1802 4097 ositam
1816 4066 1925 4106 esse,
1941 4055 2020 4112 qui
2035 4059 2195 4099 temere
2210 4053 2321 4098 locis
2335 4053 2428 4096 illis
2441 4067 2499 4111 ap
2535 4053 2819 4111 ropinquent.
2877 4054 2943 4096 ui-

1635 4122 1692 4152 us
1717 4108 1759 4152 si
1793 4121 1879 4152 con
1905 4123 1997 4167 uqa
2024 4123 2117 4153 non
2146 4109 2441 4167 obtemperat,
2508 4109 2746 4152 umanitati
2780 4122 2830 4152 re
2848 4109 2941 4165 zqio

1602 4164 1850 4222 praeferen
1934 4170 2003 4210 est
2023 4171 2068 4209 et
2093 4179 2121 4208 a
2134 4165 2279 4208 sacris
2300 4163 2362 4207 ad
2370 4164 2618 4224 praefatos
2633 4163 2756 4207 locos
2773 4164 2943 4207 temeri-

1608 4223 1632 4263 3
1691 4224 1763 4263 tas
1788 4220 2066 4264 removenda.
2116 4219 2212 4263 Eos
2239 4233 2359 4272 vero,
2388 4219 2466 4277 qui
2495 4232 2593 4263 cum
2623 4219 2761 4262 armis
2787 4231 2944 4262 sacras

1607 4274 1816 4318 ecclesias
1859 4280 2105 4334 occupant,
2147 4289 2204 4319 ne
2231 4274 2317 4319 hoc
2355 4275 2548 4332 faciant,
2583 4286 2940 4338 praemonemus.

1608 4330 1732 4386 quod
1756 4330 1798 4374 si
1824 4329 1871 4373 in
1900 4332 2058 4388 quovis
2085 4330 2295 4375 ecclesiae
2330 4330 2428 4374 loco
2457 4331 2549 4374 sive
2576 4329 2705 4385 infra
2735 4328 2942 4386 templum

1606 4385 1699 4429 sive
1736 4384 1857 4429 circa
1895 4387 2102 4444 templum
2136 4385 2229 4430 sive
2264 4386 2396 4429 etiam
2433 4390 2567 4429 extra
2596 4383 2681 4427 hoc
2707 4383 2811 4436 sint,
2849 4388 2941 4428 sta-

1609 4440 1686 4484 tim
1723 4453 1824 4493 eos,
1864 4445 1918 4485 ut
1944 4454 2072 4485 arma
2100 4441 2340 4499 deponant,
2379 4439 2648 4484 auctoritate
2684 4438 2885 4497 episcopi
2912 4453 2941 4483 a

1606 4494 1717 4538 solis
1754 4494 1927 4540 clericis
1962 4496 2158 4541 severius
2195 4495 2420 4540 conveniri
2494 4493 2785 4551 raecipimus,
2830 4493 2939 4538 data

1607 4551 1672 4593 eis
1695 4550 1864 4606 fiducia
1893 4555 1938 4596 et
1962 4552 2226 4604 iuramento,
2256 4550 2380 4608 quod
2398 4564 2448 4595 re
2465 4549 2615 4607 iqione
2635 4549 2780 4607 maqis
2807 4563 2938 4606 quam
