3138 4776
181 117 268 159 ΕΤ
299 118 639 158 MANICHAElS

256 251 318 302 10
349 251 474 298 Idem
502 257 555 299 A.
587 254 808 313 Erythrio
833 268 866 312 p
903 288 913 297 .
974 254 1020 297 Si
1051 257 1123 311 qui
1152 259 1424 304 orthodoxae
1461 273 1529 304 re-

193 307 368 411 figionis
412 311 632 366 emptione
673 323 777 355 vera
818 321 870 354 ve
928 309 1092 355 ficticia
1130 318 1207 356 aut
1255 328 1531 371 quocumque

237 378 281 410 ιο
318 364 416 409 iure
453 367 521 410 vel
558 367 686 411 titulo
724 365 907 422 praedia
945 370 990 409 et
1025 369 1324 422 possessiones
1373 383 1531 426 resque

192 420 458 475 immobiles,
499 422 545 465 in
585 422 744 478 quibus
784 420 1055 465 orthodoxae
1094 424 1195 468 fidei
1224 427 1434 471 ecclesiae
1463 426 1530 469 vel

194 477 390 521 oratoria
419 478 661 521 constituta
689 481 804 530 sunt,
835 476 881 519 in
901 476 1150 522 haereticae
1180 487 1327 525 sectae
1351 488 1395 525 et
1425 495 1528 525 con-

131 543 133 546 ·
193 531 329 576 traria
358 533 630 577 orthodoxae
658 532 760 576 fidei
789 531 1047 576 sentientem
1086 549 1411 604 quamcumque·
1429 549 1529 592 per-

192 600 346 632 sonam
389 589 629 633 transferre
672 588 910 642 voluerint,
956 589 1121 634 nullam
1164 592 1412 637 huiusmodi
1462 592 1530 636 vel

191 643 308 687 inter
346 644 465 688 vivos
501 645 697 688 habitam
735 643 803 688 vel
843 649 1013 688 secreto
1050 647 1211 691 iudicio
1244 649 1529 705 compositam

191 699 337 743 valere
379 701 578 744 volumus
617 700 910 752 voluntatem,
958 702 1126 746 etiamsi
1165 705 1221 748 ab
1259 704 1530 749 orthodoxae

191 754 295 799 fidei
322 755 550 800 venditore
577 756 645 798 vel
675 769 951 811 quocumque
980 759 1109 802 modo
1141 760 1382 804 alienatore
1412 772 1527 803 com-

190 811 394 855 menticio
425 812 508 856 sub
538 811 734 866 qualibet
764 812 998 856 occasione
1023 814 1157 858 fuerit
1172 816 1420 871 adsignata:
1452 813 1530 859 sed

188 866 314 910 irrita
344 867 488 911 omnia
515 866 768 911 huiusmodi
798 867 1063 913 documenta
1090 875 1133 914 et
1157 877 1382 928 tamquam
1405 870 1527 927 peni-

193 929 207 964 1
272 928 345 967 tus
376 935 458 966 nec
487 922 654 978 scripta
685 935 780 967 esse
811 937 1053 968 censemus.
1105 928 1226 971 Haec
1256 928 1371 971 enim
1398 938 1526 982 prae-

189 977 264 1022 dia
304 983 350 1022 et
390 979 713 1034 possessiones,
800 992 883 1024 uae
925 981 971 1023 in
1021 983 1267 1028 haereticas
1315 994 1526 1040 personas

187 1046 465 1089 quocumque
493 1034 623 1078 modo
654 1039 779 1079 trans
799 1041 898 1080 atae
928 1037 1091 1081 fuerint
1116 1041 1183 1082 vel
1207 1040 1408 1091 collatae,
1431 1037 1527 1081 fisci

189 1093 212 1133 2
277 1089 421 1134 nostri
457 1090 623 1135 viribus
664 1091 938 1136 decernimus
977 1094 1203 1138 vindicari.
1278 1096 1377 1139 Sive
1415 1093 1528 1137 enim

184 1144 305 1202 apud
343 1145 542 1190 dominos
579 1160 911 1203 possessor-esve
951 1150 1220 1195 orthodoxos
1261 1165 1314 1195 ea
1349 1148 1527 1206 praedia

183 1206 392 1246 maneant
420 1215 499 1247 seu
527 1202 585 1246 ad
613 1202 711 1247 fisci
739 1205 883 1248 nostri
906 1206 1005 1249 iura
1028 1209 1319 1262 pervenerint,
1349 1217 1527 1250 necesse

184 1259 253 1300 est
280 1258 327 1301 in
355 1257 426 1302 his
457 1259 667 1303 ecclesias
698 1263 743 1304 et
779 1261 974 1306 oratoria
1005 1263 1246 1307 constituta
1281 1261 1526 1318 diligentius

185 1318 229 1356 et
281 1313 513 1359 sollicitius
564 1315 816 1361 instaurari.
895 1322 1074 1362 nostrae
1118 1319 1234 1363 enim
1277 1316 1526 1363 serenitatis

182 1368 377 1426 undique
405 1370 462 1414 ad
490 1371 610 1415 hunc
640 1373 804 1416 exitum
834 1374 1111 1429 providentia
1140 1375 1275 1429 ducit,
1306 1379 1356 1418 ut
1389 1373 1525 1418 omni·

181 1426 375 1482 potentis
405 1426 476 1471 dei
504 1427 682 1484 templa,
711 1429 757 1471 in
788 1430 948 1485 quibus
979 1436 1158 1474 nostrae
1193 1430 1296 1474 fidei
1324 1430 1526 1474 instituta

180 1481 437 1538 perdurant,
468 1484 590 1527 cultu
619 1484 804 1529 adsiduo
833 1499 915 1540 per
944 1486 1089 1529 omnia
1125 1487 1304 1529 saecula
1338 1485 1528 1529 rediviva

183 1542 207 1581 3
266 1545 508 1583 serventur.
566 1539 661 1584 Nec
691 1541 805 1584 enim
835 1541 1027 1584 dubitari
1056 1545 1224 1597 potest,
1267 1542 1384 1597 quod
1414 1541 1452 1585 si
1481 1542 1526 1583 in

180 1594 427 1639 haereticos
447 1595 625 1639 veniant
651 1597 971 1652 possessiones,
1001 1597 1048 1640 in
1081 1597 1239 1652 quibus
1268 1610 1398 1641 verae
1423 1597 1523 1640 fidei

181 1649 396 1694 ecclesiae
433 1651 501 1695 vel
544 1651 739 1695 oratoria
782 1652 1024 1696 constituta
1068 1657 1172 1696 sunt
1215 1658 1260 1696 et
1296 1653 1523 1708 integritas

181 1705 353 1759 colitur,
384 1706 631 1751 omnimodo
661 1707 716 1750 ab
747 1707 815 1751 his
846 1707 988 1752 deseri
1018 1712 1153 1764 atque
1183 1709 1374 1760 destitui,
1407 1709 1523 1752 omni

179 1761 302 1806 cultu
324 1774 497 1817 vacare,
528 1764 730 1807 omnibus
760 1764 898 1807 saeris
929 1768 974 1808 et
1002 1765 1143 1809 solitis
1167 1764 1340 1808 viduari
1362 1769 1523 1822 myste-

177 1817 279 1871 riis,
317 1818 436 1862 omni
474 1818 707 1875 splendore
736 1820 921 1875 privari,
958 1821 1091 1864 nullis
1120 1821 1386 1876 populorum
1418 1834 1522 1865 con-

177 1873 475 1928 ventionibus,
516 1875 648 1919 nullis
685 1875 946 1920 clericorum
989 1878 1371 1921 observationibus
1409 1877 1522 1922 cele-

177 1930 297 1974 brari
335 1935 380 1974 et
417 1944 470 1975 ex
507 1931 592 1975 hoc
629 1932 724 1976 sine
762 1932 896 1977 dubio
934 1933 1109 1977 easdem
1139 1934 1349 1978 ecclesias
1379 1934 1524 1990 perire

177 1998 306 2030 ruere
336 1987 620 2044 complanari.
679 2001 763 2032 nec
794 1988 908 2032 enim
939 1989 993 2033 de
1022 2002 1171 2034 earum
1201 1990 1524 2035 instauratione

177 2042 385 2087 haeretici
422 2047 631 2099 poterunt
668 2044 905 2101 aliquando
937 2046 1153 2102 cogitare,
1192 2059 1303 2103 quas
1344 2047 1521 2103 penitus

177 2110 274 2143 esse
308 2099 532 2144 nolebant.
599 2113 712 2157 quae
753 2101 899 2145 omnia
934 2107 1189 2146 resecantes
1227 2103 1284 2147 ad
1313 2116 1522 2159 praesen-

177 2158 264 2199 tem
293 2154 433 2211 legem
460 2157 750 2212 pervenimus.
1148 2160 1209 2216 [a.
1244 2160 1520 2216 466—472‘?]

238 2209 295 2257 11
335 2214 630 2269 ’Θεσπίζομεν
659 2212 759 2257 τοὺς
787 2213 871 2267 τὴν
899 2210 1117 2273 ὀλεθρίαν
1139 2216 1237 2259 τῶν
1254 2221 1523 2269 Μανιχαίων

289 2266 569 2327 αἱρουμένους
607 2267 784 2324 πλάνην
825 2267 1048 2326 μηδεμίαν
1097 2275 1215 2325 ἔχειν
1265 2277 1523 2338 παρρησίαν

288 2319 315 2377 ἢ
353 2320 509 2367 ἄδειαν
547 2320 661 2367 καθ’
705 2323 968 2380 οἱανδήποτε
1005 2328 1082 2380 τῆς
1110 2324 1226 2370 καθ’
1260 2324 1370 2383 ἡμας
1399 2327 1520 2372 πολι-

292 2383 412 2422 τείας
455 2377 624 2439 διάγειν
665 2379 830 2425 τόπον·
883 2382 921 2423 εἱ
964 2379 1016 2424 δέ
1052 2398 1162 2425 ποτε
1203 2387 1385 2440 φανεῖεν
1424 2382 1522 2437 ἦτοι

290 2431 528 2494 εὑρεθεῖεν,
558 2432 816 2494 ὑπάγεσθαι
845 2436 1060 2498 κεφαλικῇ
1089 2455 1134 2481 τι
1169 2443 1297 2498 ωρίᾳ.

179 2489 231 2535 D.
273 2504 300 2534 ν
323 2490 382 2536 id.
412 2491 526 2550 Auq.
558 2491 753 2538 Boethio
783 2507 846 2538 vc.
877 2507 997 2538 cons.
1117 2456 1178 2551 [ld.
1210 2498 1288 2538 487
1320 2495 1389 2538 vel
1419 2500 1500 2540 510

241 2544 302 2593 12
333 2548 352 2574 ²
362 2544 716 2619 [Αὖτοκράτορες
726 2545 959 2592 Ἰουστῖνος
979 2553 1052 2592 καὶ
1065 2546 1375 2594 Ἰουστινιανός
1390 2556 1498 2594 AA.

178 2634 441 2647 .......
478 2604 581 2647 Τοὺς
621 2604 864 2664 αιρετικούς
900 2601 1019 2662 ἡμεῖς
1056 2608 1140 2662 μὲν
1179 2604 1253 2649 διὰ
1285 2609 1419 2650 τοῦτο
1449 2613 1522 2650 καὶ

177 2663 374 2702 συνιέναι
403 2662 478 2702 καὶ
506 2666 811 2720 προσηγορίαν
840 2663 956 2715 ἔχειν
987 2659 1109 2704 ἰδίαν
1138 2661 1520 2721 συνεχωρήσαμεν,

176 2859 225 2913 (1)
258 2860 306 2900 de
337 2874 369 2900 c.
395 2867 444 2910 11,
475 2860 584 2911 quod
610 2860 769 2901 restitui
796 2875 844 2901 ex
874 2859 919 2901 B
938 2863 1022 2912 1,1‚
1041 2870 1100 2912 29,
1132 2862 1234 2903 idem
1265 2864 1374 2914 quod
1394 2878 1521 2916 supra

175 2916 224 2956 de
254 2930 285 2957 c.
311 2923 333 2958 9
365 2916 572 2956 dicendum
603 2924 662 2957 est
774 2916 830 2968 (2)
862 2931 894 2957 c.
918 2925 959 2958 12
989 2926 1100 2958 eaetat
1128 2918 1168 2959 in
1199 2917 1244 2958 B
1263 2923 1428 2970 1‚1‚30:
1461 2920 1520 2960 in-

173 2972 428 3025 scriptionem
467 2973 626 3013 restitui
660 2987 708 3013 ex
747 2988 779 3014 c.
811 2980 857 3015 20
904 2978 924 3022 §
957 2981 978 3015 4
1009 2974 1046 3014 h.
1079 2982 1130 3015 t..·
1176 2975 1289 3028 apud
1329 2975 1427 3017 Hal.
1463 2984 1522 3016 est

175 3027 270 3080 imp.
309 3026 562 3068 iustinianus
599 3039 636 3068 a.
677 3027 930 3082 demostheni
965 3042 1055 3082 pp.:
1094 3045 1197 3083 quae
1236 3031 1323 3072 nisi
1351 3033 1521 3085 sumpsit

175 3099 223 3124 ex
252 3099 284 3125 c.
318 3093 372 3135 19,
403 3099 446 3126 eo
478 3085 638 3137 ducant,
681 3093 724 3126 ut
759 3086 995 3139 suppleatur
1024 3085 1296 3144 Δημοσθένῃ
1336 3083 1517 3145 ἐπάρχῳ

237 3303 295 3350 11
331 3301 583 3358 Sancimus,
622 3308 674 3348 ut
710 3303 788 3361 qui
810 3304 1116 3362 perniciosum
1145 3304 1517 3351 Manichaeorum

176 3373 374 3406 errorem
404 3359 735 3419 amplectuntur
770 3359 941 3403 nullam
977 3361 1245 3416 facultatem
1275 3367 1357 3406 aut
1385 3362 1517 3406 licen-

178 3417 285 3462 tiam
321 3414 517 3460 habeant
552 3415 600 3459 in
631 3415 837 3480 quolibet
873 3422 1057 3460 nostrae
1085 3417 1153 3460 rei
1173 3417 1387 3475 publicae
1417 3417 1517 3462 loco

177 3471 447 3517 commorari
490 3477 556 3526 et,
598 3485 638 3516 st
682 3470 865 3530 quando
905 3472 1207 3530 apparuerint
1243 3472 1312 3518 vel
1351 3473 1520 3518 inventi

173 3528 364 3587 fuerint,
394 3527 585 3587 capitali
604 3540 761 3592 poena
780 3527 1057 3586 plectantur.

237 3581 300 3630 12
332 3582 478 3642 Impp.
509 3582 712 3628 Iustinus
741 3589 787 3629 et
814 3581 1096 3629 Iustinianus
1115 3585 1206 3629 ΑΑ.
1267 3583 1520 3629 Haereticis

174 3640 275 3685 ideo
313 3640 549 3685 convenire
576 3644 623 3684 et
639 3639 884 3699 propriam
921 3639 1327 3685 denominationem
1357 3639 1520 3685 habere

173 3696 479 3754 permisimus,
531 3700 584 3740 ut
616 3696 869 3754 patientiae
912 3701 1096 3741 nostrae
1136 3696 1316 3756 pudore
1358 3703 1519 3754 sponte

182 3756 197 3795 1
261 3751 578 3809 resipiscerent
627 3756 672 3796 et
719 3751 780 3796 ad
821 3751 1010 3796 meliora
1052 3758 1349 3798 revertantur.
1425 3751 1519 3796 Eos

176 3813 323 3851 autem
375 3805 673 3850 intolerabilis
724 3806 918 3852 audacia
970 3809 1135 3853 invasit
1184 3814 1227 3853 et
1277 3822 1325 3852 se
1373 3808 1517 3866 lequm

175 3863 409 3908 sanctione
437 3861 641 3919 neqlecta
669 3862 840 3907 militiis
863 3864 1157 3916 intruserunt,
1187 3878 1380 3922 quarum
1408 3864 1520 3908 tales

176 3918 376 3963 homines
396 3917 651 3982 participes
674 3918 780 3975 sieri
806 3919 824 3962 i
855 3933 908 3963 sa
936 3920 1235 3978 imperialium
1260 3920 1518 3978 formarum

177 3979 202 4019 2
271 3974 405 4019 verba
447 3974 691 4031 manifesto
727 3987 821 4032 pro
855 3974 986 4020 ibent.
1061 3975 1329 4020 Haereticos
1372 3981 1517 4019 autem

174 4030 376 4088 reliquos
414 4043 566 4074 omnes
610 4042 842 4083 vocamuS,
886 4030 1005 4076 velut
1040 4031 1341 4076 exsecrabiles
1369 4030 1517 4076 Mani-

177 4086 341 4131 chaeos
371 4086 537 4185 quique
566 4085 637 4129 his
663 4085 830 4130 similes
855 4092 974 4139 sunt,
1014 4087 1183 4145 quippe
1211 4101 1328 4152 quos
1355 4101 1411 4131 ne
1439 4101 1517 4131 no-

176 4142 340 4187 minari
369 4142 447 4199 qui
479 4156 546 4186 em
576 4140 648 4185 hic
678 4146 899 4186 terrarum
935 4155 1078 4200 neque
1108 4156 1288 4187 omnino
1318 4143 1520 4200 conspici

177 4211 365 4256 usquam
403 4210 484 4242 nec
520 4198 759 4262 quicquam
789 4197 1000 4255 polluere
1030 4204 1151 4242 tactu
1179 4212 1262 4243 suo
1294 4205 1515 4257 oporteat.

178 4259 202 4298 3
278 4253 367 4298 Sed
406 4252 699 4298 Manichaeos
743 4252 940 4311 quidem,
985 4253 1354 4311 quemadmodum
1398 4254 1518 4299 dixi-

177 4323 294 4363 mus,
346 4310 413 4354 ita
455 4315 501 4354 et
538 4309 708 4367 expelli
750 4313 931 4367 oportet
974 4323 1117 4367 neque
1158 4323 1318 4355 nomen
1362 4324 1517 4355 eorum

209 4379 441 4423 uemquam
488 4365 682 4410 tolerare
721 4377 803 4409 nec
836 4365 1222 4422 praetermittere,
1275 4366 1316 4409 si
1365 4365 1517 4410 eodem

178 4379 277 4466 loco
315 4435 413 4466 cum
453 4421 557 4465 aliis
595 4420 680 4465 hae
708 4420 936 4479 impietate
963 4421 1160 4478 infectus
1188 4426 1400 4474 moretur,
1439 4422 1520 4466 sed

179 4478 311 4520 etiam
339 4476 496 4521 ultimo
524 4476 748 4535 supplicio
777 4475 920 4521 subici
946 4474 1282 4530 Manichaeum,
1321 4477 1515 4522 ubicum-

181 4535 206 4574 4
263 4546 349 4589 que
379 4537 600 4577 terrarum
629 4533 834 4578 inventus
859 4532 1016 4589 fuerit.
1075 4531 1144 4577 De
1164 4533 1351 4590 reliquis
1370 4539 1517 4578 autem

182 4585 438 4641 haereticis,
493 4589 807 4646 cuiuscumque
857 4587 1026 4633 erroris
1070 4588 1138 4633 vel
1178 4589 1372 4633 nominis
1413 4597 1517 4633 sunt

1536 105 1605 164 53
2854 119 2949 171 15

1615 262 1690 303 ἵνα
1718 258 1801 313 τὴν
1828 259 2066 326 καρτερίαν
2096 252 2222 310 ἡμῶν
2253 259 2569 312 αἰσχυνθέντες
2602 265 2953 323 σωφροῳῆσωσιμ

1619 321 1637 358 1
1699 314 1872 358 ἑκόντες
1908 327 1982 354 και
2021 310 2130 363 πρὸς
2168 311 2225 354 τὰ
2263 314 2429 357 καλλίω
2457 314 2785 370 μεταβάλωσιν.
2851 324 2953 367 Τοὺς

1615 369 1665 413 δὲ
1704 367 1889 423 εἰσῆλθέ
1921 379 1987 408 τις
2029 364 2108 408 οὐκ
2143 363 2305 423 ἀνεκτὴ
2342 369 2500 425 τόλμα,
2537 373 2611 412 καὶ
2650 374 2723 426 τῆς
2758 379 2852 420 τῶν
2880 379 2950 422 νό-

1613 442 1716 480 μων
1757 421 2092 480 άμελὴσαντας3
2121 424 2419 482 παραγγελίας
2448 430 2722 484 στρατείαις,
2768 423 2832 473 ὧν
2875 433 2951 478 οὐκ

1615 483 1696 533 ε’ᾆ4
1734 483 1934 534 μετεῖναι
1970 481 2063 519 τοῖς
2099 477 2312 522 τοιούτοις
2351 477 2465 523 αὐτὰ
2498 479 2556 523 τὰ
2583 482 2679 523 τῶν
2708 486 2953 537 βασιλικῶν

1615 533 1853 591 συμβόλων
1901 531 2030 587 δηλοῖ
2078 531 2340 591 γράμματα,
2396 535 2735 594 παρενέβαλον5
2787 538 2952 586 αὑτούς,

1616 595 1639 633 2
1697 591 1767 634 At
1793 587 1958 634 ετικοὺς
1998 586 2048 631 δὲ
2084 587 2302 643 καλοῦμεν
2341 590 2443 633 τοὺς
2471 590 2645 643 ἄλλους,
2686 590 2745 636 ὠς
2781 596 2880 639 τούς
2909 616 2955 656 γε

1613 660 1886 705 καταρατους
1930 648 2204 697 Μανιχαίους
2246 649 2319 686 καὶ
2363 645 2464 689 τοὺς
2506 646 2679 689 τούτοις
2726 652 2955 706 παραπλη.

1613 706 1752 753 σίους,
1793 699 1896 744 οὐδὲ
1935 699 2245 756 ὀνομάζεσθαι
2311 702 2391 743 οὖν
2424 701 2567 762 ταύτῃ
2582 702 2700 755 ,δέον
2728 701 2830 747 οὐδὲ
2859 715 2957 762 φαί-

1613 758 1784 800 νεσθαί
1820 773 1907 801 που
1945 754 2178 799 παντελῶς
2205 752 2255 796 οὗ
2289 758 2310 797 ὲ
2336 762 2536 815 χραίνειν
2568 756 2634 800 ὡν
2663 755 2720 801 ἂν
2750 760 2956 817 ἑφάψων-

1614 817 1637 856 3
1683 828 1772 855 ται.
1823 809 1954 854 Ἀλλὰ
1980 810 2080 854 τοὺς
2112 813 2197 866 μὲν
2213 816 2502 865 Μανιχαίους,
2536 809 2688 873 ὥσπερ
2713 815 2958 873 εἰρήκαμεν,

1611 863 1732 910 οὕτω
1761 871 1836 910 καὶ
1865 864 2206 911 ἀπελαύνεσθαι
2223 864 2380 910 δεῖκαὶ
2401 866 2515 923 μηδὲ
2543 868 2626 924 τὴν
2655 878 2960 932 προσηγορίαν

1613 921 1767 967 αὐτῶν
1810 919 1899 966 ὖπο
1935 927 2052 965 ε’νειν
2094 919 2266 978 μηδένα
2309 921 2423 979 μηδὲ
2465 928 2699 985 περιορᾶν,
2744 928 2867 985 εἴπερ
2912 932 2961 971 ἐν

1611 982 1678 1034 τῷ
1724 975 1847 1033 αὐτῷ
1923 977 2038 1038 ιάγοι
2081 983 2173 1021 τοῖς
2215 976 2360 1023 ἄλλοις
2396 977 2420 1023 ὁ
2461 980 2545 1036 τὴν
2582 980 2752 1025 ἀθεΐαν
2791 983 2958 1038 ταύτην

1611 1033 1802 1090 νοσήσας
1836 1033 2098 1093 ἄνθρωπος,
2138 1031 2249 1077 ἀλλὰ
2277 1039 2351 1077 καὶ
2389 1041 2485 1079 ταῖς
2514 1038 2572 1080 εἰς
2607 1040 2797 1091 ἔσχατον
2826 1057 2959 1096 τιμω-

1612 1096 1727 1150 ρίαις
1764 1087 2024 1149 ὑπάγεσθαι
2064 1089 2146 1134 τὸν
2175 1087 2374 1146 ὁπουὸὴ6
2406 1094 2484 1152 γῆς
2514 1093 2787 1151 φαινόμενον
2817 1101 2960 1139 Μανι-

1612 1154 1651 1204 4..
1694 1151 1835 1201 χαῖον.
1901 1145 2002 1190 Ἐπὶ
2042 1145 2091 1190 δὲ
2129 1151 2221 1190 τοῖς
2258 1146 2405 1191 ἄλλοις
2441 1149 2685 1220 αἱρετικοῖς,
2723 1148 2878 1196 ὁποίας
2906 1149 2962 1195 ἂν

1613 1206 1701 1246 ὠσί
1728 1218 1839 1247 ποτε
1869 1202 2037 1258 πλάνης
2066 1199 2094 1257 ἢ
2122 1209 2419 1263 προσηγορίας
2434 1205 2678 1264 (αιρετικὸν
2702 1205 2786 1267 γὰρ
2812 1207 2963 1252 πάντα

1611 1259 1850 1314 καλοῦμεν,
1887 1255 2011 1303 ὅστις
2037 1259 2110 1327 μὴ
2146 1262 2223 1314 τῆς
2258 1259 2500 1317 καθολικῆς
2529 1261 2757 1317 ἐκκλησίας
2785 1268 2859 1306 καὶ
2887 1266 2964 1318 τῆς

1610 1314 1861 1371 ὀρθοδόξου
1905 1320 1980 1359 καὶ
2023 1321 2149 1374 αγίας
2183 1312 2313 1372 ἡμῶν
2349 1314 2536 1377 ὑπάρχει
2574 1322 2809 1374 πίστεως),
2853 1317 2963 1363 ἀλλὰ

1609 1374 1699 1427 μὴν
1747 1376 1821 1416 καὶ
1872 1377 1964 1415 τοῖς
2011 1375 2096 1426 τὴν
2139 1372 2393 1416 πολυθεΐαν
2435 1379 2727 1435 πειρωμένοις
2771 1375 2963 1433 εἰσάγειν

1600 1425 1783 1483 “ῘΕλλησι
1822 1432 1895 1470 καὶ
1934 1430 2002 1471 ἔτι
2040 1433 2132 1472 τοῖς
2158 1425 2383 1473 Ἰουδαίοις
2420 1434 2494 1473 καὶ
2533 1436 2624 1475 τοῖς
2662 1435 2963 1491 Σαμαρείταις

1610 1482 1687 1527 οὐκ
1724 1482 2072 1538 ἀνακτήσασθαι
2109 1484 2251 1541 μόνον
2289 1485 2346 1528 τὰ
2384 1488 2481 1529 τῶν
2516 1485 2600 1542 ἤδη
2640 1492 2858 1544 κειμένων
2889 1487 2960 1532 νό-

1608 1558 1711 1596 μων
1756 1539 2017 1597 συνείδομεν
2061 1545 2134 1583 καὶ
2178 1544 2363 1597 ποιῆσαι
2406 1545 2472 1597 τῷ
2522 1546 2607 1586 νῦν
2646 1543 2794 1599 τούτῳ
2834 1544 2960 1601 νόμῳ

1609 1596 1896 1656 βεβαιότερα,
1954 1593 2064 1640 ἀλλὰ
2118 1596 2414 1657 διορίσασθαι
2457 1603 2530 1641 καὶ
2575 1599 2739 1653 πλείω,
2785 1598 2846 1644 δι’
2895 1592 2962 1644 ὧν

1609 1649 1827 1711 ἀσφάλεια
1860 1656 1944 1708 μὲν
1983 1658 2217 1721 περιέσται
2254 1658 2424 1710 μείζων
2453 1655 2726 1711 καί·κόσμος
2755 1661 2828 1699 καὶ
2857 1656 2962 1713 τιμὴ

1611 1716 1634 1753 5
1694 1713 1784 1752 τοῖς
1811 1711 1887 1764 τῆς
1916 1707 1994 1752 εύα
2023 1725 2096 1753 ους
2125 1707 2254 1765 ἡμῶν
2282 1715 2512 1766 μετέχουσι
2537 1717 2744 1756 πίστεως.
2788 1714 2960 1756 Αἰσθέ·

1611 1766 1726 1808 σθαι
1773 1763 1823 1807 δὲ
1865 1763 1984 1826 ὑπάρ
2012 1783 2051 1808 ει
2094 1768 2247 1818 πᾶσιν,
2294 1769 2476 1824 ἔφαμεν,
2528 1764 2601 1810 ὅτι
2645 1773 2736 1812 τοῖς
2777 1768 2839 1825 μὴ
2880 1768 2959 1812 τὸν

1609 1821 1725 1864 θεὸν
1763 1818 1918 1877 ὀρθῶς
1955 1824 2252 1881 προσκυνοῦσι
2289 1827 2363 1864 καὶ
2402 1822 2459 1866 τὰ
2508 1826 2606 1867 τῶν
2645 1822 2960 1884 ἀνθρωπίνων

1609 1884 1634 1923 6
1692 1874 1890 1937 ἀγαθῶν
1919 1881 2138 1932 έπέχεται.
2193 1875 2366 1922 Οὐδένα
2388 1885 2544 1923 τοίνυν
2559 1882 2656 1923 τῶν
2685 1879 2768 1935 ἤδη
2800 1882 2962 1938 ῥηθέν-

1607 1951 1704 1978 των
1742 1933 1845 1977 οὔτε
1882 1939 2084 1990 μετέχειν
2114 1932 2368 1991 ἀξιώματος
2406 1935 2627 1987 καθάπαξ
2655 1935 2832 1980 οὐδενὸς
2862 1936 2963 1980 οὔτε

1609 1989 1761 2045 ζώνην
1799 1990 2156 2049 περιβάλλεσθαι
2195 1991 2299 2034 οὔτε
2335 1991 2568 2047 πολιτικὴν
2601 1992 2704 2036 οὔτε
2743 2009 2962 2052 στρατιω·

1607 2045 1736 2101 τικὴν
1775 2045 1878 2090 οὔτε
1917 2048 1976 2090 εἰς
2011 2047 2141 2098 τάξιν
2170 2047 2315 2091 τελεῖν
2344 2046 2570 2105 οὐδεμίαν,
2613 2049 2731 2104 πλὴν
2763 2053 2839 2105 τῆς
2866 2052 2964 2093 τῶν

1607 2103 1897 2159 καλουμένων
1937 2103 2242 2164 κοορταλίνων
2284 2104 2442 2160 (ταύτη
2471 2103 2555 2164 γὰρ
2596 2108 2644 2148 ἐκ
2678 2111 2829 2178 γένους
2857 2103 2963 2151 ὑπο-

1607 2164 1828 2215 κειμένους
1858 2156 2018 2203 αὗτούς
2047 2162 2284 2213 ἐνέχεσθαι
2313 2152 2575 2218 βουλόμεθα
2589 2165 2618 2214 ⁷,
2662 2161 2779 2205 ω’στε
2807 2167 2960 2219 μένον-

1606 2231 1686 2259 τας
1717 2213 1874 2259 αὖτούς
1903 2213 1982 2261 ’ἐπ’
2017 2214 2150 2284 αὐτῆς
2179 2221 2254 2259 καὶ
2280 2217 2432 2261 πάντα
2458 2217 2736 2277 πληροῦντας
2760 2220 2808 2271 ἐξ
2830 2217 2961 2278 ἀνάγ-

1606 2287 1682 2327 κης
1709 2276 1783 2315 καὶ
1813 2274 1907 2316 πᾶν
1934 2271 2069 2333 βάρος
2098 2277 2425 2328 υπομένοντας,
2456 2270 2567 2334 ὅπερ
2600 2277 2697 2318 ἔστι
2726 2277 2802 2330 τῆς
2833 2273 2962 2318 αὐτ”ς

1607 2333 1863 2386 στρατείας,
1904 2330 2138 2387 εἴργεσθαι
2176 2331 2309 2374 τοῦτο
2342 2333 2425 2386 μὲν
2455 2333 2701 2390 προκοπῆς,
2743 2334 2874 2374 τοῦτο
2913 2293 2962 2374 δὲ

1606 2386 1685 2427 τοῦ
1738 2383 1852 2427 κατὰ
1896 2387 1994 2427 τῶν
2038 2381 2304 2443 ὀρθοδόξων
2349 2389 2642 2446 Χριστιανῶν
2686 2390 2959 2444 ἐκβιβασμοῦ

1607 2438 1837 2496 δημοσίων
1866 2443 1940 2482 καὶ
1972 2438 2216 2484 ἰδιωτικῶν
2246 2445 2396 2485 ἕνεκεν
2423 2460 2450 2496 χ
2480 2444 2585 2497 εῶν)
2607 2443 2957 2503 προστάττομεν.

1606 2498 1682 2550 τῆς
1712 2497 1760 2548 ἐξ
1791 2493 1945 2539 αὐτῶν
1972 2498 2102 2554 γονῆς
2130 2494 2421 2554 ὑποκειμένης
2450 2459 2656 2552 δηλονότι
2686 2502 2741 2559 τῇ
2773 2498 2958 2553 τοιαύτη

1606 2551 1728 2611 τύχῃ,
1768 2555 1842 2595 καὶ
1879 2548 2033 2595 αὐτῶν
2060 2556 2228 2608 μέντοι,
2259 2554 2299 2596 εἰ
2325 2553 2492 2610 μεταξύ
2532 2552 2772 2598 διαλαθεῖν
2801 2545 2956 2610 ἦδυνῆ-

1606 2610 1782 2663 θησαν,
1821 2608 1883 2651 εἰς
1920 2607 2090 2662 ταύτην
2128 2605 2374 2668 ἀγομένων.
2444 2613 2491 2653 ἐκ
2530 2612 2605 2664 τῆς
2643 2613 2774 2664 κακῆς
2805 2607 2958 2654 αὐτῶν

1607 2670 1629 2708 ’7
1691 2662 1819 2718 δόξης
1862 2666 1978 2718 ἔχειν
2021 2664 2124 2707 τινὰ
2163 2671 2439 2724 παραίτησιν
2451 2668 2482 2709 ⁷.
2563 2665 2667 2710 Τούς
2703 2665 2753 2711 δέ
2799 2664 2960 2712 αὐτους

1606 2865 1920 2919 πραιτωρίων,
1963 2878 2047 2903 cum
2092 2861 2263 2903 Graecis
2305 2863 2648 2903 constitutionibus
2682 2862 2858 2903 Latinae
2898 2865 2958 2904 in-

1604 2920 1842 2972 scriptiones
1858 2934 1934 2959 non
1958 2926 2268 2972 praeponantur
2383 2919 2438 2970 (3)
2462 2912 2759 2971 ἀμελήσαντες
2779 2919 2959 2960 Hercher

1605 2974 1659 3027 (4)
1679 2961 1746 3016 ὦν
1762 2968 1910 3016 οὖκέτι
1924 2990 2000 3016 scr.
2062 2974 2117 3028 (5)
2134 2970 2444 3031 παρενέβαλεν
2461 2975 2625 3015 Schoell
2682 2977 2736 3025 (6)
2752 2969 2958 3027 ὁποιδήΒ

1605 3033 1659 3083 (7)
1688 3034 1812 3073 verba
1842 3039 2015 3072 extrema
2048 3036 2066 3079 §
2090 3040 2109 3072 6
2142 3031 2189 3070 ἐκ
2213 3031 2290 3083 τῆς
2320 3061 2330 3070 .
2350 3060 2359 3069 .
2378 3060 2388 3070 .
2419 3034 2694 3087 παραίτησιν
2719 3033 2957 3083 praemissis

1604 3089 1678 3127 καὶ
1705 3083 1768 3142 μή
1798 3088 1950 3129 colloca
1974 3096 2070 3140 post
2095 3092 2114 3135 ἓ
2136 3096 2155 3128 6
2187 3088 2288 3129 med.
2318 3082 2580 3139 βουλόμεθα

1602 3306 1904 3361 (haereticum
1953 3306 2068 3349 enim
2128 3319 2362 3359 vocamus,
2413 3306 2682 3364 quicumque
2737 3321 2830 3350 non
2889 3316 2954 3351 est

1602 3362 1811 3406 addictus
1841 3361 2092 3406 catholicae
2122 3362 2338 3406 ecclesiae
2366 3369 2411 3407 et
2431 3361 2719 3407 orthodoxae
2748 3369 2953 3408 sanctae-

1603 3432 1688 3476 que
1712 3417 1824 3475 fidei
1852 3420 2078 3472 nostrae),
2116 3418 2227 3475 quin
2255 3419 2390 3463 etiam
2420 3418 2476 3463 de
2495 3418 2714 3477 paqanis,
2745 3419 2824 3476 qui
2843 3419 2952 3477 plu-

1601 3475 1717 3518 rium
1761 3472 1946 3518 deorum
1991 3472 2158 3518 cultum
2193 3474 2482 3519 introducere
2520 3479 2761 3533 temptant,
2815 3484 2860 3520 et
2897 3476 2952 3520 de

1603 3529 1787 3574 Indaeis
1832 3534 1877 3574 et
1918 3528 2160 3574 Samaritis
2201 3544 2294 3575 non
2335 3530 2482 3575 solum
2536 3530 2576 3575 le
2609 3544 2656 3574 es
2698 3531 2789 3574 iam
2834 3530 2952 3576 latas

1600 3585 1912 3642 redinteqrare
1954 3586 2002 3629 in
2044 3586 2195 3630 animo
2241 3591 2308 3631 est
2350 3593 2394 3630 et
2439 3586 2525 3631 hac
2574 3587 2666 3644 >eqe
2709 3586 2952 3632 validiores

1601 3641 1810 3694 reddere,
1849 3640 1930 3685 sed
1962 3642 2098 3686 etiam
2126 3641 2271 3707 plura
2310 3642 2574 3700 disponere,
2614 3642 2777 3699 quibus
2804 3644 2950 3687 maior

1600 3697 1821 3741 securitas
1872 3696 2020 3742 honor
2072 3697 2348 3742 existimatio
2391 3706 2577 3743 sanctae
2615 3697 2725 3754 fidei
2766 3704 2950 3742 nostrae

1602 3758 1625 3796 5
1675 3752 1984 3812 participibus
2022 3754 2119 3797 erit.
2192 3753 2559 3799 Animadvertere
2601 3758 2748 3798 autem
2800 3767 2949 3798 omnes

1593 3814 1814 3867 possunt,
1866 3813 1918 3852 ut
1968 3809 2190 3863 diximus,
2242 3823 2321 3853 eos
2373 3810 2452 3866 qui
2505 3809 2634 3854 deum
2686 3823 2778 3853 non
2829 3815 2948 3853 recte

1602 3869 1627 3909 6
1685 3868 1956 3909 venerantur
1969 3865 2103 3909 etiam
2131 3865 2416 3910 terrestribus
2432 3865 2560 3909 bonis
2570 3864 2765 3930 privari.
2794 3864 2946 3923 Supra

1602 3919 1825 3964 dictorum
1875 3919 2018 3978 iqitur
2085 3935 2352 3978 quemquam
2409 3921 2478 3966 vel
2534 3920 2797 3978 diqnitatem
2851 3921 2945 3964 adi-

1594 3975 1716 4034 pisci
1768 3975 1838 4020 vel
1879 3975 2107 4035 cinqulum
2158 3984 2240 4020 aut
2291 3976 2418 4021 civile
2470 3983 2551 4021 aut
2592 3975 2788 4020 militare
2833 3990 2944 4019 nan—

1602 4031 1709 4075 cisci
1761 4030 1830 4075 vel
1871 4030 1933 4076 ad
1974 4032 2176 4076 ordinem
2228 4045 2546 4090 quemcumque
2588 4031 2822 4090 pertinere
2874 4046 2943 4076 ve-

1604 4093 1748 4131 tamus
1790 4087 1878 4131 nisi
1927 4087 2226 4132 cohortalium
2271 4088 2349 4145 qui
2395 4088 2632 4132 dicuntur:
2683 4087 2787 4130 huic
2829 4087 2943 4130 enim

1601 4157 1663 4188 ex
1713 4143 1887 4241 oriZqine
1928 4143 2151 4188 subiectos
2191 4157 2269 4188 eos
2313 4144 2454 4188 teneri
2495 4143 2699 4188 volumus
2744 4143 2942 4199 [neque]

1601 4213 1662 4243 ex
1703 4212 1775 4242 ma
1795 4212 1823 4242 a
1860 4198 1953 4255 fide
1994 4213 2079 4243 sua
2108 4199 2445 4244 excusationem
2484 4198 2671 4252 habere,
2716 4204 2766 4242 ut
2802 4199 2847 4240 in
2888 4211 2939 4242 eo

1600 4259 1835 4299 manentes<
1868 4260 1913 4300 et
1954 4255 2102 4299 omnia
2144 4255 2398 4299 necessario
2452 4255 2684 4313 implentes
2728 4266 2942 4310 omneque

1602 4323 1716 4354 onus
1754 4309 1878 4367 quod
1910 4311 2006 4355 eius
2033 4311 2220 4355 militiae
2258 4317 2325 4354 est
2351 4310 2589 4355 subeuntes
2608 4308 2941 4368 prohibeantur

1603 4372 1691 4411 tam
1730 4379 1758 4409 a
1780 4367 2070 4423 promotione
2105 4380 2239 4424 quam
2269 4365 2324 4410 ab
2364 4367 2650 4411 exsecutione
2679 4370 2838 4408 contra
2867 4377 2940 4408 or-

1603 4420 1831 4466 thodoxos
1890 4421 2168 4466 Christianos
2222 4421 2510 4480 publicorum
2564 4420 2940 4484 priuatorumque

1601 4476 1849 4522 debitorum
1900 4491 2038 4522 causa
2085 4477 2328 4535 facienda:
2377 4477 2532 4522 subole
2573 4475 2745 4520 scilicet
2784 4489 2938 4520 eorum

1600 4532 1741 4578 eidem
1782 4534 1896 4579 sorti
1937 4534 2192 4578 subiacente
2235 4538 2279 4579 et
2319 4533 2454 4593 ipsis,
2502 4532 2542 4575 si
2583 4531 2759 4576 interim
2799 4531 2939 4576 latere

1601 4594 1621 4632 7
1676 4589 1935 4647 potuerint,
1971 4590 2019 4634 in
2055 4603 2152 4634 eam
2189 4588 2427 4634 trahendis.
2488 4585 2623 4646 Ipsos
2658 4591 2804 4632 autem
2835 4587 2932 4632 hae·
