3080 4770
192 185 252 223 IN
286 179 482 231 QmBUS
520 180 705 220 CAUS1s
741 177 940 219 PIGNUS

246 314 311 364 16
351 315 476 362 Idem
514 318 606 362 AA.
647 321 693 363 et
731 315 809 363 00.
848 314 1051 383 ῌεναίάί.
1119 317 1218 362 Etsi
1253 318 1393 364 frater
1421 324 1524 365 tuus

186 386 276 420 non
304 385 451 440 suam,
482 374 561 419 sed
589 374 646 439 ad
673 378 719 418 te
746 375 1038 440 pertinentem
1065 375 1298 439 pecuniam
1325 380 1526 444 mutuam

187 430 1314 543 ⁸u3fi¹ss⁰ffssfissaiiiffi¹2ni⁰qiffisseaiiipfiss’miime}
1342 434 1437 532 2¹21.
1455 447 1524 533 {³22ss

579 633 587 641 .
619 603 665 643 et
694 594 771 642 00.
802 595 1006 641 Pontiae.
1074 598 1277 654 Quamvis
1308 548 1521 656 (115.ρὲἒὲ

238 543 295 586 ai.
328 541 567 587 Hadriano
604 542 667 587 oli
693 541 785 586 AA.
818 554 960 585 conss.

245 595 308 645 17
340 597 466 643 Idem

184 654 285 710 nia,
328 667 460 712 quam
498 667 526 698 a
562 658 608 699 te
636 657 787 697 mutuo
817 652 956 697 frater
983 657 1086 698 tuus
1117 657 1312 711 accepit,
1345 668 1520 712 compa-

184 711 297 754 ravit
324 711 564 768 praedium,
594 714 739 754 tamen
769 709 856 754 nisi
885 710 1135 766 specialiter
1164 712 1232 755 vel
1259 713 1523 768 generaliter

184 767 272 812 hoc
311 767 538 823 obligavit,
577 770 682 810 tuae
719 766 937 822 pecuniae
974 768 1218 812 numeratio
1258 770 1305 812 in
1342 781 1522 813 causam

183 823 381 880 pignoris
418 837 508 868 non
549 822 741 867 deduxit.
802 835 910 866 sane
944 824 1167 878 personali
1195 825 1371 869 actione
1400 823 1520 868 debi-

183 883 279 923 tum
316 879 436 936 apud
471 878 717 935 praesidem
755 881 907 935 petere
936 893 1024 923 non
1053 880 1318 935 prohiberis.
1378 879 1423 924 S.
1456 891 1528 923 XV

179 934 226 980 Ic.
258 933 359 980 Iun.
390 935 484 979 AA.
514 948 658 980 conss,
1335 941 1390 989 [a.
1424 939 1520 987 293]

242 988 307 1039 18
337 990 463 1035 Idem
491 992 582 1035 AA.
614 996 658 1034 et
689 988 766 1035 00.
800 988 995 1035 Euodio.
1055 992 1255 1048 Pignoris
1286 994 1354 1036 vel
1381 993 1520 1049 hypo-

181 1046 340 1091 thecae
367 1046 616 1104 persecutio
646 1046 693 1090 in
722 1058 815 1090 rem
847 1051 927 1091 est.
987 1046 1031 1091 S.
1064 1048 1106 1091 lc.
1134 1048 1238 1093 Dec.
1266 1047 1404 1105 Sirmi
1427 1047 1520 1147 {A

183 1115 328 1148 conss.
1333 1109 1390 1158 [a.
1422 1107 1446 1147 2
1480 1107 1520 1155 3]

241 1156 305 1206 19
336 1156 462 1204 Idem
489 1159 580 1202 AA.
621 1163 667 1203 et
697 1157 774 1203 00.
807 1157 1026 1205 Maximo.
1097 1161 1224 1205 Sicut
1260 1161 1346 1205 vim
1383 1160 1520 1203 maio-

180 1214 534 1315 fsmsissue
561 1214 758 1327 {aas
787 1219 1015 1316 {aas
1031 1216 1522 1317 saginasset

740 1305 750 1324 5

181 1339 233 1370 co
266 1326 367 1370 ‘tur.
427 1324 473 1370 S.
504 1339 619 1370 XVII
646 1326 688 1370 lc.
722 1326 821 1371 Ian.
853 1329 945 1371 AA.
978 1341 1121 1372 conss.
1332 1334 1388 1382 [a.
1421 1331 1518 1379 293]

272 1381 302 1430 Ο
333 1381 458 1427 Idem
482 1383 575 1427 AA.
607 1388 652 1427 et
675 1382 752 1427 00.
785 1383 1065 1428 Alexandro.
1126 1384 1328 1429 Creditor
1357 1384 1415 1428 ad
1443 1396 1520 1439 pe-

178 1438 379 1482 titionem
407 1439 584 1493 urgueri
612 1439 710 1482 iure
738 1439 917 1483 minime
945 1442 1106 1494 potest.
1151 1443 1423 1496 quapropter
1453 1452 1520 1491 eo,

179 1495 296 1549 quod
318 1507 394 1539 vos
419 1494 657 1539 heredibus
681 1495 903 1539 Euodiani
927 1495 1087 1540 debere
1113 1496 1347 1549 confiditis,
1371 1496 1520 1540 oblato

179 1555 240 1604 et,
282 1550 322 1594 si
349 1551 491 1594 nolint
520 1552 741 1607 accipere,
782 1552 1040 1616 consignato
1071 1554 1204 1607 atque
1235 1552 1435 1609 deposito
1467 1552 1522 1594 de

177 1606 400 1651 reddendo
440 1607 623 1663 pignore
661 1608 743 1651 hos
782 1606 1020 1662 praes1dali
1058 1609 1237 1652 notione
1276 1609 1518 1652 convenite.

176 1661 270 1706 ΡΡ.
303 1674 440 1706 XVIII
465 1662 508 1706 lc.
540 1663 669 1706 Febr.
706 1661 784 1707 00.
815 1675 958 1706 conss.
1331 1668 1387 1716 [a.
1422 1667 1518 1714 294]

234 1716 293 1763 21
332 1717 455 1762 Idem
485 1719 577 1762 AA.
619 1724 663 1762 et
701 1717 777 1762 00.
821 1717 936 1761 Vito.
1007 1718 1096 1763 Res
1139 1720 1358 1774 obligatas
1399 1726 1518 1762 exte-

175 1775 282 1817 rus²
311 1774 457 1818 debito
489 1774 633 1817 soluto
663 1773 892 1816 liberando
930 1773 1082 1817 datum
1120 1778 1285 1830 petere,
1327 1788 1416 1819 non
1446 1787 1518 1818 ea-

176 1830 302 1873 rum³
346 1829 585 1873 dominium
627 1828 815 1884 adipisci
856 1831 1021 1884 potest.
1096 1829 1142 1874 S.
1189 1842 1259 1874 II!
1298 1830 1341 1874 lc.
1383 1829 1521 1874 Nov.⁴

179 1884 405 1930 Retiariae
437 1882 514 1929 00.
546 1897 690 1928 conss.
1331 1891 1387 1938 [a.
1420 1889 1518 1938 294]

230 1937 296 1985 22
327 1938 454 1983 Idem
481 1939 574 1983 AA.
606 1944 652 1984 et
681 1938 759 1984 00.
785 1939 1101 1985 Antiochiano.
1162 1941 1393 1986 Secundus
1425 1954 1518 1985 cre-

173 1995 291 2039 ditor
319 1994 543 2039 offerendo
584 1995 723 2051 priori
754 1995 950 2040 debitum
981 1997 1215 2041 confirmat
1244 1998 1330 2042 sibi
1358 1998 1519 2054 pignus

171 2055 218 2095 et
253 2065 282 2096 a
319 2051 518 2096 debitore
554 2056 718 2096 sortem
749 2052 932 2108 eiusque
967 2057 1140 2097 tantum
1182 2067 1366 2109 usuras,
1407 2067 1520 2110 quae

170 2107 362 2172 fuis-sent
401 2107 725 2178 praestandae,
769 2121 859 2153 non
904 2109 1037 2153 etiam
1080 2123 1319 2155 usurarum
1359 2123 1518 2155 usuras

172 2177 268 2207 accl
299 2163 348 2207 it.
395 2167 440 2208 ὸ.
458 2175 528 2207 111
547 2163 607 2209 id.
623 2164 728 2209 Dec.
749 2164 1038 2211 Nicomediae
1061 2165 1138 2211 CC.
1167 2180 1308 2211 conss.
1344 2171 1399 2220 [a.
1419 2171 1516 2219 294]

230 2178 468 2284 2813&
505 2220 598 2264 AA.
624 2226 688 2286 'et
731 2220 808 2265 00.
849 2220 1134 2266 Macedonio.
1201 2223 1350 2267 Maior
1389 2224 1518 2267 annis

173 2276 325 2332 viginti
365 2288 556 2331 quinque
591 2277 788 2331 pignoris
831 2278 1120 2322 conventione
1158 2280 1366 2334 remissa,
1419 2294 1518 2324 cum

173 2333 288 2377 hoc³
326 2332 470 2376 solum
507 2337 686 2387 pactum
716 2333 785 2376 vel
821 2333 1068 2378 iurisdictio
1105 2335 1349 2379 secundum
1378 2335 1518 2391 ipsius

173 2388 443 2432 voluntatem
479 2390 670 2443 tueatur,
715 2390 922 2445 persequi
961 2403 1051 2435 non
1088 2396 1250 2447 potest.
1321 2390 1365 2435 S.
1407 2405 1521 2435 XVII

173 2444 216 2490 lc.
248 2443 348 2488 Ian.
380 2443 670 2489 Nicomediae
703 2443 780 2489 00.
814 2458 957 2490 conss.
1330 2452 1386 2500 [a.
1420 2451 1516 2499 294]

231 2498 298 2547 24
330 2499 455 2544 Idem
477 2502 569 2544 AA.
600 2507 645 2545 et
676 2499 753 2546 00.
784 2500 958 2546 Marco.
1017 2502 1334 2548 Persecutione
1363 2503 1517 2559 pigno-

172 2557 234 2601 ris
265 2557 427 2601 omissa
455 2556 677 2602 debitores
708 2557 883 2603 actione
912 2559 1138 2614 personali
1164 2560 1399 2604 convenire
1424 2573 1517 2604 cre-

174 2614 290 2657 ditor
319 2613 498 2668 urgueri
525 2626 615 2658 non
643 2616 806 2670 potest.
867 2613 912 2658 S.
941 2627 1014 2659 XV
1033 2614 1075 2659 lc.
1095 2614 1194 2660 Ian.
1228 2615 1519 2660 Nicomediae

176 2668 254 2714 00.
286 2683 429 2714 conss.
1329 2676 1386 2725 [a.
1419 2676 1516 2724 294]

230 2722 294 2771 25
329 2724 454 2770 Idem
475 2726 568 2770 AA.
599 2730 644 2770 et
671 2725 749 2771 00.
777 2725 1042 2772 Dracontio.
1089 2727 1237 2781 Servo,
1273 2729 1348 2784 qui
1371 2727 1519 2772 fuerat

171 2781 348 2839 pignori
387 2781 628 2837 obligatus,
671 2782 880 2827 defuncto
921 2783 1058 2827 debiti
1090 2787 1319 2839 permanet
1346 2784 1517 2840 integra

172 2838 342 2895 petitio.
388 2836 434 2882 S.
461 2850 534 2881 VJ!
558 2837 600 2881 lc.
619 2837 718 2882 Ian.
738 2837 1028 2884 Nicomediae
1047 2838 1124 2884 00.
1154 2853 1297 2884 conss.
1340 2845 1397 2892 [a.
1419 2845 1515 2893 294]

229 2891 295 2941 26
327 2892 453 2938 Idem
481 2894 574 2937 AA.
615 2899 661 2938 et
692 2893 769 2938 00.
801 2893 1040 2939 Mauricio.
1110 2896 1157 2939 Si
1184 2896 1267 2940 tibi
1296 2898 1518 2941 notarium

170 2949 366 3007 pignoris
402 2949 532 2994 titulo
573 2950 746 2995 debitor
785 2955 889 2995 tuus
927 2951 1154 3008 obligavit,
1195 2965 1319 3008 eum,
1364 2966 1391 2998 a
1430 2967 1516 3010 quo

169 3006 439 3063 mancipium
478 3007 715 3063 abreptum
774 3009 978 3063 roponis,
1018 3008 1138 3065 apud
1167 3014 1385 3054 rectorem
1413 3023 1516 3066 pro-

169 3063 341 3108 vinciae
357 3063 554 3107 conveni.
595 3062 642 3107 S.
668 3076 719 3107 VJ
765 3063 891 3108 ‚Ian
911 3063 1049 3108 Sirmi
1068 3064 1145 3110 00.
1165 3078 1308 3110 conss.
1342 3070 1398 3119 [a.
1418 3070 1516 3119 294]

229 3116 291 3184 2“ζ
326 3117 441 3175 Imp.
474 3117 759 3163 lastinianus
787 3121 839 3164 A.
871 3119 1032 3165 Menae
1051 3135 1136 3179 pp.
1206 3121 1350 3178 Super
1379 3123 1516 3180 hypo-

171 3175 333 3228 thecas,
378 3187 487 3229 quas
529 3175 702 3229 argenti
735 3176 1022 3220 distractores
1067 3177 1136 3221 vel
1177 3179 1408 3222 metaxarii
1450 3179 1519 3222 vel

173 3229 249 3273 alii
288 3243 663 3285 quarumcumque
701 3231 947 3286 specierum
978 3233 1276 3287 negotiatores
1305 3235 1517 3288 pecunias

173 3286 259 3330 sibi
298 3285 578 3330 credentibus
618 3286 725 3330 dare
762 3288 927 3339 solent,
971 3287 1058 3331 hoc
1096 3289 1349 3343 specialiter
1383 3303 1519 3345 super

172 3342 446 3397 amputanda
475 3341 594 3385 omni
622 3342 949 3386 machinatione
979 3343 1222 3398 sancimus,
1253 3350 1316 3396 ut,
1349 3345 1387 3389 si
1414 3350 1519 3400 post

174 3397 427 3441 huiusmodi
480 3401 757 3442 contractum
809 3398 962 3444 liberis
1006 3399 1099 3442 suis
1141 3401 1211 3443 vel
1255 3400 1341 3444 alio
1386 3401 1516 3446 modo

172 3454 764 3565 {iiffsigriila‘ssiuffieen
777 3454 1172 3555 σωὲἐξὲῗγέῗθῖἑι
1210 3456 1516 3558 sistitis

175 3569 297 3610 certa
326 3544 580 3611 definiiione
605 3566 848 3610 transmitti
873 3570 1034 3622 potest,
1064 3567 1198 3611 liceat
1222 3568 1516 3614 creditoribus

174 3636 337 3676 eorum,
367 3622 500 3666 etiam
530 3636 619 3666 non
648 3622 941 3678 probantibus
973 3637 1026 3666 ex
1049 3623 1250 3679 pecuniis
1277 3624 1516 3669 eorundem

172 3679 502 3732 negotiatorum
543 3678 708 3722 liberos
753 3690 906 3723 eorum
948 3680 1016 3723 vel
1056 3684 1268 3735 cognatos
1305 3681 1517 3725 militasse

174 3735 294 3788 (dum
337 3739 485 3778 tamen
530 3734 803 3778 contrarium
847 3749 935 3780 non
971 3736 1187 3791 probetur
1224 3737 1336 3780 alios
1374 3749 1397 3779 e
1436 3750 1515 3780 suo

172 3790 435 3847 patrimonio
478 3790 650 3835 dedisse
689 3791 938 3847 pecunias),
981 3791 1194 3835 creditum
1232 3793 1290 3836 ab
1331 3793 1400 3835 his
1441 3793 1517 3848 qui

173 3847 420 3891 militarunt
449 3847 621 3902 exigere
649 3848 718 3890 vel
746 3849 920 3892 tantum
949 3861 1026 3892 eos
1057 3847 1322 3903 efflagitare,
1363 3849 1517 3903 quanti

178 3909 194 3945 1
260 3902 388 3946 vendi
432 3902 584 3946 eadem
627 3903 783 3946 militia
820 3903 975 3958 possit.
1049 3904 1176 3959 Quod
1215 3905 1279 3949 ita
1317 3905 1517 3949 obtinere

174 3958 418 4010 sancimus,
461 3962 504 4002 et
541 3959 578 4002 si
618 3959 840 4002 extraneis
879 3959 1143 4014 quibusdam
1174 3960 1292 4005 idem
1319 3961 1515 4016 negotia-

173 4021 293 4060 tores
324 4015 378 4058 de
407 4014 499 4058 suis
531 4014 729 4070 pecuniis
758 4015 1008 4058 huiusmodi
1037 4015 1235 4059 militiam
1271 4017 1517 4072 adquisisse

173 4072 437 4128 probentur,
478 4075 541 4125 ut,
582 4070 700 4126 quod
736 4071 1002 4125 generaliter
1029 4071 1076 4115 in
1102 4071 1212 4127 ipsis
1243 4072 1515 4117 debitoribus

174 4127 463 4171 militantibus
494 4127 627 4170 talem
656 4126 873 4174 militiam.
905 4139 1018 4183 quae
1046 4127 1175 4172 vendi
1203 4129 1273 4173 vel
1302 4129 1358 4172 ad
1387 4129 1515 4172 here-

175 4185 251 4228 des
281 4183 519 4227 transmitti
549 4185 718 4238 potest,
758 4182 1020 4238 permissum
1050 4187 1138 4238 est,
1177 4188 1229 4228 ut
1255 4184 1390 4229 liceat
1418 4197 1514 4228 cre-

175 4240 391 4284 ditoribus
428 4244 474 4284 et
511 4240 658 4283 adhuc
687 4238 923 4283 viventium
961 4238 1211 4284 debitorum
1246 4239 1344 4285 iure
1374 4241 1513 4298 hypo-

176 4386 228 4438 (1)
257 4385 326 4426 sed
367 4386 450 4438 VC,
487 4401 559 4427 om.
593 4384 672 4426 PR
710 4400 794 4426 cum
825 4383 869 4425 B

176 4444 316 4502 exter-u
356 4443 426 4493 Va,
457 4442 606 4483 exteris
643 4438 712 4492 Vb,
742 4439 920 4480 exterius
956 4440 1009 4481 0⁰

176 4498 270 4594 Xuss
300 4554 518 4596 Mommsen

1033 4385 1086 4436 (2)
1118 4385 1176 4425 sic
1211 4382 1305 4450 ΨΒ
1342 4400 1426 4426 cum
1456 4385 1514 4434 B,

350 4499 423 4550 (4)
451 4511 484 4540 s.
515 4511 562 4538 vx
591 4497 648 4538 id.
680 4498 768 4538 Oct.
807 4496 1025 4538 Mommsen
1118 4441 1515 4549 (ἓῗῑῐσθὲἐεὲοἱᾟ

643 4554 700 4606 (6)
731 4565 778 4593 ea
806 4555 942 4592 tamen
984 4552 1096 4603 VRa,
1133 4565 1221 4592 eam
1251 4555 1315 4605 (ea
1343 4550 1423 4604 R»)
1452 4555 1513 4593 ta..

176 4623 270 4650 men
300 4622 403 4660 quae
439 4608 531 4651 GRb
551 4612 647 4663 fere
677 4625 760 4650 cum
792 4610 835 4650 B
919 4610 973 4659 (7)
1004 4608 1049 4649 B
1079 4609 1146 4658 52,
1178 4617 1212 4659 2,
1243 4618 1286 4650 65
1319 4624 1428 4661 seqq.
1458 4632 1511 4638 —
1587 4609 1678 4659 filii
1705 4609 1963 4659 successione,
1993 4608 2050 4647 eis
2078 4638 2086 4646 .
2106 4637 2115 4646 .
2133 4637 2142 4645 .

184 4667 244 4720 Cf.
276 4666 376 4720 Diq.
409 4670 475 4715 20,
507 4676 527 4708 2
641 4667 697 4717 (s)
735 4665 966 4705 necessitati
1004 4664 1040 4704 ei
1082 4664 1186 4716 (eius
1215 4663 1301 4715 Mb)
1342 4667 1405 4716 M,
1443 4679 1511 4705 ne-

1505 162 1607 223 341

2592 171 2716 223 VIII
2758 172 2834 224 13.
2878 174 2938 221 14

1606 321 1763 365 thecae
1791 319 2015 366 vindicare
2042 318 2235 374 militias,
2265 320 2352 366 nisi
2382 321 2490 367 satIs
2521 322 2605 367 sibi
2632 322 2732 377 fiat,
2771 328 2814 366 et
2842 326 2948 380 post

1607 380 1792 422 mortem
1821 389 1975 422 eorum
2003 375 2200 431 exigere,
2242 379 2358 433 quod
2390 392 2471 435 pro
2502 379 2641 423 isdem
2669 380 2833 424 militiis
2863 393 2944 435 pro

1605 435 1761 477 tenore
1814 431 2058 477 communis
2112 432 2394 479 militantium
2447 435 2601 491 placiti
2652 436 2722 479 vel
2773 436 2946 479 divinae

1606 489 1851 534 sanctionis
1879 488 1969 534 tale
1997 489 2267 545 praestantis
2291 491 2556 535 beneficium
2580 491 2676 535 dari
2704 492 2829 546 solet,
2860 492 2943 535 hoe

1604 544 1650 587 in
1687 545 2013 600 negotiatorum
2051 546 2276 600 personis,
2315 547 2419 591 licet
2461 547 2550 603 ipsi
2586 547 2822 591 militantes
2865 547 2944 589 mi-

1605 599 1721 644 1111119,
1757 601 1904 645 debito
1946 600 2124 645 obnoxii
2157 601 2259 655 sint,
2298 602 2519 658 integrum
2550 602 2843 645 creditoribus
2874 615 2944 645 eo-

1606 658 1630 698 2
1687 669 1786 699 rum
1829 661 2039 701 servetur.
2113 657 2241 712 Quod
2282 659 2449 703 scilicet
2489 658 2537 701 in
2573 656 2736 700 futuris
2766 657 2945 708 militiis,

1604 724 1694 754 non
1732 712 1864 755 etiam
1901 713 1948 756 in
1983 713 2077 769 his,
2109 726 2218 768 quas
2247 714 2378 758 liberi
2405 714 2475 758 vel
2505 712 2680 768 cognati
2710 712 2946 755 eorundem

1603 767 1929 821 negotiatorum
1971 769 2040 812 vel
2092 770 2292 813 extranei
2332 768 2532 824 pecuniis
2578 779 2732 810 eorum
2775 779 2945 809 merue-

1603 825 1729 877 runt,
1773 826 1923 867 tenere
1961 823 2198 868 sancimus.
2270 823 2326 868 D.
2365 823 2409 867 Ic.
2441 821 2542 867 Iun.
2584 821 2654 865 dn.
2690 821 2946 865 Iustiniano

1604 879 1656 922 A.
1679 891 1763 935 pp.
1796 889 1842 921 ΙΙ
1869 890 1989 922 cons.
2760 881 2816 929 [a.
2850 880 2946 926 528]

2097 1048 2241 1096 XIIII
2279 1045 2446 1107 (XV).⁷

1605 1131 1669 1172 IN
1713 1130 1916 1178 QUIBUS
1962 1130 2155 1172 CAUSIS
2179 1129 2375 1228 {1133ss
2377 1129 2404 1169 S

2454 1129 2660 1170 TAOITE
2710 1129 2950 1170 CONTRA-

1664 1268 1687 1316 1
1734 1266 1849 1327 Imp.
1889 1269 2147 1314 Antoninus
2185 1271 2236 1314 A.
2279 1269 2491 1336 Sperato.
2574 1269 2790 1314 Universa
2833 1268 2951 1312 bona

1605 1338 1756 1370 eorum
1784 1325 1860 1381 qui
1889 1329 2126 1370 censentur
2153 1326 2248 1371 vice
2279 1339 2514 1382 p1gn0rum
2544 1326 2726 1370 tributis
2756 1325 2847 1370 obli
2877 1329 2953 1368 ata

1604 1386 1724 1426 sunt.
1796 1380 1891 1426 ΡΡ.
1937 1381 1979 1426 lc.
2022 1381 2124 1427 Iun.
2164 1383 2394 1427 Antonino
2440 1383 2491 1426 A.
2531 1395 2622 1426 IIII
2664 1388 2708 1426 et
2752 1381 2845 1425 Bal
2873 1381 2950 1424 ino

1605 1451 1749 1482 conss.
2764 1442 2820 1491 [a.
2853 1441 2950 1489 213]

1662 1492 1693 1540 2
1734 1492 1860 1538 Idem
1899 1494 1950 1537 A.
1992 1492 2207 1539 Proculo.
2277 1494 2456 1538 Certum
2494 1497 2563 1539 est
2601 1495 2696 1538 eius
2738 1494 2814 1550 qui
2852 1506 2951 1537 cum

1604 1550 1713 1595 fisco
1755 1550 1980 1594 contrahit
2017 1551 2135 1595 bona
2173 1550 2311 1595 veluti
2348 1551 2547 1607 pignoris
2586 1551 2716 1595 titulo
2753 1549 2950 1604 obligari,

1637 1606 1803 1650 uamvis
1848 1606 2099 1662 specialiter
2140 1607 2186 1651 id
2229 1621 2317 1652 non
2368 1608 2640 1663 exprimitur.
2715 1606 2770 1650 D.
2817 1618 2866 1649 VJ
2907 1605 2949 1649 lc.

1656 1667 1742 1706 art.
1774 1661 1974 1706 Messala
2004 1667 2049 1707 et
2078 1661 2246 1707 Sabino
2278 1677 2422 1707 conss.
2763 1668 2819 1715 [a.
2853 1665 2950 1713 214]

1662 1714 1692 1764 3
1723 1717 1845 1761 Pars
1874 1732 1935 1762 ex
1964 1719 2185 1776 rescripto
2216 1720 2321 1777 imp.
2348 1719 2604 1764 Alexandri
2633 1719 2685 1762 A.
2746 1718 2951 1773 Quamvis

1603 1774 1778 1818 fructus
1817 1773 1991 1829 pignori
2031 1773 2236 1818 datorum
2276 1775 2571 1830 praediorum,
2613 1776 2697 1819 etsi
2723 1775 2770 1819 id
2801 1778 2951 1829 aperte

1604 1843 1696 1873 non
1735 1829 1794 1873 sit
1831 1841 2114 1884 expressum,
2156 1833 2200 1874 et
2228 1830 2316 1885 ipsi
2342 1832 2517 1886 pignori
2549 1831 2787 1875 credantur
2814 1830 2952 1872 tacita

1603 1885 1813 1941 pactione
1842 1897 1950 1936 esse,
1980 1886 2164 1940 praedia
2193 1891 2356 1940 tamen,
2388 1899 2502 1942 quae
2526 1892 2728 1930 emuntur
2754 1899 2808 1930 ex
2832 1885 2952 1929 fruc-

1604 1945 1731 1984 tuum
1768 1941 1934 1996 pretio‚
1981 1941 2039 1984 ad
2078 1942 2262 1985 eandem
2303 1955 2484 1986 causam
2524 1944 2671 1987 venire
2710 1942 2821 1986 nulli
2849 1954 2952 1997 pru-

1605 1997 1802 2041 dentium
1830 1996 2012 2052 placuit.
2072 1996 2166 2041 PP.
2198 1998 2257 2042 id.
2280 1997 2373 2043 Oct.
2398 1998 2606 2044 Maximo
2625 2011 2670 2043 ΙΙ
2697 2005 2741 2044 et
2763 1998 2951 2043 Aeliano

1605 2067 1748 2098 conss.
2765 2059 2820 2108 [a.
2854 2057 2951 2106 223]

1659 2106 1691 2154 4
1734 2107 1915 2168 Imppp.
1964 2109 2106 2155 Carus
2149 2110 2340 2155 Carinus
2383 2116 2429 2156 et
2470 2111 2775 2156 Numerianus
2817 2110 2951 2155 AAA.

1604 2166 1724 2210 Satis
1754 2172 1908 2210 notum
1939 2169 2007 2210 est
2037 2170 2082 2211 et
2109 2168 2224 2211 idem
2256 2169 2546 2212 constitutum
2575 2169 2695 2213 bona
2724 2181 2877 2212 earum
2905 2167 2949 2210 in

1605 2222 1751 2267 dotem
1782 2223 1906 2275 data,
1940 2236 2053 2278 quae
2082 2227 2249 2279 nuptae
2279 2229 2385 2268 sunt
2412 2225 2482 2269 his
2514 2225 2589 2279 qui
2617 2224 2828 2281 primipili
2857 2236 2951 2268 sar-

1605 2279 1750 2323 cinam
1775 2280 1982 2332 subeunt,
2011 2280 2205 2324 obnoxia
2230 2281 2488 2325 necessitati
2511 2281 2551 2324 ei
2566 2284 2582 2309 ⁸
2605 2281 2769 2324 teneri:
2800 2293 2951 2323 verum

1604 2340 1725 2379 certo
1757 2335 1922 2390 ordine,
1963 2339 2016 2379 ut
2054 2336 2223 2379 scilicet
2253 2341 2360 2380 tunc
2391 2337 2565 2380 demum
2595 2337 2654 2380 ad
2683 2337 2767 2380 hoc
2797 2336 2949 2379 mulie-

1602 2392 1662 2435 ris
1692 2391 2007 2446 patrimonium
2036 2392 2282 2448 periculum
2312 2393 2536 2449 respiciat,
2568 2393 2605 2436 si
2628 2392 2843 2436 universis
2869 2392 2949 2435 viri

1602 2459 1658 2491 ac
1701 2447 2027 2491 nominatorum
2071 2447 2364 2493 facultatibus
2409 2448 2636 2492 exhaustis
2681 2448 2791 2491 nihil
2842 2448 2949 2491 resi-

1603 2503 1741 2547 duum
1783 2503 2046 2547 inveniatur.
2114 2503 2168 2548 D.
2210 2516 2237 2547 V
2276 2504 2335 2548 id.
2374 2506 2488 2562 Auq.
2539 2504 2654 2549 Caro
2699 2511 2743 2550 et
2784 2503 2947 2548 Carino

1602 2561 1694 2604 AA.
1728 2573 1872 2604 conss.
2760 2565 2817 2614 [a.
2850 2563 2947 2611 283]

1660 2614 1690 2662 5
1724 2615 1870 2680 Impp.
1902 2615 2215 2661 Diocletianus
2253 2620 2297 2660 et
2325 2615 2640 2661 Maximianus
2668 2618 2761 2661 AA.
2794 2622 2839 2661 et
2869 2615 2947 2661 00.

1606 2671 1876 2717 Corinthiae.
1936 2672 1982 2716 Si
2012 2686 2101 2716 non
2126 2672 2174 2716 in
2198 2672 2392 2717 inductis
2419 2677 2463 2717 et
2485 2673 2650 2717 illatis⁹
2677 2675 2723 2717 in
2748 2672 2948 2727 fundum,

1603 2741 1717 2785 quae
1746 2728 1940 2784 pignoris
1970 2729 2113 2773 teneri
2142 2741 2280 2772 causa
2308 2729 2556 2784 placuerat,
2586 2729 2810 2785 mancipia
2838 2729 2948 2773 fuis-

1604 2787 1703 2829 sent
1729 2797 1814 2828 nec
1837 2785 1948 2829 haec
1974 2784 2224 2840 specialiter
2248 2785 2442 2839 obligata
2463 2788 2778 2839 monstrentur,
2802 2789 2950 2828 rector

1601 2841 1856 2897 provinciae
1894 2853 1948 2885 ea
1987 2841 2162 2885 restitui
2201 2841 2384 2884 iubebit.
2446 2854 2528 2886 nec
2567 2842 2683 2886 enim
2713 2844 2949 2898 praetextu

1603 2897 1741 2942 debiti
1771 2898 2035 2952 pensionum
2065 2897 2390 2941 restitutionem
2415 2897 2574 2941 horum
2600 2899 2762 2942 morari
2786 2902 2947 2954 potest,

1602 2967 1723 3007 cum,
1764 2954 1802 2998 si
1841 2954 1946 3010 quid
1986 2954 2069 2998 sibi
2103 2953 2252 2997 deberi
2282 2953 2457 2998 domina
2486 2953 2613 2998 fundi
2643 2967 2698 2998 ex
2726 2954 2948 3009 pensioni-

1602 3011 1686 3055 bus
1726 3010 1794 3054 vel
1838 3022 2115 3066 quacumque
2158 3010 2331 3054 ratione
2373 3009 2564 3066 probare
2602 3011 2764 3065 possit,
2814 3009 2948 3053 huius

1603 3067 1868 3112 solutionem
1908 3066 2178 3110 sollemniter
2215 3065 2313 3109 fieri
2352 3066 2595 3110 conveniat.
2656 3065 2836 3109 Subscr.
2870 3077 2950 3108 XI!

1601 3122 1644 3168 lc.
1677 3122 1805 3167 Febr.
1842 3121 1919 3166 CC.
1953 3135 2096 3166 conss.
2758 3125 2813 3173 [a.
2848 3124 2944 3172 294]

1660 3176 1691 3226 6
1736 3176 1920 3235 ¹⁰Impp.
1963 3177 2239 3222 Theodosius
2276 3182 2321 3220 et
2369 3175 2711 3220 Valentinianus
2748 3178 2839 3220 AA.
2886 3177 2948 3220 ad

1602 3234 1881 3278 Florentium
1912 3247 1997 3291 pp.
2067 3233 2113 3276 Si
2147 3236 2287 3276 mater
2316 3232 2508 3288 legitima
2535 3233 2774 3276 liberorum
2803 3233 2947 3277 tutela

1601 3293 1812 3345 suscepta
1851 3289 1910 3332 ad
1950 3289 2170 3333 secundas
2210 3290 2367 3333 contra
2400 3292 2726 3332 sacramentum
2754 3290 2945 3345 praesti-

1601 3351 1696 3390 tum
1724 3345 2016 3400 adspiraverit
2044 3344 2237 3399 nuptias,
2267 3348 2504 3400 antequam
2531 3345 2572 3388 ei
2594 3347 2787 3388 tutorem
2811 3346 2945 3388 alium

1600 3402 1758 3446 fecerit
1774 3400 1968 3444 ordinari
1994 3400 2167 3455 eique¹¹
2195 3401 2312 3455 quod
2338 3401 2524 3445 debetur
2551 3413 2605 3444 ex
2628 3402 2802 3446 ratione
2826 3405 2944 3446 tute-

1599 3459 1670 3501 lae
1707 3461 1859 3511 gestae
1898 3456 2170 3512 persolverit,
2214 3456 2403 3500 ¹2mariti
2442 3470 2618 3512 quoque
2648 3458 2740 3502 eius
2769 3461 2944 3514 praete-

1599 3514 1713 3557 ritae
1738 3513 1904 3557 tutelae
1929 3512 2173 3557 ratiociniis
2199 3512 2318 3556 bona
2341 3514 2435 3558 iure
2459 3513 2654 3570 pignoris
2675 3515 2945 3560 tenebuntur

1601 3569 1806 3613 obnoxia.
1875 3568 1928 3612 D.
1968 3580 2019 3611 VJ
2054 3569 2113 3612 id.
2145 3567 2232 3612 Iul.
2268 3567 2660 3628 Constantinopoli
2692 3569 2942 3614 Theodosio

1600 3628 1649 3669 A.
1684 3636 1798 3668 XVI!
1824 3629 1870 3669 et
1897 3625 2030 3669 Festo
2062 3637 2205 3669 conss.
2755 3630 2812 3678 [a.
2842 3629 2940 3677 439]

1659 3679 1687 3726 7
1721 3679 1834 3738 Imp.
1867 3679 2149 3725 Iustinianus
2176 3682 2228 3725 A.
2260 3680 2460 3726 Iohanni
2487 3696 2565 3747 pp.
2625 3680 2856 3724 Sancimus
2888 3680 2942 3724 de

1598 3737 1783 3781 invectis
1814 3749 1842 3779 a
1871 3736 2140 3780 conductore
2167 3738 2303 3782 rebus
2338 3739 2384 3781 et
2417 3738 2572 3789 illatus,
2612 3749 2724 3791 quae
2764 3736 2940 3780 domino

1599 3806 1681 3848 pro
1727 3793 2012 3848 pensionibus
2056 3792 2192 3836 tacite
2236 3794 2511 3848 obligantur,
2562 3805 2651 3836 non
2700 3793 2842 3836 solum
2893 3791 2941 3835 in

1600 3855 1789 3903 utraque
1827 3848 1971 3892 Roma
2010 3851 2056 3892 et
2092 3850 2314 3893 territorio
2355 3862 2507 3893 earum
2550 3848 2636 3891 hoc
2682 3848 2752 3892 ius
2791 3848 2940 3891 locum

1599 3905 1784 3957 habere,
1823 3905 1902 3948 sed
1941 3905 2074 3948 etiam
2110 3905 2157 3949 in
2195 3905 2360 3950 nostris
2398 3903 2650 3960 provinciis.
2715 3903 2795 3946 tali
2823 3903 2938 3946 enim

1598 3961 1718 4004 iusta
1759 3961 2119 4016 praesumptione
2172 3961 2305 4005 etiam
2350 3972 2500 4006 omnes
2541 3962 2718 4003 nostros
2759 3958 2938 4014 provin-

1600 4017 1735 4061 ciales
1774 4016 1990 4072 perpotiri
2028 4016 2342 4062 desideramus
2410 4016 2465 4061 D.
2496 4027 2568 4060 xv
2600 4015 2644 4058 lc.
2683 4014 2795 4060 Nov.
2825 4019 2940 4072 post

1599 4072 1883 4117 consulatum
1922 4071 2162 4131 Lampadii
2199 4079 2246 4119 et
2285 4072 2456 4118 Orestis
2498 4085 2562 4117 vv.
2600 4083 2662 4115 cc.
2706 4083 2828 4115 anno
2869 4083 2939 4115 se·

1600 4127 1761 4174 cundo.
2746 4130 2806 4182 [a.
2836 4129 2936 4178 532]

1600 4384 1785 4424 cessitate
1814 4383 1868 4432 R,
1899 4384 2134 4424 necessitato
2167 4384 2205 4423 ei
2241 4383 2276 4424 0
2365 4383 2421 4433 (9)
2454 4382 2498 4420 in
2528 4380 2708 4420 inductis
2738 4381 2778 4419 et
2806 4377 2935 4418 illatis

1598 4442 1748 4492 scripsi
1771 4455 1854 4479 cum
1878 4439 1936 4491 B,
1968 4440 2150 4480 inductis
2179 4443 2220 4479 et
2248 4438 2389 4479 inlatis
2418 4438 2471 4486 R,
2504 4437 2673 4476 inducta
2699 4439 2738 4475 et
2760 4435 2877 4474 illata
2905 4437 2939 4475 0

1599 4495 1675 4546 (10)
1705 4513 1759 4527 =
1790 4498 1828 4546 6,
1859 4504 1918 4545 56,
1950 4505 1970 4537 6
2009 4496 2114 4538 Nov.
2151 4496 2295 4536 Theod.
2340 4496 2401 4545 11,
2433 4503 2462 4544 1,
2493 4503 2536 4534 2:
2584 4495 2702 4544 {unqe
2732 4495 2769 4540 ὃ,
2801 4500 2858 4539 58,
2893 4501 2931 4532 10

1597 4554 1666 4603 (11)
1698 4551 1736 4592 ei
1862 4551 1981 4603 eique
2012 4553 2036 4593 l.
2067 4567 2165 4606 yem.
2197 4566 2279 4591 cum
2303 4549 2421 4599 Nom,
2454 4551 2523 4590 ubi
2550 4550 2684 4601 ayitur
2714 4549 2762 4588 de
2791 4549 2936 4588 mortui

2171 4606 2289 4655 eique
2317 4606 2371 4656 R,
2403 4605 2459 4646 eis
2485 4634 2495 4645 .
2513 4635 2523 4645 .
2540 4635 2549 4644 .
2577 4604 2715 4654 eisque
2744 4605 2786 4654 0,
2818 4606 2869 4654 cs.
2887 4604 2932 4643 B

1598 4668 1671 4717 (12)
1700 4663 1837 4703 mariti
1869 4693 1878 4703 .
1898 4693 1907 4703 .
1967 4663 2143 4704 obnoxia
2172 4662 2483 4703 Iustinianorum
2513 4671 2603 4702 sunt
