3138 4776
131 163 139 202 j
167 150 243 191 DE
279 146 692 186 DEFENSORIBUS
729 143 1029 185 CIVITATUM

222 283 252 334 5
287 284 373 330 ¹Im
397 299 481 344 pp.
533 281 871 328 Valentinianus
902 278 1176 326 Theodosius
1212 285 1257 327 et
1272 281 1498 327 Arcadius

164 341 296 389 AAA.
346 299 555 385 flbtamio
597 339 858 404 praefecto·
893 337 1158 404 Augustali..
1230 340 1496 384 Defensores

165 397 274 443 nihil
303 396 386 442 sibi
414 396 667 447 insolenter,
702 392 810 438 mh1l
845 391 1086 435 mdebltum
1114 394 1388 439 vmdicantes
1416 407 1496 438 no-

164 453 292 499 minis
329 453 399 497 sui
436 455 608 497 tantum
645 450 886 505 fungantur
915 447 1084 492 officio:
1125 451 1267 495 nullas
1297 450 1498 506 infligant

163 509 339 560 multam
377 509 618 553 severiores
646 506 762 550 non2
799 508 1034 548 exerceant
1063 506 1364 560 quaestiones,
1402 505 1496 561 ple-

165 566 264 610 bem
292 564 362 608 vel
400 564 656 608 decuriones
695 561 750 605 ab
789 559 905 604 omni
937 560 1236 615 improborum
1265 560 1497 606 insolentia

167 626 211 666 et
247 621 491 665 temeritate
527 621 752 670 tueantur,
791 619 842 658 ut
869 614 914 658 id
944 619 1126 670 tantum,
1159 617 1276 672 quod
1306 629 1403 661 esse
1431 615 1495 659 di-

167 680 340 731 cuntur,
381 688 478 720 esse
513 687 600 719 non
629 672 840 716 desinant.
900 670 955 714 D.
989 683 1056 715 III
1081 686 1184 716 non.
1215 671 1352 717 Mart.
1386 670 1497 716 Con-

165 732 366 778 stantino
401 731 463 776 oli
476 728 672 775 Arcadio
700 728 752 772 A.
785 738 831 770 ΙΙ
856 731 902 771 et
914 725 1082 825 Rugno
1113 741 1255 772 conss.
1316 732 1372 781 [a.
1397 725 1494 781 392]

223 785 255 835 6
285 789 303 815 ³
362 801 430 832 em
456 785 586 831 AAA.
620 783 810 828 Tatiano
832 796 916 840 pp.
1025 795 1071 826 er
1101 796 1250 827 omnes
1281 783 1495 839 regiones,

166 845 212 888 in
240 843 397 900 q'uibus
425 841 520 886 fera
548 844 592 884 et
618 838 803 895 periculi
833 838 899 881 sui
929 839 1078 882 nescia
1106 839 1324 882 latronum
1353 838 1498 882 feruet

166 900 356 954 insania,
393 895 689 963 probatissimi
729 893 890 949 quique
927 898 970 936 et
1009 894 1319 939 districtissimi
1348 892 1495 937 defen-

167 968 289 1000 sores
318 954 461 998 adsint
495 951 749 1006 disciplinae
790 956 832 992 et
862 950 1129 1005 quotidianis
1168 951 1341 994 actibus
1369 960 1496 1005 prae-

166 1012 272 1064 sint,
310 1009 383 1067 qui
418 1021 509 1052 non
547 1006 696 1051 sinant
735 1005 917 1049 crimina
945 1007 1188 1062 impunita‘¹
1228 1006 1495 1050 coalescere:

165 1065 498 1111 removeantur⁵
543 1061 810 1118 patrocinia,
867 1074 979 1117 quae
1029 1061 1276 1106 feruorem⁶
1326 1061 1412 1105 reis
1453 1063 1499 1102 et

165 1121 376 1166 auxilium
405 1118 634 1164 scelerosis
670 1117 959 1173 impertiendo
997 1118 1210 1161 maturari
1239 1117 1404 1162 scelera
1431 1114 1496 1159 fe-

165 1180 331 1222 cerunt.
371 1174 427 1219 D.
453 1187 481 1218 V
504 1175 563 1218 id.
581 1173 725 1233 April.
746 1171 1138 1231 Constantinopoli
1153 1173 1348 1218 Arcadio
1373 1171 1424 1216 A.
1456 1181 1502 1214 ΙΙ

163 1235 210 1278 et
233 1230 400 1288 Rufino
429 1243 572 1275 conss.
1313 1232 1368 1281 [a.
1400 1229 1496 1277 392]

219 1284 249 1333 7
281 1285 446 1346 ''Impp.
467 1285 690 1331 Arcadius
718 1290 763 1330 et
787 1284 1022 1329 Honorius
1037 1286 1127 1329 AA.
1149 1284 1399 1329 Caeciliano
1412 1295 1495 1341 pp.

162 1343 428 1388 Defensores
469 1342 693 1386 civitatum
730 1341 903 1385 oblatos
943 1341 1027 1386 sibi
1062 1342 1194 1385 reos⁸
1231 1341 1277 1383 in
1305 1339 1403 1395 ipso
1431 1339 1497 1382 la-

161 1399 348 1444 trocinio
377 1399 444 1442 vel
482 1410 719 1453 congressu
749 1397 980 1441 violentiae
1019 1402 1096 1440 aut
1134 1409 1214 1452 per
1248 1398 1390 1439 etrato
1419 1394 1498 1437 ho-

162 1454 336 1500 micidio
375 1458 528 1510 stupro
567 1454 634 1497 vel
670 1457 802 1508 raptu
842 1453 909 1496 vel
948 1452 1161 1496 adulterio
1233 1451 1497 1507 eprehensos

164 1516 209 1555 et
245 1511 355 1555 actis
397 1509 616 1566 publicis⁹
659 1509 742 1552 sibi
784 1508 970 1552 traditos
1017 1520 1227 1563 expresso
1269 1505 1450 1550 crimine
1464 1508 1498 1532 ¹⁰

164 1579 263 1611 cum
291 1566 373 1620 his,
414 1578 441 1609 a
469 1566 628 1621 quibus
658 1564 822 1607 fuerint
852 1564 1063 1615 accusati,
1096 1576 1198 1606 mox
1227 1563 1310 1606 sub
1339 1562 1499 1606 idonea

193 1622 517 1666 rosecutione¹²
547 1621 604 1664 ad
632 1619 843 1663 iudicium
873 1619 1071 1674 dirigant.
1117 1617 1171 1661 D.
1187 1617 1306 1675 prid.
1334 1617 1377 1662 lc.
1395 1616 1495 1660 Ian.

212 1677 411 1722 ediolani
425 1675 674 1720 Stilichone
690 1687 736 1718 Π
761 1680 806 1718 et
824 1673 1062 1718 Anthemio
1093 1673 1280 1717 conss-,¹²
1324 1676 1381 1726 [a.
1398 1675 1496 1725 405]

218 1728 248 1779 8
293 1731 476 1790 ¹³Impp.
515 1730 751 1774 Honorius
803 1734 849 1773 et
887 1728 1163 1773 Theodosius
1197 1728 1290 1773 AA.
1349 1727 1497 1772 Caeci-

161 1787 283 1832 liano
303 1801 387 1845 pp.
454 1785 718 1830 Defensores
755 1785 820 1828 ita
855 1784 1150 1840 praecipimus
1189 1784 1406 1836 ordinari,
1447 1788 1498 1827 ut

159 1843 299 1888 sacris
337 1841 609 1886 orthodoxae
652 1841 870 1896 religionis
912 1840 1070 1884 imbuti
1113 1840 1331 1896 mysteriis
1374 1852 1496 1884 reve-

159 1898 504 1943 rentissimorum
543 1897 851 1953 episcoporum
897 1909 977 1940 nec
1014 1909 1104 1940 non
1143 1896 1405 1940 clericorum
1454 1900 1498 1940 et

158 1955 474 1998 honoratorum
516 1966 570 1997 ac
611 1965 916 2009 possessorum
960 1956 1004 1995 et
1048 1952 1277 1996 curialium
1317 1952 1496 1997 decreto

159 2010 503 2054 constituantur:
561 2009 615 2052 de
665 2020 851 2065 quorum
901 2007 1176 2052 ordinatione
1218 2008 1498 2052 referendum

158 2070 227 2110 est
266 2065 323 2109 ad
365 2065 704 2109 illustrissimam
746 2064 1074 2121 praetorianam
1116 2068 1405 2121 potestatem,
1447 2068 1498 2108 ut

155 2122 312 2166 litteris
364 2121 557 2165 eiusdem
606 2120 861 2176 magnificae
912 2120 1029 2165 sedis
1081 2133 1232 2165 eorum
1284 2121 1499 2166 solidetur

162 2183 178 2221 1
252 2177 504 2222 auctoritas.
579 2177 704 2232 Quod
746 2177 786 2221 si
830 2177 934 2232 quid
981 2189 1009 2220 a
1063 2177 1259 2232 qualibet
1304 2190 1498 2233 persona

159 2237 313 2278 contra
347 2233 571 2290 publicam
609 2233 885 2289 disciplinam
922 2233 969 2275 in
997 2233 1235 2276 laesionem
1265 2247 1494 2289 possesso-

158 2302 257 2333 rum
290 2288 388 2334 fieri
416 2289 697 2344 cognoverint
734 2288 1008 2340 defensores,
1046 2289 1267 2333 referendi
1303 2289 1498 2333 habeant

193 2348 424 2390 otestatem
468 2345 525 2388 ad
566 2345 759 2388 illustres
811 2348 855 2388 et
897 2344 1154 2399 magnificos
1196 2345 1314 2388 viros
1366 2359 1495 2400 prae-

181 2404 302 2445 ectos
330 2400 552 2456 praetorio
591 2405 636 2444 et
671 2401 863 2444 illustres
892 2400 1009 2443 viros
1040 2401 1273 2455 magistros
1302 2402 1497 2456 equitum

158 2459 205 2500 et
237 2456 456 2512 peditum,
503 2456 735 2511 magistros
774 2456 905 2499 etiam
943 2455 1191 2499 officiorum
1230 2461 1273 2500 et
1315 2457 1497 2500 comites

160 2517 249 2556 tam
287 2525 515 2557 sacrarum
551 2513 618 2555 lar
649 2512 831 2555 ‘tionum
870 2524 1002 2566 quam
1038 2525 1182 2555 rerum
1210 2513 1495 2568 privatarum.

158 2567 215 2614 D.
245 2580 327 2612 ΧΗ
361 2567 404 2612 lc.
441 2567 569 2612 Febr.
653 2581 851 2612 avennae
890 2567 1099 2612 Honorio
1139 2580 1234 2612 VH]
1275 2573 1321 2613 et
1357 2568 1496 2613 Theo-

160 2623 290 2669 dosio
320 2635 389 2667 ΙΙΙ
413 2624 504 2668 AA.
537 2637 680 2668 conss.
1184 2679 1187 2682 ι
1308 2628 1365 2677 [a.
1397 2628 1495 2678 409]

215 2677 247 2726 9
281 2678 443 2723 ¹“Idem
479 2679 571 2723 AA.
616 2678 867 2723 Caeciliano
897 2693 982 2737 pp.
1049 2679 1257 2723 Iubemus
1297 2693 1405 2723 cura
1443 2693 1497 2725 ac

158 2735 353 2780 sollertia
392 2734 670 2779 defensorum
719 2735 892 2778 minime
930 2747 1211 2791 possessores
1253 2736 1496 2781 maioribus

156 2791 371 2836 mensuris
401 2794 446 2835 et
473 2791 744 2847 ponderibus
782 2803 809 2834 a
839 2791 1170 2846 susceptoribus
1200 2792 1494 2847 praegravari,

154 2847 232 2892 sed
274 2860 349 2891 eos
389 2846 682 2903 deprehensos
727 2846 783 2890 ad
825 2847 1036 2892 iudicium
1080 2847 1206 2903 dirigi
1250 2860 1350 2891 cum
1395 2848 1495 2904 ipso

158 2907 176 2946 1
240 2903 496 2948 commissae
523 2903 693 2946 fraudis
722 2902 897 2947 indicio.
963 2903 1080 2946 Illud
1110 2904 1241 2946 etiam
1269 2903 1364 2947 fieri
1392 2917 1494 2960 per-

154 2959 380 3010 mittimus,
410 2963 473 3014 ut,
513 2959 551 3002 si
589 2959 933 3015 provincialibus
963 2959 1126 3003 nostris
1159 2961 1399 3004 contestari
1427 2962 1494 3004 in-

152 3016 289 3059 iurias
328 3027 406 3059 seu
443 3015 658 3059 laesiones
698 3028 801 3059 suas
843 3015 1120 3071 cupientibus
1159 3020 1357 3060 actorum
1388 3030 1493 3061 con-

153 3070 286 3115 fectio
329 3083 357 3114 a
393 3070 698 3115 defensoribus
729 3071 981 3126 denegetur,
1012 3071 1192 3115 licentia
1231 3073 1294 3116 eis
1323 3073 1493 3117 tribua-

153 3132 226 3170 tur
238 3127 456 3182 querellae
470 3127 676 3182 propriae
689 3127 885 3170 libellum
903 3127 1200 3183 conscriptum
1212 3141 1264 3172 eo
1276 3133 1430 3173 tenore
1445 3131 1492 3182 ¹⁵,

156 3195 242 3238 quo
280 3182 427 3225 fuerat
466 3183 815 3236 contestandum,
854 3183 902 3226 in
936 3183 1310 3238 frequentioribus
1342 3185 1492 3229 civita-

156 3241 249 3281 tum
287 3237 398 3281 locis
428 3238 700 3292 proponendi
739 3238 1110 3293 conveniendique
1140 3239 1323 3293 scribas,
1363 3241 1492 3284 tabu-

156 3293 288 3336 larios
327 3297 371 3336 et
410 3296 557 3336 cetera
595 3292 743 3336 officia
778 3293 958 3348 publica
997 3295 1375 3350 commonendam,
1413 3309 1494 3351 per

157 3361 271 3404 quae
303 3348 499 3392 libellum
539 3349 680 3403 colligi
719 3349 940 3404 oportebit
986 3352 1118 3404 atque
1162 3350 1308 3394 invitis
1358 3364 1494 3407 supra

154 3404 406 3449 memoratis
445 3404 646 3460 personis
687 3405 768 3448 sub
811 3409 1012 3448 actorum
1051 3404 1328 3450 confectione
1372 3408 1492 3462 inge-

157 3547 206 3597 (1)
233 3565 291 3582 =
324 3545 396 3587 Th.
432 3548 466 3598 1,
498 3554 558 3596 29,
590 3555 608 3587 1

156 3603 210 3654 (a)
239 3621 295 3636 =
330 3599 403 3642 Th.
438 3604 473 3652 1,
505 3610 563 3653 29,
595 3611 615 3644 s

781 3548 832 3597 (2)
864 3545 1086 3587 severiores
1115 3549 1215 3596 non]
1249 3545 1386 3586 nullas
1420 3548 1492 3588 Th.

705 3603 756 3652 (4)
787 3601 1035 3654 impunitate
1070 3600 1143 3646 Th.
1230 3603 1282 3654 (5)
1313 3604 1372 3644 sic
1405 3603 1492 3653 Th.,

156 3659 392 3697 removeant
409 3658 504 3699 libri
586 3659 641 3709 (6)
657 3657 836 3698 favorem
858 3658 931 3699 Th.
1046 3659 1099 3710 (7)
1129 3678 1186 3694 =
1214 3659 1286 3699 Th.
1318 3660 1355 3707 9,
1389 3668 1423 3710 2,
1453 3669 1493 3701 5:

156 3714 274 3766 inuqc
306 3714 343 3764 1,
374 3721 408 3764 4,
439 3721 459 3754 9
501 3722 537 3754 et
566 3728 668 3766 quae
698 3715 756 3754 ibi
784 3714 1002 3755 laudantur
1128 3715 1184 3766 (8)
1214 3714 1260 3753 in
1290 3726 1495 3755 carcerem

155 3781 240 3808 non
278 3768 447 3808 mittant
482 3767 552 3808 sed
587 3770 662 3810 ins.
698 3770 770 3810 Th.
954 3770 1012 3822 (9)
1050 3769 1372 3822 municipalibus
1419 3771 1495 3812 Th.

156 3824 228 3874 (ιο)
257 3822 611 3876 prosecutionibus
632 3825 897 3876 arguentium
930 3827 1004 3867 ins.
1026 3826 1098 3866 Th.
1215 3830 1281 3874 (11)
1312 3828 1372 3867 sic
1406 3827 1496 3879 Th„

162 3880 445 3932 persecutione
476 3879 570 3920 libri
679 3881 752 3933 (12)
781 3879 819 3920 d.
849 3893 917 3921 x11
945 3882 986 3922 k.
1018 3881 1140 3922 Febr.
1169 3882 1387 3923 Ravennae
1407 3882 1497 3922 Ho-

156 3935 275 3976 norio
305 3947 388 3975 vm
418 3936 459 3975 et
486 3934 714 3976 Theodosio
742 3949 796 3976 m
824 3937 911 3977 AA.
942 3949 1069 3979 conss,
1100 3939 1172 3990 (==
1201 3953 1240 3979 a.
1271 3947 1357 3980 409)
1390 3947 1427 3978 et
1455 3940 1496 3980 in

158 3992 413 4044 inscriptione
442 3991 567 4044 impp.
597 3990 810 4032 Honorius
840 3994 881 4032 et
909 3992 1163 4034 Theodosius
1184 3995 1271 4034 AA.
1307 3995 1380 4035 Th.
1412 4009 1498 4035 cum

159 4047 257 4088 locis
274 4048 507 4102 iunyendis:
536 4061 640 4100 quae
662 4062 732 4088 cur
746 4056 897 4090 mutata
911 4050 994 4090 sint
1007 4057 1156 4091 retento
1177 4047 1407 4092 Caeciliano
1422 4065 1496 4103 pp.

157 4104 258 4144 anni
280 4111 364 4153 409,
380 4118 458 4143 non
474 4103 726 4156 intelleqitur,
757 4118 842 4144 cum
850 4106 1088 4157 praesertim
1105 4106 1162 4146 ad
1174 4107 1303 4158 ipsam
1324 4108 1498 4147 sanctio-

159 4173 244 4200 nem
254 4159 520 4212 formandam
536 4159 640 4199 nihil
653 4159 815 4200 aliunde
832 4160 1010 4202 additum
1025 4161 1210 4203 videatur
1289 4162 1361 4213 (13)
1381 4162 1500 4216 iunqe

1510 126 1570 186 91

2650 133 2673 183 Ι
2713 135 2912 186 55-57

1579 281 1706 326 rendi
1721 281 1768 334 ¹⁷,
1799 291 1983 337 quorum
2015 280 2270 334 quaestione
2299 280 2407 324 fides
2438 279 2578 335 possit
2606 281 2788 337 inquiri:
2831 296 2918 340 qua

1578 338 1769 392 probata
1796 337 1842 381 in
1871 348 1959 389 eos,
2000 349 2109 391 quos
2139 344 2358 392 gestorum
2385 337 2568 392 petitam
2599 339 2917 383 confectionem

1580 405 1763 448 negasse
1780 390 2038 443 constiterit,
2069 393 2191 450 vigor
2211 393 2468 437 iudiciarius
2486 397 2724 435 exseratur.
2767 394 2821 438 D.
2840 408 2921 439 XII

1580 446 1622 491 lc.
1653 449 1782 493 Febr.
1821 447 2064 492 Ravennae
2102 448 2310 493 Honorio
2349 460 2443 492 νη]
2486 453 2532 491 et
2577 446 2822 491 Theodosio
2855 463 2921 493 ιιι

1578 503 1672 547 AA.
1703 517 1846 548 conss.
2734 506 2790 553 [a.
2821 509 2917 557 409]

1642 556 1703 605 10
1734 559 1804 603 Im
1829 557 2172 618 p.1heodosius
2188 565 2231 603 et
2249 558 2592 604 Valentinianus
2606 556 2829 612 AACuro
2871 575 2919 615 p.

1579 612 1702 656 Nulli
1742 574 2021 659 defensorum
2057 614 2188 658 licere
2227 615 2526 666 decernimus,
2575 613 2614 656 si
2653 612 2707 655 de
2745 614 2835 666 pub
2854 615 2922 656 ica

1579 669 1877 714 sollicitudine
1904 670 2092 714 voluerit
2122 683 2168 714 se
2197 671 2398 722 liberare,
2428 669 2515 712 nisi
2545 668 2712 712 divinos
2745 668 2920 711 adfatus

1578 723 1849 768 intimaverit
1887 730 1992 769 tuae
2031 726 2314 769 sublimitatis
2353 724 2538 777 iudicio,
2579 723 2760 778 triginta
2788 723 2921 766 libra-

1577 791 1677 821 rum
1714 782 1810 823 auri
1847 794 2035 835 poenam
2072 786 2163 824 tam
2209 780 2561 823 moderatoribus
2600 778 2923 834 provinciarum

1580 846 1711 888 quam
1742 837 1896 878 ceteris
1927 836 2146 880 iudicibus
2171 836 2238 879 vel
2269 835 2607 878 temeratoribus
2637 833 2754 876 sacri
2781 835 2924 877 nostri

1580 889 1750 933 oraculi
1788 891 2024 944 subituris,
2066 892 2103 934 si
2139 891 2340 945 neglecta
2369 888 2503 932 fuerit
2532 888 2774 932 auctoritas
2803 889 2924 944 prin-

1818 944 1873 988 D.
1904 956 1977 988 XV
2018 945 2060 988 lc.
2103 945 2225 1003 Sept.
2270 943 2663 1002 Constantinopoli
2705 943 2822 1002 Cyro
2862 959 2924 989 ve.

2738 1005 2794 1052 [a.
2827 1004 2924 1052 441]

1581 945 1748 1000 cipalis.

1580 1014 1702 1044 cons.

1642 1054 1699 1101 11
1742 1054 1932 1113 *¹⁸Imp.
1973 1054 2245 1099 Anastasius
2280 1056 2331 1098 A.
2372 1053 2616 1098 Eustathio
2645 1069 2730 1113 pp.
2798 1056 2927 1100 Iube-

1580 1114 1711 1155 *mus
1750 1124 1826 1156 eos
1866 1110 2171 1155 tantummodo
2216 1109 2273 1153 ad
2302 1109 2581 1154 defensorum
2614 1124 2764 1154 curam
2793 1125 2922 1168 pera-

1581 1168 1804 1223 *gendam
1834 1167 2050 1220 ordinari,
2089 1167 2164 1222 qui
2193 1166 2491 1210 sacrosanctis
2524 1167 2795 1211 orthodoxae
2826 1169 2927 1211 reli-

1582 1224 1758 1278 *gionis
1789 1223 1946 1267 imbuti
1974 1223 2193 1280 mysteriis
2242 1223 2328 1266 hoc
2356 1223 2567 1277 imprimis
2595 1223 2675 1266 sub
2706 1228 2927 1279 gestorum

1583 1279 1940 1334 *testificatione,
1979 1283 2214 1335 praesente
2246 1291 2422 1334 quoque
2462 1278 2787 1334 religiosissimo
2828 1280 2928 1323 fidei

1582 1336 1894 1379 *orthodoxae
1935 1335 2152 1387 antistite,
2192 1347 2272 1390 per
2313 1334 2610 1390 depositiones
2649 1347 2749 1378 cum
2780 1349 2928 1379 sacra-

1582 1393 1753 1436 *menti
1792 1392 2000 1447 religione
2041 1391 2325 1435 celebrandas
2356 1391 2662 1447 patefecerint.
2721 1392 2784 1435 ita
2814 1392 2928 1435 enim

1581 1448 1692 1491 *eos
1748 1449 2044 1504 praecipimus
2099 1447 2314 1498 ordinari,
2375 1451 2426 1490 ut
2478 1448 2927 1492 reverentissimorum

1582 1504 1928 1559 *episcoporum
1967 1517 2050 1548 nec
2087 1517 2176 1547 non
2214 1503 2473 1547 clericorum
2522 1508 2566 1547 et
2611 1503 2928 1548 honoratorum

1582 1560 1671 1602 *ac
1701 1573 2010 1615 possessorum
2039 1563 2084 1604 et
2114 1559 2345 1603 curialium
2376 1558 2553 1603 decreto
2586 1561 2925 1604 constituantur.

1582 1616 1607 1642 *
1618 1614 1672 1658 D.
1686 1628 1789 1659 XII!
1802 1615 1845 1659 lc.
1855 1614 1964 1660 Mai.
1980 1615 2229 1660 Sabiniano
2246 1620 2291 1659 et
2302 1614 2537 1660 Theodoro
2554 1618 2726 1660 conss*
2757 1620 2813 1669 [a.
2832 1620 2928 1669 505]

2191 1843 2319 1891 LVI.

1733 1925 1809 1964 DE
1840 1925 2291 1966 MAGISTRATIBUS
2322 1925 2782 1966 MUNICIPALIBUS.

1643 2006 1665 2054 1
1708 2006 1858 2067 ¹⁹Imp.
1894 2007 2218 2053 Constantinus
2245 2007 2298 2052 A.
2330 2007 2393 2051 ad
2407 2008 2688 2053 Florentium
2708 2022 2793 2067 pp.
2840 2008 2929 2052 De-

1583 2065 1786 2109 curiones
1817 2064 1874 2108 ad
1902 2064 2209 2119 magistratum
2238 2065 2308 2108 vel
2348 2065 2623 2108 exactionem
2655 2077 2928 2108 annonarum

1583 2126 1684 2165 ante
1724 2126 1815 2165 tres
1852 2133 2024 2165 menses
2064 2120 2132 2163 vel
2172 2120 2360 2176 amplius
2397 2120 2617 2164 nominari
2652 2121 2826 2173 debent,
2867 2127 2928 2174 ut,

1582 2177 1621 2221 si
1646 2177 1922 2233 querimonia
1947 2189 2100 2221 eorum
2126 2176 2246 2220 iusta
2271 2177 2483 2232 videatur,
2509 2178 2602 2220 sine
2617 2177 2929 2232 impedimento

1579 2234 1627 2276 in
1653 2233 1910 2277 absolvendi
1937 2234 2085 2277 locum
2115 2232 2229 2276 alius
2255 2234 2534 2289 subrogetur.
2607 2232 2662 2277 D.
2698 2232 2756 2277 id.
2783 2234 2928 2292 April.

1585 2288 1979 2348 Constantinopoli
1990 2289 2029 2315 ²⁰
2058 2287 2224 2333 Severo
2258 2294 2303 2332 et
2328 2288 2497 2345 Rufino
2527 2302 2671 2334 conss.
2742 2293 2799 2342 [a.
2831 2293 2928 2342 323]

1639 2342 1670 2390 2
1701 2343 1848 2403 Impp.
1892 2344 2237 2389 Valentinianus
2265 2348 2311 2388 et
2343 2344 2506 2389 Valens
2533 2346 2627 2389 AA.
2658 2344 2719 2389 ad
2749 2343 2930 2389 Germa-

1581 2401 1779 2444 nianum.
1820 2401 2109 2456 Magistratus
2129 2399 2504 2444 conficiendorum
2519 2405 2720 2445 actorum
2735 2401 2930 2445 habeant

1581 2458 1859 2511 potestatem.
1920 2456 1974 2499 D.
2008 2467 2112 2499 ΧΠ]
2138 2455 2180 2499 lc.
2214 2455 2314 2499 Ian.
2350 2454 2570 2501 Gratiano
2600 2471 2676 2515 np.
2708 2462 2753 2502 et
2774 2456 2929 2514 Daqu-

1583 2512 1701 2569 laifo
1732 2525 1875 2556 conss.
2742 2516 2799 2566 [a.
2831 2515 2928 2565 366]

2163 2739 2355 2788 LV11.²¹

1720 2822 1796 2862 DE
1829 2820 2056 2863 OFFIGIO
2087 2821 2331 2863 IURIDIGI
2361 2821 2788 2862 ALEXANDRIAE.

1642 2901 1664 2949 1
1701 2902 1810 2949 22Im
1836 2917 1888 2962 p.
1920 2902 2012 2947 Leo
2044 2908 2091 2948 et
2116 2903 2381 2949 Anthemius
2407 2904 2497 2948 AA.
2529 2902 2797 2948 Alexandro
2827 2903 2931 2949 duci

1580 2963 1626 3004 et
1658 2917 1900 3019 praedito
1937 2960 2190 3017 Auqustali.
2259 2960 2468 3005 Iubemus
2510 2959 2630 3016 apud
2667 2959 2930 3004 Alexandri-

1579 3029 1665 3060 nae
1703 3016 1936 3060 dumtaxat
1973 3015 2243 3060 clarissimae
2283 3017 2473 3060 civitatis
2503 3016 2738 3059 iuridicum
2764 3016 2930 3060 licitum

1579 3077 1623 3116 et
1654 3085 1915 3117 concessum
1945 3084 2042 3116 esse
2070 3073 2252 3127 singulis
2291 3072 2537 3128 quibusque
2565 3072 2818 3116 volentibus
2849 3072 2930 3116 do-

1579 3129 1774 3172 nationis
1799 3128 2076 3183 conscriptae
2103 3129 2373 3172 sollemniter
2396 3128 2691 3171 instrumenta
2715 3139 2929 3180 reserare,

1580 3185 1831 3239 eisdemque
1872 3184 2012 3227 robur
2052 3183 2214 3227 adiciet
2250 3188 2478 3238 gestorum
2509 3183 2643 3227 series
2674 3183 2791 3239 apud
2820 3196 2928 3227 eun-

1580 3241 1678 3284 dem
1707 3239 1848 3282 virum
1880 3239 2097 3291 confecta,
2128 3243 2354 3294 tamquam
2384 3240 2422 3283 si
2451 3238 2570 3294 apud
2599 3239 2740 3282 virum
2771 3239 2927 3284 claris-

1579 3296 1737 3340 simum
1774 3294 2098 3338 moderatorem
2144 3295 2398 3350 provinciae
2436 3296 2505 3338 vel
2541 3296 2824 3351 magistratus
2859 3296 2928 3340 vel

1579 3351 1856 3414 defensorem
1866 3349 2006 3405 plebis
2024 3350 2176 3393 habita
2193 3350 2335 3395 fuisse
2350 3351 2582 3396 diceretur.
2628 3349 2683 3395 D.
2700 3351 2790 3395 lc.2³
2804 3350 2927 3411 Sept.

1580 3405 1974 3464 Constantinopoli
2004 3405 2185 3451 Zenone
2211 3411 2258 3451 et
2279 3405 2520 3452 Marciano
2553 3421 2695 3451 conss.
2742 3412 2797 3461 [a.
2815 3412 2927 3461 4691.

1586 3549 1622 3597 1,
1656 3555 1690 3598 4,
1723 3555 1742 3587 9
1778 3555 1814 3587 et
1842 3562 1946 3600 quae
1976 3548 2036 3588 ibi
2065 3548 2291 3590 laudantur
2432 3548 2503 3599 (14)
2533 3569 2590 3584 =
2624 3547 2696 3590 Th.
2734 3550 2797 3600 11,
2828 3557 2863 3602 8,
2893 3557 2914 3591 3

1583 3605 1701 3656 iunqe
1738 3605 1771 3653 1,
1802 3610 1836 3654 4,
1868 3610 1888 3644 9
1920 3611 1957 3643 et
1986 3618 2089 3657 quae
2118 3605 2179 3645 ibi
2207 3605 2426 3646 laudantur
2519 3605 2591 3656 (15)
2621 3605 2680 3645 sic
2706 3604 2793 3655 Th„
2824 3606 2926 3646 tem-

1580 3670 1680 3711 pore
1712 3658 1808 3699 libri
1892 3659 1966 3711 (16)
1996 3661 2056 3701 sic
2084 3660 2229 3711 MTA„
2260 3659 2546 3701 commonendi
2579 3658 2650 3701 CR

1581 3713 1719 3766 ingeri
1749 3728 1834 3754 cum
1868 3714 1941 3755 Th.

2743 3661 2817 3713 (17)
2846 3675 2925 3701 scr.

2133 3717 2209 3768 (18)
2239 3731 2272 3758 σ.
2302 3725 2353 3768 11,
2384 3731 2502 3770 quam
2532 3717 2711 3757 omittunt
2741 3717 2847 3766 libri,
2879 3731 2927 3757 ex

1584 3769 1672 3811 loco
1708 3771 1864 3824 qemino
1897 3771 1933 3822 1,
1964 3779 1999 3823 4,
2028 3780 2070 3814 19
2111 3773 2294 3813 restituta
2331 3781 2388 3813 est
2422 3773 2659 3813 auctoritate
2698 3772 2925 3813 Paratitlo-

2165 3827 2240 3879 (19)
2268 3848 2324 3864 =
2357 3828 2430 3869 Th.
2464 3829 2528 3879 12,
2558 3836 2587 3877 1,
2620 3836 2664 3868 8:
2697 3828 2815 3880 iunye
2848 3825 2922 3867 Th.

1915 3883 1994 3934 (20)
2023 3884 2082 3925 sic
2112 3892 2148 3925 et
2176 3884 2248 3925 Th.
2277 3885 2341 3936 11,
2366 3891 2503 3935 30,12:
2540 3883 2922 3935 Constantinopolim

1582 3937 1786 3991 Byzantio
1832 3939 2107 3980 substituerint
2149 3939 2422 3981 Theodosiani
2466 3937 2623 3979 Codicis
2665 3940 2921 3989 confectores,

1575 4007 1654 4046 pro
1684 3992 1722 4032 d.
1741 3994 1875 4046 suerit
1901 4005 1984 4046 pp„
2015 4010 2099 4036 cum
2116 3996 2247 4036 eodem
2265 3996 2329 4036 die
2349 3993 2630 4036 Constantinus
2646 3993 2791 4035 Sirmii
2818 4009 2919 4036 com-

1582 4057 1756 4089 moratus
1783 4050 1849 4099 sit,
1886 4051 1936 4102 cf
1967 4052 2006 4103 3,
2037 4059 2092 4102 12,
2122 4059 2141 4092 3
2235 4050 2310 4103 (21)
2348 4050 2409 4103 Cf.
2426 4050 2526 4104 Diq.
2543 4058 2572 4099 1,
2592 4058 2636 4091 20
2734 4050 2812 4103 (22)
2823 4051 2918 4103 sor-

1585 4112 1688 4145 tasse
1718 4105 1921 4158 iunqenda
1937 4106 1975 4158 8,
1992 4115 2084 4158 52,3
2173 4107 2251 4158 (23)
2282 4106 2402 4146 d.V11
2429 4105 2485 4145 id.
2519 4106 2557 4156 8,
2588 4113 2646 4157 52,
2677 4113 2697 4147 3

1582 3841 1667 3867 rum
1698 3826 1755 3866 ad
1786 3823 1916 3867 Const.
1946 3834 1978 3878 1,
2007 3834 2028 3869 3

1585 3883 1649 3932 11,
1666 3890 1724 3931 30,
1742 3889 1781 3922 12

2495 4674 2576 4716 12*
