3054 4796
121 216 218 268 VII
254 215 331 263 63.
370 212 434 261 64

120 375 171 404 ne
197 358 446 412 ingemiscat
469 357 663 397 mortuae
689 363 849 394 causae
875 347 1157 405 dispendium,
1185 344 1436 409 sed-nostro

116 415 302 470 gaudeat
333 410 559 461 beneficio,
600 420 698 450 cum
729 406 855 450 nobis
887 406 1103 460 cognitum
1134 402 1192 444 sit
1220 404 1351 464 enam
1381 411 1436 441 ex

117 480 261 513 errore
302 464 454 509 calculi
494 463 659 506 dierum
698 472 827 514 quem
871 461 1065 504 officium
1107 457 1262 499 habuit
1305 465 1436 518 saepe

116 536 208 568 esse
239 532 393 565 causas
453 517 715 562 ericlitatas:
751 516 868 570 quod
896 515 941 558 in
970 517 1192 569 posterum
1223 523 1312 553 non
1340 508 1436 552 fier1

122 580 172 622 id
226 591 278 620 ex
306 587 421 618 reme
454 573 493 616 io
522 570 627 626 legis
658 572 905 624 praesentis
930 567 1194 624 sperandum
1220 570 1298 609 est.
1327 564 1434 630 ‘Eo-

116 636 210 677 dem
250 629 457 676 beneficio
498 633 540 670 et
576 628 621 668 in
661 625 756 667 aliis
793 625 994 668 omnibus
1023 622 1234 665 fatalibus
1264 633 1340 675 qul
1367 620 1437 664 vel

114 704 138 732 a
182 686 386 744 pedaneis
429 682 643 726 iudicibus
673 681 738 731 vel
777 680 832 722 ab
872 679 1012 742 aliia,
1035 690 1144 731 quos
1187 677 1304 732 leges
1344 676 1436 720 suis

113 742 409 789 sanctionibus
435 739 808 787 enumeraverunt,
845 732 1129 777 custodiendo
1156 734 1260 777 seu¹
1284 732 1435 776 obser·

114 799 272 850 vando,
311 801 359 839 ut
396 795 543 837 decem
580 791 738 834 fatales
774 802 853 844 pro
891 801 979 833 uno
1008 789 1171 845 ubique
1200 787 1436 832 instituan-

115 862 135 897 2
194 858 273 898 tur.
333 852 383 893 In
418 849 485 892 his
515 853 662 890 autem
693 845 891 897 casibus,
931 844 977 888 in
1015 845 1174 900 quibus
1212 843 1436 888 biennium

114 910 392 954 constitutum
430 907 516 954 est,
558 906 774 958 quatenus
813 913 934 945 more
978 900 1351 945 consultationum
1389 899 1436 942 in

113 965 226 1020 regia
262 963 369 1005 urbe
406 960 485 1003 sub
525 957 746 1002 communi
773 956 999 1001 audientia
1026 956 1435 1001 florentissimorum

113 1019 246 1063 nostri
290 1015 443 1072 palatii
483 1026 716 1070 procerum
758 1013 1042 1064 ventilentur,
1090 1012 1254 1056 biennii
1296 1015 1435 1055 metas

113 1077 236 1118 unius
264 1072 365 1115 anni
388 1069 584 1114 terminis
610 1072 873 1123 coartamus,
903 1072 954 1112 ut
976 1068 1091 1112 intra
1117 1080 1217 1111 oum
1242 1072 1287 1111 et
1311 1071 1436 1123 gesta

113 1131 308 1185 colligere
346 1130 390 1171 et
425 1138 477 1170 ea
505 1126 608 1169 viris
645 1124 812 1169 devotis
841 1124 1156 1190 epistularibus
1185 1123 1360 1167 tradere
1392 1127 1437 1187 et

112 1184 387 1230 refutatorios
415 1181 606 1234 libellos,
645 1180 682 1223 si
711 1180 950 1231 voluerint,
982 1179 1139 1223 offerre
1169 1184 1212 1223 et
1240 1179 1360 1222 litem
1390 1190 1437 1220 m

113 1255 281 1285 sacrum
316 1243 515 1282 nostrum
553 1237 862 1281 consistorium
889 1236 1168 1279 introducere
1199 1238 1434 1290 cogantur:

113 1297 216 1340 nulli
253 1295 425 1339 licentia
464 1292 717 1348 deneganda
757 1292 954 1336 victrici2
993 1291 1131 1347 parti,
1170 1290 1208 1335 si
1238 1290 1438 1342 voluerit,

111 1351 343 1396 secundum
370 1349 486 1405 quod
510 1348 597 1391 iam
625 1348 912 1392 constitutum
941 1353 1009 1391 est
1022 1348 1049 1399 ³,
1083 1351 1126 1390 et
1154 1350 1437 1402 praemature

110 1414 132 1450 3
178 1419 353 1451 causam
377 1405 586 1448 inducere
611 1416 751 1459 neque
773 1404 922 1446 annali
947 1403 1089 1458 spatio
1111 1404 1357 1458 expectato.
1389 1401 1437 1445 Si

110 1470 249 1506 tamen
287 1462 331 1504 in
371 1473 497 1505 sacro
538 1464 688 1504 nostro
726 1459 986 1503 consistorio
1020 1458 1074 1501 lis
1105 1458 1333 1503 exordium
1364 1470 1436 1501 ce-

109 1519 233 1574 perit,
263 1517 346 1561 etsi
374 1530 462 1560 non
492 1515 626 1559 fuerit
652 1515 698 1558 in
729 1515 880 1559 eodem
910 1515 979 1559 die
1008 1514 1248 1569 completa,
1288 1518 1436 1557 tamen

108 1574 357 1630 perpetuari
382 1585 477 1616 eam
505 1571 797 1623 concedimus,
828 1584 927 1614 cum
951 1570 1151 1626 iniquum
1175 1570 1233 1613 sit
1256 1574 1437 1625 propter

108 1630 416 1686 occupationes
441 1627 738 1672 florentissimi
769 1626 948 1679 ordinis,
981 1638 1091 1681 quas
1116 1626 1236 1670 circa
1257 1630 1437 1669 nostrae

109 1685 282 1741 pietatis
311 1683 551 1727 ministeria
578 1684 741 1726 habere
768 1682 985 1735 noscitur,
1024 1694 1183 1725 causas
1214 1681 1438 1726 hominum

110 1751 131 1784 4
201 1740 411 1796 deperire.
484 1739 597 1782 Illud
642 1738 771 1782 etiam
815 1739 1001 1782 merito⁴
1044 1737 1292 1781 addendum
1335 1737 1438 1780 huic

108 1797 192 1852 legi
221 1808 460 1847 censemus,
490 1797 542 1838 ut
570 1794 608 1838 si
638 1795 711 1849 qui
737 1795 863 1838 fatali
887 1794 957 1838 die
982 1794 1103 1849 apud
1128 1793 1437 1848 appellationis

108 1853 295 1896 iudicem
330 1850 630 1903 introductus,
671 1850 760 1894 sive
798 1862 854 1893 ex
891 1862 980 1893 una
1011 1854 1138 1904 parte
1168 1849 1257 1893 sive
1289 1849 1437 1904 cogni-

110 1909 328 1952 tionaliter
381 1918 541 1950 causae
593 1905 903 1961 appellationis
957 1906 1015 1948 im
1049 1909 1154 1949 onat
1196 1905 1437 1957 exordium,

111 1963 264 2007 deinde
306 1962 459 2006 relicta
501 1974 554 2005 ea
595 1960 793 2005 discedat
836 1964 880 2005 et
919 1961 967 2004 in
1040 1961 1179 2005 esidia
1221 1961 1438 2015 reliquum

109 2022 280 2075 tempus
310 2021 567 2073 permaneat
596 2022 639 2060 et
667 2017 826 2060 annale
855 2019 1028 2072 tempus
1057 2019 1160 2072 post
1186 2016 1439 2060 inchoatam

110 2076 228 2120 litem
256 2073 540 2130 praeterierit,
571 2072 735 2117 victore
765 2084 905 2128 neque
931 2072 1192 2116 sententiam
1221 2071 1279 2115 ad
1308 2072 1438 2117 effec-

110 2137 200 2174 tum
229 2129 470 2185 perducere
498 2128 669 2172 valente
704 2134 885 2184 propter
920 2128 1041 2171 litem
1070 2128 1157 2172 iam
1186 2128 1437 2172 inchoatam

111 2198 250 2241 neque
288 2186 374 2227 iam
390 2187 407 2211 ⁵
444 2185 674 2227 terminum
704 2185 904 2239 accipere
931 2184 1198 2238 inveniente,
1229 2197 1328 2227 cum
1358 2196 1437 2239 ap-

109 2241 330 2296 pellatoris
369 2239 568 2282 absentia
606 2240 731 2282 eam⁸
769 2239 887 2282 finiri
923 2252 1012 2283 non
1050 2239 1183 2283 facile
1219 2240 1437 2291 concedit,

109 2295 359 2339 huiusmodi
393 2294 668 2350 iniquitatem
707 2297 986 2350 amputantes
1015 2298 1131 2347 (cum
1161 2295 1437 2339 adversarius

107 2355 253 2406 potest
291 2353 336 2393 et
371 2350 546 2393 minime
583 2355 818 2405 praesente
856 2349 1128 2405 appellatore
1164 2350 1284 2393 litem
1312 2362 1437 2393 exer-

107 2419 228 2459 cere,
273 2406 375 2461 quia
418 2405 503 2449 hoc
548 2405 741 2460 speciale
778 2405 931 2460 privile
963 2405 1051 2448 'um
1089 2406 1184 2448 eius
1229 2410 1317 2457 est,
1362 2403 1439 2460 qui

105 2460 387 2518 appellationi
423 2459 738 2503 examinandae
775 2461 922 2515 praesi
956 2466 1021 2513 et,
1063 2473 1195 2515 posse
1224 2461 1309 2504 ex⁷
1348 2473 1438 2504 una

103 2522 229 2574 parte
259 2529 436 2560 causam
466 2515 667 2559 dirimere
681 2517 712 2568 ⁸)
750 2516 951 2560 iubemus
975 2516 1161 2560 eundem
1190 2516 1436 2572 appellato-

104 2586 216 2628 rem,
253 2572 337 2616 nisi
366 2572 660 2616 observaverit
692 2571 901 2615 iudicium
931 2576 975 2616 et
1004 2584 1183 2616 causam
1211 2584 1352 2628 usque
1380 2571 1438 2615 ad

104 2629 234 2673 finem
276 2628 512 2684 peregerit,
564 2627 642 2671 sed
684 2641 763 2692 per
807 2640 905 2671 eum
957 2628 1150 2681 steterit,
1205 2628 1438 2676 quominus

106 2685 248 2729 omnia
286 2684 373 2727 litis
414 2683 653 2728 certamina
691 2683 979 2739 1mpleantur,
1027 2697 1084 2740 ap
1119 2678 1321 2728 ellatione
1361 2684 1436 2728 de-

106 2740 304 2784 fraudari
357 2743 401 2783 et
450 2739 709 2782 sententiam
754 2743 906 2783 contra
949 2751 1046 2783 eum
1105 2744 1223 2782 atam
1265 2739 1311 2783 in
1356 2752 1437 2784 suo

108 2796 264 2839 robore
292 2795 451 2838 durare
476 2797 519 2838 et
543 2794 599 2837 ad
622 2794 824 2838 effectum
845 2794 1040 2851 perduci,
1064 2800 1288 2851 tamquam
1313 2796 1351 2839 si
1380 2795 1436 2839 ab

108 2852 230 2894 initio
253 2850 429 2893 minime
453 2849 587 2893 fuerit
611 2854 921 2906 provocatum:
951 2850 1038 2893 nisi
1065 2851 1162 2907 ipse
1191 2851 1438 2906 appellator

109 2906 425 2950 evidentissime
462 2905 798 2960 probationibus
834 2906 975 2961 possit
1004 2905 1235 2950 ostendere
1264 2919 1311 2950 se
1341 2906 1436 2962 qui-

23 3011 26 3013 ,
109 2963 205 3006 dem
242 2973 411 3005 summa
449 2973 532 3017 ope
570 2961 713 3004 nisum
742 2961 934 3005 voluisse
961 2961 1084 3005 litem
1113 2973 1329 3017 exercere,
1359 2974 1440 3018 per

108 3018 296 3061 iudicem
320 3019 466 3061 autem
489 3016 664 3061 stetisse
687 3017 756 3060 vel
779 3017 908 3060 aliam
923 3017 1237 3062 inexorabilem
1259 3030 1438 3062 causam

108 3074 401 3127 subsecutam,
429 3077 610 3128 propter
639 3085 771 3128 quam
804 3072 891 3117 hoc
914 3072 1062 3117 facere
1086 3073 1263 3117 minime
1288 3073 1437 3119 valuit.

107 3135 211 3172 tunc
241 3128 398 3172 etenim
427 3128 548 3171 aliud
577 3128 616 3172 ei
644 3129 805 3172 annale
833 3133 1006 3184 tempus
1030 3129 1319 3185 indulgemus,
1350 3142 1436 3185 quo

111 3184 313 3228 effluente
342 3189 386 3227 et
413 3183 491 3228 lite
518 3183 693 3227 minime
720 3183 852 3228 finem
880 3184 1126 3240 accipiente
1152 3185 1310 3230 cadere
1338 3198 1438 3230 eum

113 3241 164 3283 de
209 3239 494 3295 appellatorio
537 3239 755 3283 iuvamine
805 3240 1075 3296 disponimus
1088 3272 1099 3293 ,
1155 3254 1254 3285 cum
1297 3241 1356 3286 sit
1398 3242 1439 3286 ei

111 3295 385 3350 apertissima
419 3295 610 3339 facultas
646 3300 691 3339 et
718 3300 915 3340 nostram
943 3296 1064 3340 adire
1092 3296 1366 3342 maiestatem
1394 3302 1440 3342 et

108 3350 360 3394 tarditatem
394 3350 552 3395 iudicis
590 3350 638 3395 in
677 3352 913 3408 querellam
950 3351 1168 3398 deducere
1207 3358 1253 3397 et
1283 3358 1437 3398 nostro

110 3412 133 3449 5
192 3405 402 3450 beneficio
432 3406 656 3462 perpotiri.
717 3407 797 3452 Cui
828 3411 1168 3453 consentaneum
1197 3413 1285 3462 est,
1314 3414 1364 3453 ut
1392 3412 1439 3454 et

109 3463 155 3506 in
195 3462 419 3505 sententiis
460 3463 648 3505 omnium
698 3463 1064 3518 amplissimorum
1110 3464 1438 3530 praefectorum

108 3518 330 3574 praetorio
370 3529 426 3560 ex
464 3517 606 3561 divino
645 3519 823 3562 oraculo
852 3519 1143 3564 retractand1s
1173 3521 1326 3565 eadem
1356 3522 1436 3565 ob-

109 3572 308 3625 servatio,
341 3585 450 3628 quae
479 3586 614 3629 supra
643 3573 759 3618 dicta
787 3578 866 3627 est,
901 3580 1004 3630 post
1031 3576 1276 3631 ingressum
1306 3577 1437 3622 unius

108 3630 175 3672 vel
214 3628 442 3684 utriusque
480 3629 620 3683 partis
658 3633 747 3671 tam
786 3636 965 3685 propter
1000 3631 1245 3676 absentiam
1283 3646 1437 3688 perso-

110 3689 134 3728 6
180 3697 334 3727 narum
362 3697 492 3740 quam
520 3689 703 3740 propter
731 3689 896 3728 statuta
924 3691 1122 3743 tempora
1150 3693 1312 3732 teneat.
1358 3689 1437 3732 Sin

78 3759 85 3766 ·
108 3745 254 3784 autem
292 3745 441 3795 partes
479 3739 594 3784 inter
623 3752 670 3784 se
699 3740 919 3795 scriptura
947 3742 1261 3788 interveniente
1322 3745 1435 3788 acis-

110 3795 293 3839 cendum
322 3807 418 3839 esse
448 3795 715 3839 crediderint
749 3797 911 3839 nemini
939 3799 1054 3853 parti
1082 3799 1218 3844 licere
1246 3812 1273 3844 a
1332 3813 1434 3856 pro-

108 3851 347 3895 vocationis
391 3851 599 3894 auxilium
650 3855 878 3907 pervenire
920 3854 987 3896 vel
1038 3854 1177 3899 ullum
1225 3855 1437 3900 fatalem⁹

109 3908 366 3962 observare,
405 3919 556 3951 eorum
590 3906 838 3962 pactionem
866 3907 1033 3953 firmam
1063 3923 1159 3955 esse
1190 3924 1434 3957 censemus.

108 3964 248 4018 legum
301 3963 460 4007 etenim
510 3962 811 4007 austeritatem
861 3964 906 4006 in
948 3965 1032 4010 hoc
1076 3979 1183 4012 casu
1234 3968 1436 4012 volumus

107 4019 250 4073 pactis
279 4017 542 4073 litigantium
569 4018 772 4073 mitigari.
832 4018 885 4062 I).
913 4032 980 4062 xv
1005 4020 1047 4065 k.
1079 4021 1226 4068 Dec,¹⁰
1257 4022 1436 4069 Chalce-

108 4073 222 4118 done
251 4073 389 4117 Decio
419 4087 481 4119 vc.
514 4087 633 4118 cons,
1247 4083 1302 4131 [a.
1335 4083 1433 4132 529]

113 4432 161 4483 (ι)
187 4432 443 4473 custodiendi
468 4435 564 4474 sunt
587 4450 663 4475 scr.
749 4435 805 4487 (2)
828 4436 885 4475 sic
904 4432 961 4474 Rb
976 4451 1058 4476 cum
1075 4437 1132 4488 B,
1164 4438 1331 4480 victrice
1355 4440 1435 4491 R⁰‚
1518 4441 1593 4491 (10)
1625 4440 1712 4480 Oct.
1743 4437 2034 4492 (Buchlzoltzrl

111 4485 324 4537 litigatrici
361 4489 395 4528 C
475 4493 528 4540 (3)
559 4491 608 4542 cf.
637 4493 674 4540 7,
701 4499 759 4540 62,
786 4499 843 4541 37,
870 4499 902 4531 2.
936 4494 973 4541 7,
1000 4501 1059 4541 64,
1084 4501 1137 4542 ιο,
1164 4504 1178 4535 1

112 4541 192 4579 rito
226 4545 268 4590 C,
298 4559 368 4582 om.
400 4543 440 4583 R
533 4547 587 4595 (5)
616 4545 696 4584 iam
725 4547 779 4596 R,
809 4561 881 4587 om.
919 4546 955 4587 0

116 4595 247 4656 (ψει
282 4599 326 4643 C,
360 4600 399 4636 et
426 4611 471 4637 ex
504 4601 543 4639 R,
656 4602 712 4651 (8)
742 4602 839 4651 quia
868 4602 945 4641 hoe
976 4632 985 4642 .
1004 4632 1012 4639 .
1032 4632 1040 4642 .
1072 4601 1260 4644 dirimere
1291 4615 1382 4646 ante
1414 4616 1430 4646 7

116 4649 345 4689 huiusmodi
389 4654 555 4694 collocat
599 4656 811 4696 Mommsen
954 4660 1009 4706 (9)
1046 4659 1103 4698 sic
1148 4659 1196 4709 Ο,
1234 4660 1356 4700 fatale
1393 4660 1434 4702 R

1265 4497 1319 4547 ‹⁴›
1347 4508 1429 4535 me-

1423 186 1528 250 326

1039 4548 1094 4598 (6)
1125 4562 1209 4588 eam
1244 4550 1286 4602 C,
1316 4563 1363 4591 ea
1393 4551 1434 4591 R
1515 4550 1628 4603 impl.
1661 4562 1822 4590 causam
1848 4552 1886 4591 R

2248 207 2476 256 QUANDO
2512 207 2842 247 Pnovocmn

2072 346 2301 397 LX1111.¹¹

1603 426 1829 472 QUANDO
1860 429 2191 472 PaovocARE
2220 427 2473 469 Necesse
2503 429 2617 470 NON
2647 431 2760 471 Es'r.

1577 506 1599 553 1
1638 507 1750 572 Imp.
1779 508 2038 555 Alexander
2058 513 2109 555 A.
2136 509 2422 578 Apollinario
2453 514 2498 552 et
2525 510 2638 554 aliis.
2686 511 2845 556 Datam

1519 565 1781 608 sententiam
1809 564 1966 620 dicitis,
2002 579 2131 623 quam
2160 567 2259 611 1deo
2289 566 2402 610 vires
2433 577 2521 608 non
2550 565 2714 610 habere
2743 580 2847 612 con-

1518 619 1720 670 tenditis,
1759 619 1876 674 quod
1913 627 2067 666 contra
2103 635 2172 666 res
2208 622 2332 677 prius
2361 620 2598 675 iudicatas,
2633 634 2660 664 a
2689 622 2847 676 quibus

1518 676 1806 731 provocatum
1833 689 1923 719 non
1953 682 2033 730 est,
2062 679 2156 722 lata
2185 679 2255 722 sit.
2309 675 2434 720 cuius
2459 678 2522 719 rei
2546 677 2848 732 probationem

1519 732 1557 775 si
1585 734 1834 786 promptam
1864 731 2098 786 habetis12,
2140 738 2185 777 et
2214 734 2325 777 citra
2354 732 2682 787 provocationis
2711 732 2848 775 admi-

1518 786 1714 830 niculum
1742 785 1858 841 quod
1887 787 1950 831 ita
1978 790 2312 844 pronuntiatum
2338 793 2404 831 est
2429 787 2674 832 sententiae
2694 791 2850 832 aucto-

1518 843 1693 942 rAitatem
1718 854 1805 885 non
1833 842 2063 887 obtinebit.
2108 844 2200 888 ΡΡ.
2229 856 2321 887 VJJI
2348 843 2388 886 lc.
2413 844 2557 901 April.
2585 843 2850 888 Alexandro

1562 933 1569 941 .
1602 911 1721 940 cons.
2662 903 2717 951 [a.
2752 902 2848 950 222]

1575 951 1606 998 2
1638 952 1762 997 Idem
1792 954 1843 996 A.
1879 952 2098 1011 Capitoni.
2159 955 2224 1010 Si,
2266 968 2365 999 cum
2402 955 2519 999 inter
2554 957 2599 998 te
2638 959 2682 998 et
2710 953 2850 998 aviam

1519 1008 1718 1053 defuncti
1747 1010 1946 1064 quaestio
1977 1010 2031 1054 de
2060 1011 2337 1055 successione
2371 1014 2510 1063 esset,
2550 1011 2683 1054 iudex
2722 1011 2850 1054 datus

1519 1078 1546 1108 a
1569 1065 1772 1121 praeside
1798 1065 2050 1120 provinciae
2071 1066 2372 1122 pronuntiavit
2385 1067 2582 1123 potuisse
2597 1066 2852 1110 defunctum

1519 1124 1564 1164 et
1591 1121 1801 1164 minorem
1832 1121 2185 1175 quattuordecim
2214 1123 2340 1167 annis
2372 1127 2683 1167 testamentum
2705 1122 2854 1166 facere

1519 1190 1572 1220 ac
1615 1189 1693 1232 per
1732 1177 1816 1219 hoc
1858 1177 1998 1219 aviam
2034 1177 2250 1232 potiorem
2294 1191 2412 1231 esse,
2457 1179 2721 1223 sententiam
2759 1178 2853 1222 eius

1520 1238 1672 1276 contra
1724 1234 1816 1276 tam
1867 1232 2089 1276 manifesti
2133 1233 2242 1277 iuris
2286 1233 2471 1278 formam
2516 1235 2666 1278 datam
2709 1234 2853 1278 nullas

1519 1289 1683 1332 habere
1721 1288 1836 1332 vires
1875 1289 2019 1343 palam
2058 1293 2127 1332 est
2165 1293 2210 1332 et
2246 1289 2344 1334 ideo
2381 1291 2427 1333 in
2467 1292 2550 1334 hac
2589 1290 2736 1345 specie
2771 1301 2854 1334 nec

1522 1348 1539 1387 1
1602 1344 1931 1400 provocationis
1969 1345 2183 1388 auxilium
2219 1347 2519 1390 necessarium
2557 1346 2654 1390 fuit.
2726 1345 2853 1400 Quod

1519 1400 1579 1452 si,
1625 1414 1723 1447 cum
1765 1400 1819 1444 de
1848 1404 1994 1444 aetate
2023 1403 2328 1456 quaereretur,
2364 1402 2569 1458 implesse
2600 1402 2855 1446 defunctum

1520 1461 1726 1513 quartum
1765 1456 1982 1500 decimum
2022 1469 2186 1500 annum
2223 1469 2279 1501 ac
2309 1470 2388 1512 per
2425 1459 2512 1502 hoc
2549 1458 2644 1501 iure
2687 1458 2854 1502 factum

1519 1515 1831 1556 testamentum
1867 1512 2190 1569 pronuntiavit,
2230 1525 2314 1556 nec
2348 1515 2598 1569 provocasti
2638 1518 2716 1557 aut
2752 1517 2856 1569 post

1519 1569 1857 1624 appellationem
1886 1569 2110 1625 impletam
2141 1581 2278 1612 causa
2294 1569 2328 1597 ¹³
2357 1569 2578 1622 destitisti,
2618 1582 2712 1613 rem
2739 1569 2853 1613 iudi-

1520 1630 1664 1669 catam
1692 1629 1937 1669 retractare
1964 1638 2053 1669 non
2083 1625 2231 1669 debes.

1577 1679 1606 1727 3
1640 1680 1750 1738 Imp.
1786 1680 2043 1724 Gordianus
2072 1683 2122 1724 A.
2155 1680 2374 1739 Inqenuo.
2434 1681 2502 1734 Si,
2543 1686 2594 1724 ut
2629 1681 2855 1737 proponis,

1520 1749 1737 1792 suspensa
1774 1737 1894 1793 apud
1933 1736 2228 1792 amplissimos
2268 1737 2439 1781 iudices
2473 1738 2724 1792 cognitione
2752 1750 2854 1794 pro·

1518 1792 1785 1847 vocationis,
1826 1805 1958 1848 quam
1996 1797 2041 1836 te
2071 1793 2128 1836 ob
2158 1793 2205 1836 id
2233 1793 2553 1849 interposuisse
2583 1794 2708 1847 diciS,
2740 1792 2856 1850 quod

1520 1848 1698 1892 decurio
1739 1849 1990 1893 nominatus
2028 1861 2170 1901 esses,
2216 1848 2272 1892 ad
2312 1849 2635 1893 duumviratum
2673 1852 2856 1893 vocatus

1520 1917 1580 1958 es,
1610 1903 1890 1948 manifestum
1921 1909 1988 1948 est
2015 1904 2335 1960 praeiudicium
2365 1904 2542 1949 futurae
2567 1905 2738 1949 notioni
2766 1917 2855 1949 me-

1519 1965 1789 2004 moratorum
1816 1960 2012 2004 iudicum
2038 1959 2134 2004 fieri
2163 1974 2251 2004 non
2280 1960 2492 2016 potuisse.

1578 2014 1609 2061 4
1642 2015 1710 2060 Im
1735 2029 1786 2074 p.
1823 2015 2090 2074 Valerianus
2118 2022 2164 2060 et
2193 2015 2423 2060 Gallienus
2450 2018 2542 2060 AA.
2575 2022 2619 2061 el
2655 2016 2849 2062 Valeria·
2891 2026 2894 2028 ’

1520 2085 1605 2116 nus
1639 2085 1697 2115 no
1730 2106 1738 2114 .
1773 2070 1816 2115 C.
1848 2071 2044 2116 Iuliano.
2105 2072 2214 2115 Cum
2251 2072 2535 2127 magistratus
2576 2073 2703 2116 datos
2741 2072 2853 2116 iudi-

1521 2140 1594 2171 ces
1639 2132 1683 2170 et
1726 2140 1863 2170 unum
1906 2139 1958 2171 ex
2002 2127 2071 2171 his
2114 2129 2426 2183 pronuntiasse
2474 2141 2721 2184 proponas,
2765 2141 2856 2172 non

1518 2183 1693 2227 videtur
1731 2183 1982 2239 appellandi
2011 2183 2254 2228 necessitas
2292 2183 2453 2238 fuisse,
2497 2195 2597 2227 cum
2638 2183 2857 2228 sententia

1519 2239 1615 2283 iure
1642 2252 1733 2283 non
1761 2244 1924 2283 teneat.

1576 2294 1606 2340 5
1649 2294 1826 2353 Imppp.
1875 2294 2020 2338 Carus
2065 2294 2256 2338 Carinus
2297 2299 2343 2339 et
2384 2294 2686 2339 Numerianus
2722 2294 2856 2340 ΑΑΛ.

1520 2349 1793 2394 Domitiano.
1855 2349 1988 2394 Certa
2016 2349 2190 2394 ratione
2223 2354 2268 2393 et
2294 2349 2385 2393 fine
2412 2350 2601 2394 multare
2631 2350 2856 2406 praesides

1520 2410 1722 2462 possunt.
1796 2405 1914 2461 quod
1958 2405 1996 2448 si
2039 2405 2168 2449 aliter
2211 2408 2257 2449 et
2295 2408 2451 2450 contra
2489 2405 2596 2461 legis
2641 2408 2858 2451 statutum

1520 2461 1697 2504 modum
1725 2460 1980 2516 provinciae
2007 2473 2186 2516 praeses
2214 2461 2399 2505 multam
2426 2462 2547 2506 vobis
2577 2462 2854 2518 inrogaverit,

1522 2516 1702 2560 dubium
1731 2529 1821 2560 non
1851 2519 1919 2560 est
1945 2516 2006 2571 id,
2041 2516 2158 2571 quod
2188 2522 2345 2562 contra
2372 2517 2442 2562 ius
2471 2529 2639 2573 gestum
2670 2517 2855 2571 videtur,

1518 2572 1771 2616 firmitatem
1822 2585 1911 2617 non
1960 2577 2112 2617 tenere
2163 2576 2208 2617 et
2250 2574 2345 2617 sine
2387 2574 2684 2629 appellatione
2725 2587 2857 2630 posse

1520 2627 1724 2672 rescindi.
1771 2626 1865 2673 ΡΡ.
1888 2629 1947 2672 id.
1967 2628 2065 2673 Ian.
2095 2628 2211 2673 Caro
2241 2635 2286 2674 et
2310 2629 2473 2673 Carino
2497 2643 2639 2674 conss
2683 2634 2739 2683 [a.
2759 2634 2854 2682 283]

1579 2682 1610 2731 6
1640 2683 1765 2728 Idem
1793 2684 1927 2728 AAA.
1967 2683 2202 2729 Germano.
2274 2685 2382 2729 Cum
2421 2698 2510 2729 non
2550 2698 2601 2729 eo
2638 2685 2727 2738 die,
2768 2699 2855 2742 quo

1519 2751 1699 2796 praeses
1729 2740 1981 2794 provinciae
2009 2741 2255 2796 praecepit,
2295 2741 2429 2785 iudex
2458 2742 2514 2785 ab
2545 2741 2695 2786 eodem
2726 2741 2855 2786 datus

1519 2795 1883 2851 pronuntiaverit,
1923 2795 2000 2839 sed
2041 2795 2185 2840 ductis
2226 2797 2379 2840 diebus
2420 2797 2628 2841 alieniore
2657 2803 2855 2853 tempore

1521 2850 1781 2895 sententiam
1812 2850 1985 2895 dedisse
2014 2856 2310 2907 proponatur,
2350 2864 2406 2895 ne
2446 2854 2652 2907 ambages
2688 2853 2857 2897 frustra

1519 2907 1805 2962 interpositae
1834 2907 2162 2962 provocationis
2197 2907 2381 2951 ulterius
2418 2909 2641 2963 negotium
2681 2914 2852 2963 protra-

1519 2963 1650 3016 hant,
1695 2974 1874 3018 praeses
1918 2961 2173 3018 provinciae
2211 2962 2516 3019 superstitiosa
2559 2965 2854 3019 appellatione

1520 3019 1726 3062 submota
1755 3031 1810 3062 ex
1838 3017 2007 3073 integro
2035 3018 2152 3062 inter
2179 3031 2257 3063 vos
2288 3024 2536 3074 cognoscet.

1577 3070 1606 3119 7
1644 3072 1780 3131 1⁴Imp
1818 3108 1825 3116 .
1867 3073 2178 3118 Diocletianus
2214 3080 2259 3118 et
2292 3073 2605 3119 Maoeimianus
2640 3075 2732 3119 AA.
2774 3074 2853 3118 Ni-

1521 3142 1727 3187 caqorae.
1829 3130 1977 3174 enales
2007 3129 2272 3182 sententias,
2314 3143 2427 3186 quae
2463 3131 2509 3174 in
2547 3130 2792 3174 mercedem
2827 3143 2855 3177 a

1520 3184 1742 3240 corruptis
1770 3185 1989 3230 iudicibus
2018 3185 2319 3241 proferuntur,
2355 3191 2398 3229 et
2428 3187 2541 3230 citra
2568 3186 2856 3242 interpositae

1518 3239 1844 3296 provocationis
1884 3241 2096 3285 auxilium
2134 3242 2222 3285 iam
2250 3242 2418 3297 pridem
2447 3255 2475 3285 a
2505 3242 2615 3287 divis
2644 3238 2853 3306 principi-

1520 3297 1604 3340 bus
1632 3297 1829 3341 infirmas
1859 3309 1956 3341 esse
1985 3296 2209 3341 decretum
2238 3301 2318 3342 est.
2378 3297 2471 3342 ΡΡ.
2503 3298 2546 3342 lc.
2575 3297 2717 3342 Ian.¹⁵
2743 3297 2854 3342 Dio-

2667 3357 2722 3406 [a.
2755 3357 2852 3406 285]

1576 3406 1605 3455 8
1637 3407 1763 3452 Idem
1791 3409 1883 3467 AA.
1919 3406 2195 3453 Constantio.
2254 3409 2301 3453 Si
2329 3412 2458 3465 pater
2486 3413 2613 3460 tuus,
2652 3422 2751 3453 cum
2780 3409 2855 3453 de-

1520 3465 1642 3508 curio
1683 3465 1922 3517 creareris,
1961 3477 2051 3509 non
2092 3465 2315 3509 consensit
2354 3469 2398 3508 et
2437 3464 2683 3520 quindecim
2713 3477 2852 3509 anuos

1519 3519 1677 3564 aetatis
1707 3520 1821 3575 agis,
1860 3520 2006 3564 aditus
2035 3532 2216 3576 praeses
2244 3519 2520 3577 provinciae,
2551 3519 2590 3563 si
2617 3520 2853 3566 inhabilem

1517 3581 1562 3619 te
1586 3576 1643 3620 ad
1668 3574 1917 3620 obeundum
1942 3575 2252 3620 decurionatus
2275 3576 2487 3620 honorem
2502 3587 2600 3619 esse
2615 3589 2852 3632 perspexe-

1517 3632 1590 3686 rit,
1621 3631 1796 3688 quando
1824 3631 2077 3676 huiusmodi
2106 3632 2243 3676 aetati
2273 3632 2405 3676 etiam
2433 3631 2744 3686 praetermissa
2772 3644 2850 3688 ap-

1517 3687 1758 3788 pegatione
1786 3687 2085 3741 subveniatur,
2117 3687 2312 3746 iniquam
2341 3687 2682 3731 nominationem
2709 3699 2851 3734 remo-

1516 3756 1568 3788 ve
1601 3745 1650 3788 it.

1574 3798 1605 3847 9
1643 3798 1770 3844 Idem
1806 3801 1899 3844 AA.
1939 3803 1986 3843 et
2021 3797 2099 3844 CC.
2138 3797 2320 3864 Rufino.
2389 3798 2646 3852 Veteranis,
2692 3797 2766 3856 qui
2806 3799 2852 3844 in

1516 3856 1688 3911 legione
1716 3854 1784 3900 vel
1811 3854 2092 3899 vexillatione
2127 3854 2366 3899 mihtantes
2405 3859 2508 3910 post
2537 3854 2745 3899 vicesima
2772 3855 2851 3900 sti-

1516 3910 1680 3967 pendia
1712 3911 1945 3956 honestam
1973 3911 2042 3956 vel
2070 3910 2319 3955 causariam
2346 3910 2596 3954 missionem
2627 3910 2852 3955 consecuti

1518 3970 1642 4018 sunt,
1682 3979 1865 4012 onerum
1904 3971 1948 4011 et
1983 3978 2215 4011 munerum
2251 3966 2547 4031 personalium
2579 3967 2849 4012 vacationem

1518 4022 1830 4067 concessimus.
1889 4023 2025 4066 huius
2064 4026 2209 4066 autem
2250 4022 2547 4077 mdulgentiae
2576 4024 2755 4066 nostrae
2782 4023 2848 4064 te-

1518 4091 1624 4122 nore
1651 4083 1983 4123 remunerantes
2008 4078 2142 4122 fidam
2167 4078 2442 4122 devotionem
2467 4077 2652 4121 militum
2674 4079 2847 4121 nostro-

1516 4148 1615 4178 rum
1642 4135 1774 4178 etiam
1801 4134 2070 4189 provocandi
2099 4133 2405 4178 necessitatem
2434 4133 2692 4177 remisimus.

1573 4188 1638 4238 10
1674 4188 1824 4248 ¹⁶Imp.
1846 4188 2127 4234 lastinianus
2153 4190 2204 4234 A.
2235 4187 2398 4233 Menae
2416 4202 2499 4248 pp.
2559 4187 2738 4232 Omnem
2767 4186 2846 4230 ho-

1516 4258 1670 4290 norem
1698 4245 1867 4289 salvum
1894 4244 2115 4289 iudicibus
2144 4247 2440 4298 reservantes,
2479 4243 2518 4288 si
2554 4242 2728 4298 quando
2759 4255 2849 4286 una

1516 4314 1622 4356 pars
1660 4300 1786 4358 quasi
1821 4301 1942 4345 laesa
1978 4313 2060 4358 per
2097 4300 2364 4346 definitivam
2401 4311 2551 4345 eorum
2585 4298 2847 4344 sententiam

1519 3352 1711 3396 cletiano
1740 3353 1791 3396 A.
1824 3358 1870 3397 et
1894 3352 2154 3398 Aristobulo
2185 3366 2327 3397 conss.

2148 4441 2217 4490 (11)
2246 4439 2291 4480 B
2317 4440 2355 4491 9,
2380 4447 2410 4488 1,
2436 4446 2499 4479 134
2523 4453 2631 4491 seqq.
2661 4461 2715 4469 —-
2745 4439 2844 4493 Diq.

1754 4497 1826 4546 (12)
1857 4494 2059 4536 haberetis
2089 4496 2184 4536 libri
2293 4494 2367 4546 (13)
2396 4495 2455 4534 sic
2488 4493 2531 4543 C,
2560 4493 2847 4547 appellationis

1973 4552 2045 4603 (1⁴)
2068 4551 2268 4603 iunyenda
2294 4550 2448 4591 videtur
2472 4550 2508 4598 6,
2526 4557 2582 4597 34,
2600 4559 2619 4591 2

2095 4605 2169 4657 (16)
2200 4606 2317 4659 iunye
2339 4606 2380 4655 7,
2405 4612 2464 4655 02,
2486 4613 2527 4646 37

1517 4497 1585 4540 49.
1617 4505 1637 4537 8

2705 4553 2780 4601 (ιο)
2803 4551 2843 4591 k.

1515 4605 1615 4656 ian]
1648 4609 1685 4654 6,
1716 4615 1771 4651 34,
1804 4615 1837 4655 2,
1869 4627 1955 4648 um
1979 4621 2010 4659 p
