3152 4784
236 163 311 201 DF.
345 160 773 201 EMPHYTEU'HCO
808 157 938 200 Imm

228 297 448 356 principes
488 298 628 342 multa
657 298 712 343 de
739 298 968 350 militibus,
1010 297 1086 353 qui
1124 298 1290 344 alienas
1319 303 1564 357 possessio-

227 366 307 399 nes
335 354 403 398 vel
442 354 595 398 domus
626 354 932 400 conductionis
964 353 1094 397 titulo
1130 357 1432 409 procurandas
1465 371 1561 402 sus-

229 409 420 467 cipiunt,
466 411 667 456 sanxisse
708 409 989 459 manifestum
1032 412 1122 462 est,
1165 414 1311 456 tamen
1351 414 1455 470 quia
1493 427 1563 457 res

180 512 182 515 ,
226 465 291 510 sic
327 469 397 511 est
435 471 708 523 contempta,
747 471 799 510 ut
835 478 892 510 ne
922 478 980 509 ue
1017 466 1383 513 interminationis
1413 481 1563 513 sacra-

224 520 421 567 tissimae
471 522 799 568 constitutionis
894 521 905 532 ‘
925 521 1007 565 'tes
1056 534 1269 567 memores
1311 525 1369 568 ad
1410 525 1562 569 huius-

225 578 344 622 modi
388 579 566 623 sordida
607 577 803 626 audeant
842 577 991 623 venire
1029 579 1271 623 ministeria
1308 585 1354 624 et
1396 581 1562 625 relictis

225 634 385 679 studiis
413 635 602 691 publicis
630 634 852 690 signisque
877 633 1131 678 victricibus
1161 636 1218 678 ad
1248 636 1562 680 conductiones

226 689 471 735 alienarum
504 703 655 736 <rerum
689 688 894 745 prosilire
934 692 982 733 et
1026 703 1244 734 armorum
1283 693 1562 736 atrocitatem

226 759 316 790 non
343 747 392 791 in
418 747 569 791 hostes
597 744 851 800 ostendere,
892 744 970 789 sed
1010 753 1164 790 contra
1193 748 1359 792 vicinos
1397 751 1443 792 et
1470 747 1560 791 for-

226 802 344 847 sitan
381 803 590 847 adversus
627 801 748 858 ipsos
779 801 963 845 miseros
1007 802 1209 856 colonos,
1253 817 1364 859 quos
1398 815 1560 861 procu-

226 858 390 905 randos
426 859 736 913 susceperunt,
777 862 1054 913 convertere,
1094 861 1394 904 necessarium
1433 858 1559 903 duxi-

224 927 323 959 mus
363 914 421 958 ad
460 914 578 961 hanc
620 913 965 957 sacratissimam
1008 915 1156 958 venire
1204 915 1560 960 constitutionem

225 969 358 1015 altius
410 973 457 1015 et
507 969 682 1026 plenius
732 969 985 1014 huiusmodi
1040 982 1220 1014 causam
1276 971 1557 1026 corrigentes.

231 1031 246 1069 ι
306 1025 514 1077 Iubemus
555 1025 706 1080 itaque
748 1038 900 1069 omnes
945 1027 1141 1079 omnino,
1186 1027 1263 1083 qui
1306 1027 1389 1071 sub
1426 1025 1559 1070 armis

224 1081 433 1136 militant,
471 1081 563 1126 sive
604 1081 792 1125 maiores
836 1082 926 1126 sive
968 1082 1175 1129 minores.
1198 1083 1374 1136 (milites
1413 1087 1560 1126 autem

223 1137 494 1194 appellamus
523 1149 622 1189 eos,
666 1137 742 1193 qui
775 1142 866 1180 tam
902 1139 985 1182 sub
1016 1139 1201 1183 excelsis
1231 1139 1450 1195 magistris
1479 1138 1559 1180 mi-

222 1194 350 1242 litum
377 1193 570 1238 tolerare
606 1198 855 1237 noscuntur
890 1195 1091 1238 militiam
1121 1208 1252 1249 quam
1280 1196 1326 1239 in
1356 1193 1559 1238 undecim

223 1249 513 1298 devotissimis
552 1249 714 1293 scholis
752 1250 896 1294 taxati
935 1257 1061 1304 sunt,
1105 1265 1188 1296 nec
1227 1265 1317 1296 11011
1356 1263 1453 1303 eos,
1486 1249 1561 1304 qui

223 1305 307 1353 sub
348 1305 529 1349 diversis
573 1305 827 1361 optionibus
872 1307 1199 1351 foederatorum
1242 1307 1417 1351 nomine
1459 1311 1561 1349 sunt

222 1361 436 1415 decorati)
476 1361 632 1405 saltem
669 1362 716 1404 in
751 1366 979 1417 posterum
1019 1366 1075 1408 ab
1118 1362 1237 1407 omni
1268 1362 1560 1406 conductione

221 1417 466 1462 alienarum
494 1429 641 1461 rerum
669 1421 918 1474 temperare
955 1419 1170 1473 scituros,
1216 1418 1335 1474 quod
1372 1431 1426 1462 ex
1462 1418 1558 1473 ipso

225 1477 481 1518 contractus
516 1473 642 1516 initio
682 1473 777 1517 sine
814 1474 963 1529 aliquo
1001 1475 1124 1518 facto
1166 1474 1236 1518 vel
1272 1474 1420 1530 aliqua
1459 1486 1557 1517 sen-

220 1530 360 1574 tentia
403 1529 565 1574 cadant
606 1529 762 1573 militia
805 1535 849 1573 et
891 1543 979 1574 non
1023 1530 1081 1573 sit
1128 1542 1356 1584 regressus
1399 1529 1461 1573 eis
1505 1528 1561 1572 ad

219 1586 455 1642 pristinum
495 1585 680 1641 gradum
722 1598 867 1640 neque
905 1599 933 1628 a
971 1584 1185 1629 beneficio
1225 1585 1445 1640 imperiali
1482 1597 1560 1628 ne·

220 1654 306 1697 que
333 1654 362 1685 a
391 1654 611 1685 consensu
639 1642 710 1684 vel
736 1641 955 1697 permissu
988 1640 1167 1692 iudicis,
1208 1641 1291 1683 sub
1332 1654 1418 1696 quo
1449 1641 1559 1684 tole-

217 1697 402 1741 randam
440 1696 588 1741 sortiti
627 1699 732 1740 sunt
767 1696 990 1739 militiam:
1031 1708 1110 1746 ne,
1152 1695 1255 1739 dum
1292 1696 1459 1740 alienas
1488 1709 1560 1739 res

219 1752 526 1797 conductionis
555 1752 685 1795 titulo
708 1764 805 1795 esse
825 1751 1138 1806 gubernandas
1165 1752 1428 1803 existimant,
1456 1765 1560 1796 suas

216 1808 394 1852 militias
437 1819 646 1862 suamque
689 1806 941 1861 opinionem
980 1806 1209 1858 amittant,
1255 1819 1310 1850 ex
1346 1807 1559 1851 militibus

214 1863 391 1962 pagani,
423 1875 478 1906 ex
507 1861 726 1906 decoratis
747 1861 934 1905 infames
960 1862 1212 1905 constituti:
1245 1867 1289 1906 et
1316 1863 1436 1917 quod
1446 1867 1560 1961 ‹Eg-st

246 1918 467 1962 uiusmodi
512 1917 872 1970 conductionem,
925 1930 1056 1973 quam
1107 1918 1284 1973 penitus
1328 1920 1444 1962 inter
1478 1918 1488 1928 ’
1524 1919 1558 1951 ‘-

213 1987 326 2027 mus,
356 1986 385 2017 a
413 1974 594 2029 publico
623 1973 913 2028 susceperint,
944 1977 989 2017 et
1016 1974 1102 2017 hoc
1132 1974 1226 2018 sine
1255 1974 1405 2030 aliqua
1434 1987 1559 2018 mora

214 2035 239 2074 2
296 2030 366 2074 vel
401 2029 807 2086 procrastinatione
842 2028 1027 2073 reddere
1066 2030 1403 2086 compellantur.
1465 2030 1557 2073 Sci-

212 2085 325 2131 turis
364 2090 409 2130 et
446 2085 574 2141 ipsis,
616 2086 692 2141 qui
731 2098 835 2129 suas
864 2084 1103 2130 facultates
1140 2090 1243 2143 post
1271 2087 1388 2130 hanc
1416 2086 1556 2142 legem

214 2144 276 2187 eis
315 2142 372 2187 ad
413 2141 750 2186 conductionem
785 2141 1066 2197 permiserint
1097 2147 1254 2186 nostra
1281 2143 1378 2199 lege
1406 2155 1558 2187 eorum

215 2197 445 2244 conamine
473 2198 660 2251 violata,
699 2198 818 2253 quod
845 2198 972 2241 nulla
999 2199 1061 2241 eis
1092 2199 1264 2243 exactio
1296 2204 1453 2243 contra
1482 2211 1558 2243 eos

216 2254 497 2309 concedatur,
534 2258 599 2307 ut,
635 2254 710 2310 qui
738 2254 871 2298 alieni
900 2257 1120 2310 appetens
1146 2256 1416 2303 constitutus
1446 2255 1556 2299 mili-

216 2314 304 2356 tem
338 2313 675 2367 procuratorem
710 2310 911 2365 elegerit,
952 2315 997 2353 et
1036 2311 1128 2354 suis
1165 2312 1298 2354 cadat
1326 2311 1556 2355 reditibus.

217 2372 241 2412 3
311 2366 474 2411 Pateat
525 2371 673 2410 autem
725 2366 927 2409 omnibus
971 2366 1223 2411 huiusmodi
1266 2368 1396 2422 copia
1438 2367 1558 2422 apud

217 2427 513 2480 competentes
528 2423 699 2466 iudices
716 2422 1028 2476 accusationis,
1054 2426 1116 2476 ut,
1141 2423 1219 2478 qui
1243 2424 1289 2466 in
1311 2424 1397 2466 hac
1422 2436 1558 2467 causa

216 2480 388 2524 delator
416 2478 602 2532 existat,
639 2478 886 2522 laudandus
915 2478 1054 2533 magis
1085 2492 1216 2535 quam
1244 2479 1557 2535 vituperandus

214 2536 521 2591 intellegatur:
561 2547 730 2590 poena,
772 2547 903 2590 quam
933 2540 1089 2578 contra
1116 2536 1276 2579 milites
1305 2541 1558 2580 nostrorum

214 2594 553 2648 praeceptorum
597 2594 923 2647 contemptores
967 2594 1013 2634 et
1054 2592 1200 2646 ipsos,
1242 2592 1317 2647 qui
1355 2592 1419 2636 eis
1451 2605 1556 2636 con-

216 2647 470 2696 ductionem
507 2659 658 2691 rerum
704 2646 763 2691 ad
810 2659 857 2690 se
899 2647 1214 2702 pertinentium
1261 2648 1557 2704 permiserint,

215 2703 465 2759 statuimus,
495 2703 538 2747 in
570 2702 732 2747 futuris
763 2702 911 2746 causis
941 2702 1168 2747 obtinente
1185 2706 1213 2747 ¹.

785 2873 980 2924 LXVI?

516 2956 593 2996 DE
622 2956 1071 2998 EMPHYTEUTICO
1103 2958 1252 2998 IURE.

270 3037 294 3085 1
331 3035 445 3096 Imp.
480 3037 600 3083 Zeno
631 3039 683 3083 A.
715 3037 982 3084 Sebastiano
1003 3053 1088 3098 pp.
1154 3041 1231 3084 Ius
1262 3040 1555 3097 emphyteuti-

212 3094 380 3139 carium
419 3107 561 3149 neque
607 3095 915 3140 conductionis
956 3109 1100 3152 neque
1139 3097 1420 3142 alienationis
1458 3109 1556 3141 esse

211 3151 352 3195 titulis
383 3150 687 3202 addicendum,
718 3151 796 3194 sed
825 3151 911 3195 hoc
939 3151 1009 3196 ius
1039 3153 1218 3196 tertium
1250 3153 1308 3196 sit
1339 3154 1554 3197 constitu-

211 3209 307 3249 tum
345 3205 402 3248 ab
430 3205 663 3260 utriusque
690 3212 1033 3251 memoratorum
1063 3213 1374 3252 contractuum
1413 3210 1555 3253 socie-

211 3263 305 3304 tate
345 3273 426 3304 seu
463 3261 746 3305 similitudine
784 3267 1059 3317 separatum,
1105 3264 1438 3319 conceptionem
1479 3265 1554 3308 de-

211 3316 544 3372 finitionemque
582 3317 748 3360 habere
785 3318 1014 3373 propriam
1058 3322 1102 3361 et
1139 3319 1306 3362 iustum
1340 3332 1438 3363 esse
1479 3333 1554 3363 va-

212 3372 438 3428 lidumque
461 3376 751 3425 contractum,
776 3373 823 3416 in
840 3387 926 3428 quo
945 3378 1119 3427 cuncta,
1145 3387 1257 3430 quae
1277 3376 1393 3418 inter
1407 3379 1553 3419 utras-

214 3441 299 3484 que
339 3428 697 3472 contrahentium
734 3434 886 3485 partes
927 3442 1061 3485 super
1093 3430 1295 3474 omnibus
1324 3432 1393 3474 vel
1422 3432 1555 3475 etiam

212 3484 408 3529 fortuitis
446 3485 624 3528 casibus
662 3485 944 3540 pactionibus
983 3485 1207 3541 scriptura
1234 3486 1554 3531 interveniente

212 3540 378 3586 habitis
405 3540 680 3596 placuerint,
718 3541 845 3585 firma
883 3541 1141 3597 illibataque
1169 3548 1387 3597 perpetua
1416 3544 1553 3587 stabi-

211 3597 336 3641 litate
377 3597 520 3640 modis
565 3598 768 3641 omnibus
813 3598 1005 3643 debeant
1043 3598 1274 3642 custodiri:
1322 3598 1384 3641 ita
1423 3602 1486 3652 ut,
1517 3600 1555 3642 si

212 3652 433 3698 interdum
462 3665 529 3705 ea,
560 3655 702 3709 quae³
731 3654 926 3698 fortuitis
958 3654 1134 3698 casibus
1159 3654 1303 3698 sicut*¹
1333 3655 1551 3709 eveniunt,

212 3714 446 3808 Raetorum
484 3722 574 3752 non
611 3709 777 3754 fuerint
807 3710 1095 3754 conventione
1128 3715 1357 3767 concepta,
1388 3711 1426 3754 si
1455 3712 1551 3766 qui-

243 3778 312 3809 em
325 3769 454 3808 tanta
475 3766 701 3810 emerserit
723 3766 882 3820 clades,
914 3779 1027 3822 quae
1049 3780 1232 3822 prorsus
1254 3767 1394 3823 ipsius
1421 3768 1552 3810 etiam

211 3821 278 3865 rei
319 3832 431 3878 quae
469 3834 549 3876 per
586 3822 893 3878 emphyteusin
931 3822 1036 3866 data
1075 3827 1144 3866 est
1175 3822 1284 3867 facit
1311 3824 1550 3875 interitum,

212 3878 299 3921 hoc
327 3890 419 3921 non
448 3877 855 3933 emphyteuticario,
890 3879 963 3922 cui
990 3878 1100 3922 nihil
1128 3880 1346 3935 reliquum
1374 3880 1550 3930 mansit,

212 3933 290 3977 sed
319 3933 384 3977 rei
414 3932 602 3987 domino,
634 3934 722 3988 qui,
753 3934 871 3990 quod
899 3934 1120 3978 fatalitate
1140 3935 1387 3990 ingruebat,
1419 3936 1550 3979 etiam

211 3990 333 4033 nullo
372 3988 674 4033 intercedente
714 3993 947 4034 contractu
983 3991 1217 4035 habiturus
1257 3992 1423 4046 fuerat,
1468 3991 1550 4035 im-

210 4050 414 4102 putetur:
447 4045 514 4089 sin
543 4058 646 4089 vero
676 4046 946 4101 particulare
972 4047 1042 4090 vel
1071 4046 1191 4090 aliud
1220 4047 1314 4092 leve
1344 4048 1550 4091 damnum

212 4101 458 4157 contigerit,
489 4114 544 4145 ex
573 4115 658 4157 quo
689 4115 778 4146 non
805 4103 904 4158 ipsa
931 4103 997 4146 rei
1017 4104 1194 4158 penitus
1216 4103 1422 4148 laedatur
1444 4107 1549 4149 sub-

212 4160 400 4210 stantia,
436 4159 521 4202 hoc
551 4158 969 4214 emphyteuticarius
1000 4159 1090 4203 suis
1119 4160 1320 4215 partibus
1351 4174 1441 4203 non
1470 4161 1548 4203 du-

212 4214 323 4259 bitet
351 4214 706 4258 adscribendum.
1223 4220 1278 4268 [a.
1310 4220 1547 4268 476—484]

268 4268 299 4316 2
336 4269 452 4328 Imp.
489 4270 774 4314 lastinianus
810 4269 862 4313 A.
904 4268 1194 4314 Demostheni
1219 4286 1305 4330 pp.
1370 4271 1424 4316 In
1459 4285 1549 4316 em-

210 4326 546 4382 phyteuticariis
576 4326 880 4371 contractibus
909 4327 1146 4379 sancimus,
1177 4327 1215 4371 si
1238 4327 1412 4382 quidem
1436 4330 1550 4372 aliae

209 4382 436 4438 pactiones
464 4383 512 4427 in
545 4382 881 4440 emphyteuticis
907 4382 1211 4427 instrumentis
1247 4384 1414 4428 fuerint
1445 4397 1549 4428 con-

212 4530 261 4577 (1)
292 4529 342 4567 D.
371 4540 422 4569 xi
458 4531 496 4571 k.
529 4534 634 4581 Aug.
669 4529 1029 4581 Constantinopoli
1065 4529 1291 4580 Lampadio
1331 4535 1372 4569 et
1410 4530 1548 4569 Oreste

212 4595 275 4622 vv.
300 4595 358 4624 ec.
384 4596 513 4627 conss.
537 4587 610 4637 (=
636 4601 674 4626 a.
691 4588 776 4636 530)
800 4585 930 4638 suppl.
957 4584 1186 4625 Buchholtz
1213 4593 1329 4634 recte,
1360 4587 1411 4637 cf
1438 4584 1549 4626 Zeit-

215 4640 358 4695 schrift
370 4642 450 4695 fiir
466 4641 745 4697 Rechtsqesch.
762 4651 795 4684 11
807 4649 927 4696 p.184
985 4641 1039 4693 (2)
1057 4661 1111 4676 =
1128 4640 1171 4681 B
1189 4642 1255 4693 20,
1273 4649 1293 4683 2
1351 4642 1406 4695 (3)
1420 4643 1478 4683 sic
1494 4641 1547 4691 R,

1575 146 1662 205 191

2645 155 2749 206 ΗΠ
2796 157 2876 207 65.
2916 156 2980 205 66

1647 304 1864 359 scriptae,
1895 302 2071 347 easdem
2101 305 2147 346 et
2174 303 2219 346 in
2249 304 2343 348 aliis
2369 306 2570 351 omnibus
2601 306 2806 361 capitulis
2831 306 2981 351 obser-

1646 360 1741 402 vari
1764 365 1808 404 et
1823 359 1878 403 de
1890 359 2126 405 reiectione
2147 360 2256 413 eius,
2288 361 2361 415 qui
2383 362 2687 418 emphyteusin
2711 363 2918 418 suscepit,
2945 362 2982 405 si

1647 415 1823 459 solitam
1847 415 2103 472 pensionem
2119 415 2188 459 vel
2198 417 2475 480 publicarum
2490 418 2769 461 functionum
2785 419 2981 473 apochas

1652 477 1668 513 1
1715 485 1805 515 non
1833 471 2118 527 praestiterit.
2165 471 2241 514 Sln
2271 477 2415 516 autem
2445 474 2552 517 nihil
2582 486 2716 529 super
2744 474 2830 516 hoc
2861 474 2980 528 capi-

1649 527 1739 571 tulo
1777 527 1913 570 fuerit
1947 531 2152 583 pactum,
2183 528 2259 571 sed
2288 542 2369 583 per
2395 532 2539 573 totum
2566 528 2805 573 triennium
2840 541 2982 583 neque

1646 582 1860 637 pecunias
1890 584 2071 627 solverit
2101 595 2243 638 neque
2275 585 2471 639 apochas
2509 585 2684 629 domino
2715 583 2983 626 tributorum

1645 637 1898 690 reddiderit,
1923 639 2087 683 volenti
2109 640 2150 683 ei
2172 640 2305 684 licere
2327 653 2426 684 eum
2441 653 2468 684 a
2483 640 2677 696 praediis
2693 638 2983 692 emphyteuti-

1647 693 1778 736 cariis
1814 695 2051 749 repellere:
2091 695 2216 739 nulla
2253 695 2294 739 ei
2321 696 2598 750 adlegatione
2626 693 2804 736 nomine
2833 694 2983 736 melio-

1643 748 1829 791 rationis
1867 750 1936 792 vel
1974 763 2126 794 eorum
2162 764 2276 806 quae
2321 753 2628 807 emponemata
2670 747 2879 790 dicuntur
2916 749 2985 791 vel

1643 805 1845 857 poenae⁵
1884 806 2172 858 opponenda,
2211 806 2290 850 sed
2332 805 2581 849 omnimodo
2610 816 2684 855 eo,
2716 802 2755 846 si
2783 802 2984 846 dominus

1642 858 1852 911 voluerit,
1891 861 2147 912 repellendo
2186 873 2330 925 neque
2367 859 2708 915 praetendente,
2751 857 2868 912 quod
2895 871 2984 901 non

1643 918 1711 957 est
1725 925 1861 968 super
1885 913 1970 955 hac
1995 926 2132 957 causa
2152 915 2437 969 inquietatus,
2462 927 2562 957 cum
2577 913 2796 956 neminem
2812 918 2988 968 oportet

1643 968 1976 1012 conventionem
2004 969 2072 1012 vel
2101 969 2446 1012 admonitionem
2474 971 2721 1024 expectare,
2761 968 2839 1011 sed
2868 969 2985 1012 ultro

1643 1037 1741 1069 sese
1777 1023 1936 1069 offerre
1971 1028 2017 1067 et
2045 1023 2242 1067 debitum
2281 1029 2528 1080 spontanea
2557 1024 2786 1068 voluntate
2817 1026 2986 1080 persol-

1642 1093 1756 1135 vere,
1800 1079 2043 1125 secundum
2073 1080 2194 1136 quod
2223 1084 2267 1123 et
2296 1080 2519 1124 anteriore
2547 1080 2644 1134 lege
2674 1080 2818 1123 nostri
2845 1081 2987 1123 numi·

1644 1140 1668 1180 2
1727 1136 1798 1180 nis
1836 1136 2100 1192 generaliter
2139 1140 2319 1180 cautum
2359 1141 2426 1180 est
2437 1137 2469 1178 ⁶.
2538 1135 2606 1180 Ne
2639 1138 2790 1179 autem
2819 1149 2873 1179 ex
2901 1136 2988 1181 hac

1644 1205 1782 1242 causa
1811 1193 1998 1236 dominis
2026 1192 2220 1237 facultas
2252 1192 2422 1236 oriatur
2448 1193 2756 1248 emphyteutas
2784 1204 2889 1235 suos
2919 1205 2986 1236 re-

1642 1250 1808 1304 pellere
1850 1253 1896 1292 et
1938 1248 2127 1292 reditum
2170 1249 2347 1292 minime
2390 1249 2502 1293 velle
2547 1248 2796 1304 suscipere,
2841 1251 2892 1291 ut
2934 1262 2988 1292 ex

1642 1304 1893 1353 huiusmodi
1930 1305 2258 1349 machinatione
2293 1305 2483 1349 triennio
2525 1305 2676 1360 elapso
2714 1317 2794 1348 suo
2825 1305 2921 1348 iure
2948 1305 2987 1348 is

1644 1361 1718 1416 qui
1756 1361 2062 1418 emphyteusin
2102 1361 2300 1417 suscepit
2339 1360 2493 1416 cadat,
2537 1360 2761 1404 licentiam
2800 1361 2842 1404 ei
2881 1374 2987 1405 con-

1643 1418 1836 1461 cedimus
1867 1417 2150 1461 attestatione
2185 1417 2429 1472 praemissa
2461 1417 2676 1473 pecunias
2707 1416 2866 1461 offerre
2894 1417 2987 1461 his-

1643 1486 1728 1528 que
1758 1473 2002 1528 obsignatis
2043 1478 2085 1517 et
2123 1473 2366 1518 secundum
2402 1474 2542 1529 legem
2572 1472 2782 1529 depositis
2812 1473 2986 1516 minime

1644 1530 1898 1574 deiectionis
1938 1530 2093 1573 timere
2131 1530 2393 1585 periculum.
2462 1528 2517 1573 D.
2551 1541 2622 1572 XV
2652 1528 2695 1573 lc.
2731 1528 2823 1574 Oct.
2858 1528 2986 1574 Chal-

1644 1585 1810 1629 cedone
1837 1585 1979 1629 Decio
2011 1599 2073 1630 vc.
2112 1599 2233 1629 cons.
2798 1589 2855 1638 [a.
2887 1588 2984 1637 529]

1703 1638 1732 1688 3
1764 1640 1891 1685 Idem
1919 1643 1972 1684 A.
2005 1639 2186 1684 Iuliano
2209 1655 2294 1699 pp.
2354 1640 2465 1684 Cum
2494 1640 2805 1693 dubitabatur,
2838 1645 2986 1685 utrum

1645 1697 1932 1762 emphyteuta
1972 1696 2134 1740 debeat
2173 1709 2275 1740 cum
2303 1695 2467 1741 domini
2502 1697 2732 1740 voluntate
2762 1709 2867 1741 suas
2896 1710 2985 1740 me-

1641 1753 1925 1804 liorationes,
1967 1764 2082 1807 quae
2112 1752 2284 1796 Graeco
2322 1752 2539 1797 vocabulo
2580 1758 2886 1808 emponemata
2922 1753 2986 1796 di-

1643 1811 1826 1860 cuntur,
1880 1807 2074 1851 alienare
2115 1809 2186 1851 vel
2235 1808 2305 1852 ius
2349 1808 2724 1864 emphyteuticum
2765 1809 2811 1851 in
2854 1807 2986 1852 alium

1641 1864 1898 1916 transferre,
1929 1876 1989 1906 an
2018 1864 2143 1907 eius⁷
2174 1865 2412 1920 expectare
2440 1877 2719 1917 consensum,
2750 1864 2987 1916 sancimus,

1643 1919 1682 1963 si
1722 1919 1897 1975 quidem
1936 1920 2308 1975 emphyteuticum
2347 1920 2687 1963 instrumentum
2730 1933 2867 1976 super
2903 1920 2988 1964 hoc

1643 1987 1753 2019 casu
1796 1975 1968 2031 aliquas
2013 1976 2245 2031 pactiones
2284 1976 2470 2030 habeat,
2517 1989 2593 2019 eas
2631 1977 2879 2020 observari:
2921 1977 2989 2020 sin

1642 2035 1790 2075 autem
1833 2033 1956 2076 nullo
1995 2032 2125 2076 modo
2161 2032 2416 2076 huiusmodi
2454 2033 2602 2088 pactio
2643 2033 2792 2088 posita
2825 2037 2894 2077 est
2920 2034 2990 2076 vel

1642 2089 1757 2132 forte
1784 2088 2128 2132 instrumentum
2158 2089 2497 2145 emphyteuseos
2526 2088 2747 2144 perditum
2777 2092 2868 2141 est,
2907 2089 2989 2132 mi-

1640 2143 1759 2188 nime
1794 2144 1929 2188 licere
1960 2145 2271 2201 emphyteutae
2310 2144 2405 2189 sine
2442 2158 2662 2189 consensu
2691 2145 2857 2189 domini
2886 2158 2989 2189 suas

1641 2200 1972 2245 meliorationes
2017 2201 2116 2244 aliis
2160 2201 2349 2245 vendere
2391 2201 2461 2244 vel
2500 2201 2571 2244 ius
2614 2202 2988 2258 emphyteuticum

1646 2261 1664 2299 1
1724 2256 1982 2300 transferre.
2053 2257 2140 2301 Sed
2179 2270 2235 2301 ne
2273 2258 2359 2301 hac
2399 2257 2636 2301 occasione
2665 2261 2881 2313 accepta⁸
2910 2258 2987 2302 do-

1641 2312 1750 2356 mini
1787 2313 1967 2357 minime
2008 2313 2258 2357 concedant
2298 2314 2605 2370 emphyteutas
2646 2327 2751 2357 suos
2783 2314 2987 2370 accipere

1642 2369 1783 2422 pretia
1822 2369 2178 2413 meliorationum
2207 2382 2322 2425 quae
2350 2370 2618 2422 invenerint,
2649 2369 2727 2413 sed
2757 2382 2832 2413 eos
2862 2370 2986 2413 delu-

1642 2424 1750 2468 dant
1789 2430 1834 2469 et
1872 2437 1927 2468 ex
1963 2425 2049 2469 hoc
2088 2425 2364 2470 commodum
2411 2426 2722 2482 emphyteutae
2761 2425 2986 2481 depereat,

1642 2481 1916 2536 disponimus
1947 2482 2278 2525 attestationem
2306 2482 2480 2525 domino
2511 2481 2753 2525 transmitti
2782 2485 2828 2525 et
2855 2495 2985 2538 prae-

1641 2537 1808 2589 dicere,
1854 2540 2068 2593 quantum
2110 2537 2303 2594 pretium
2346 2538 2403 2580 ab
2449 2538 2535 2581 alio
2579 2550 2629 2581 re
2663 2550 2767 2581 vera
2805 2539 2984 2594 accipit.

1642 2597 1666 2636 2
1719 2593 1783 2636 Et
1807 2593 1847 2637 si
1872 2594 2047 2648 quidem
2074 2593 2277 2638 dominus
2298 2593 2384 2638 hoc
2408 2593 2514 2638 dare
2535 2594 2744 2638 maluerit
2758 2596 2803 2638 et
2816 2598 2985 2638 tantam

1639 2653 1871 2705 praestare
1901 2650 2208 2705 quantitatem,
2241 2654 2450 2705 quantam
2478 2650 2579 2705 ipsa
2593 2650 2778 2694 veritate
2805 2651 2984 2707 emphy—

1640 2710 1766 2750 teuta
1793 2709 1852 2752 ab
1883 2706 1971 2750 alio
2003 2706 2209 2762 accipere
2237 2711 2397 2762 potest,
2427 2707 2570 2761 ipsum
2596 2706 2821 2750 dominum
2846 2707 2985 2750 omni-

1642 2766 1667 2805 3
1724 2763 1856 2806 modo
1887 2763 2000 2806 haec
2029 2774 2312 2817 comparare:
2358 2762 2437 2805 Sin
2466 2765 2616 2806 autem
2647 2762 2836 2806 duorum
2866 2776 2986 2807 men-

1640 2831 1768 2862 suum
1796 2818 1992 2874 spatium
2021 2818 2156 2862 fuerit
2179 2830 2406 2862 emensum
2431 2823 2477 2861 et
2502 2818 2705 2862 dominus
2729 2819 2817 2863 11οο
2838 2819 2987 2863 facere

1640 2875 1845 2926 noluerit,
1890 2874 2072 2918 licentia
2115 2875 2426 2931 emphyteutae
2470 2874 2618 2927 detur,
2664 2874 2743 2918 ubi
2785 2875 2986 2930 voluerit,

1641 2933 1687 2974 et
1716 2931 1810 2974 sine
1841 2943 2061 2975 consensu
2090 2930 2257 2975 domini
2286 2943 2391 2974 suas
2426 2930 2756 2974 meliorationes
2785 2932 2986 2987 vendere,

1639 2987 1708 3030 his
1738 2992 1887 3031 tamen
1913 2986 2140 3042 personis,
2179 2999 2293 3041 quae
2322 3000 2413 3030 non
2443 2987 2588 3034 solent
2615 2987 2661 3030 in
2693 2987 2985 3043 emphyteuti-

1640 3043 1702 3086 cis
1734 3044 2038 3087 contractibus
2068 3044 2207 3086 vetari
2246 3043 2304 3086 ad
2340 3042 2592 3086 huiusmodi
2621 3043 2768 3086 venire
2798 3044 2984 3098 emptio-

1639 3113 1760 3143 nem:
1802 3100 2108 3142 necessitatem
2150 3104 2298 3142 autem
2336 3098 2503 3142 habere
2542 3098 2764 3152 dominos,
2806 3098 2846 3141 si
2887 3099 2982 3141 aliis

1639 3155 1884 3199 melioratio
1920 3155 2164 3198 secundum
2201 3154 2452 3209 praefatum
2490 3153 2668 3196 modum
2697 3154 2875 3197 vendita
2911 3155 2984 3204 sit,

1639 3212 1840 3266 accipere
1884 3211 2211 3265 emphyteutam
2256 3210 2346 3263 vel,
2389 3209 2461 3253 ius
2506 3210 2883 3265 emphyteuticum
2926 3209 2982 3253 ad

1638 3279 1854 3322 personas
1895 3279 1985 3309 non
2022 3265 2269 3320 prohibitas
2310 3265 2389 3308 sed
2432 3278 2669 3309 concessas
2714 3268 2760 3309 et
2799 3266 2982 3311 idoneas

1639 3322 1696 3365 ad
1734 3322 1991 3366 solvendum
2032 3320 2410 3377 emphyteuticum
2448 3333 2661 3366 canonem
2691 3325 2982 3378 transponere

1639 3378 1677 3420 si
1716 3377 2000 3433 emphyteuta
2035 3377 2263 3430 maluerit,
2305 3390 2394 3421 non
2434 3378 2752 3432 contradicere,
2794 3379 2873 3423 sed
2902 3393 2980 3423 no-

1637 3447 1738 3476 vum
1779 3433 2109 3489 emphyteutam
2146 3433 2193 3476 in
2227 3433 2557 3488 possessionem
2595 3434 2848 3490 suscipere,
2891 3449 2982 3478 non

1637 3502 1719 3544 per
1751 3489 2068 3532 conductorem
2097 3501 2179 3532 nec
2208 3489 2320 3544 pei-⁹
2348 3493 2707 3546 procuratorem,
2746 3490 2825 3535 sed
2859 3490 2981 3547 ipsos

1638 3545 1838 3589 dominos
1867 3557 1949 3599 per
1978 3556 2027 3587 se
2051 3544 2121 3588 vel
2148 3558 2231 3601 per
2259 3545 2432 3589 litteras
2462 3558 2567 3590 suas
2597 3548 2678 3599 vel,
2710 3547 2748 3590 si
2777 3547 2864 3591 hoc
2892 3561 2982 3591 non

1636 3601 1864 3655 potuerint
1888 3601 1956 3644 vel
1980 3601 2216 3655 noluerint,
2246 3614 2328 3658 per
2354 3601 2676 3657 depositionem
2700 3603 2748 3645 in
2772 3603 2858 3647 hac
2884 3603 2980 3659 qui-

1637 3657 1737 3700 dem
1767 3657 1945 3700 civitate
1973 3657 2094 3713 apud
2115 3657 2256 3701 virum
2280 3657 2573 3703 clarissimum
2597 3659 2854 3714 magistrum
2877 3672 2979 3702 cen-

1637 3725 1764 3756 suum
1793 3713 1864 3756 vel
1900 3713 2208 3768 praesentibus
2247 3714 2482 3758 tabulariis
2519 3727 2602 3770 per
2635 3715 2980 3769 attestationem,

1635 3769 1681 3811 in
1725 3769 1964 3824 provinciis
2008 3771 2156 3814 autem
2204 3783 2286 3825 per
2327 3770 2556 3826 praesides
2601 3772 2670 3814 vel
2722 3770 2978 3814 defensores

1637 3828 1662 3867 4
1722 3825 2044 3868 celebrandam.
2087 3825 2148 3869 Et
2172 3839 2228 3870 ne
2254 3826 2440 3870 avaritia
2461 3826 2574 3869 tenti
2595 3826 2760 3870 domini
2776 3838 2846 3868 ma
2908 3839 2979 3868 am

1635 3881 1794 3924 molem
1821 3882 2113 3937 pecuniarum
2141 3887 2325 3938 propter
2352 3882 2439 3926 hoc
2469 3881 2725 3937 efflagitent,
2755 3895 2842 3936 quo
2901 3895 2978 3925 us-

1637 3949 1720 3991 que
1749 3937 1807 3981 ad
1834 3949 2045 3992 praesens
2074 3941 2250 3994 tempus
2279 3938 2530 3994 perpetrari
2558 3938 2855 3992 cognovimus,
2886 3951 2976 3981 non

1635 3993 1827 4048 amplius
1867 3993 1930 4036 eis
1969 3993 2103 4037 liceat
2131 4007 2214 4050 pro
2244 3993 2573 4048 subscriptione
2602 3995 2671 4037 vel
2700 3993 2976 4048 depositione

1634 4049 1721 4092 nisi
1749 4049 2155 4105 quinquagesimam
2184 4053 2358 4106 partem
2385 4049 2518 4105 pretii
2546 4050 2615 4092 vel
2646 4049 2974 4093 aestimationis

1634 4104 1745 4157 loci,
1789 4104 1865 4159 qui
1903 4106 1959 4148 ad
1998 4105 2131 4149 aliam
2166 4118 2403 4162 personam
2432 4105 2712 4160 transfertur,
2753 4105 2972 4160 accipere.

1634 4164 1658 4203 5
1734 4160 1811 4204 Sin
1854 4165 2001 4205 autem
2043 4175 2206 4205 novum
2250 4161 2572 4217 emphyteutam
2614 4162 2683 4204 vel
2724 4166 2974 4216 emptorem

1634 4215 1948 4260 meliorationis
1979 4218 2206 4274 suscipere
2245 4217 2421 4261 minime
2460 4216 2663 4260 dominus
2693 4217 2900 4260 maluerit
2931 4221 2977 4260 et

1634 4273 1918 4316 attestatione
1946 4272 2070 4317 facta
2097 4275 2215 4317 intra
2246 4274 2355 4316 duos
2384 4285 2558 4316 menses
2588 4273 2674 4316 hoc
2713 4273 2861 4317 facere
2899 4286 2973 4316 su-

1632 4328 1887 4383 persederit,
1917 4328 2050 4374 licere
2072 4331 2381 4386 emphyteutae
2411 4333 2457 4372 et
2484 4342 2574 4372 non
2596 4329 2972 4373 consentientibus

1633 4384 1822 4428 dominis
1863 4383 1922 4428 ad
1965 4384 2077 4430 alios
2120 4387 2189 4429 ius
2228 4398 2355 4429 suum
2384 4383 2453 4428 vel
2490 4390 2796 4440 emponemata
2823 4389 2970 4429 trans-

1634 4527 1684 4567 de
1713 4528 1788 4569 ins.
1822 4525 1856 4568 C
1992 4529 2049 4581 (4)
2088 4542 2201 4571 secus
2239 4543 2312 4569 scr.
2459 4530 2513 4580 (5)
2550 4528 2608 4569 sir:
2641 4526 2683 4579 C,
2721 4539 2853 4580 poena
2896 4528 2971 4570 PR

1634 4585 1689 4633 (6)
1722 4585 1761 4631 8,
1791 4592 1848 4635 3¹1,
1880 4592 1918 4626 12
2057 4586 2111 4638 (7)
2143 4598 2225 4625 non
2257 4587 2329 4625 ins.
2362 4583 2578 4625 Mommsen
2717 4587 2773 4636 (8)
2803 4586 2971 4638 adi-epta

1634 4639 1852 4682 Mommsen
1965 4641 2024 4693 (9)
2054 4654 2129 4682 uec
2157 4654 2231 4694 per
2259 4641 2309 4690 P,
2339 4638 2404 4681 vel
2437 4640 2508 4681 CR
