3086 4732
145 191 229 240 13
1478 175 1544 232 20

139 337 291 381 tudine
341 336 408 380 vel
460 334 713 379 celebritate
763 330 1106 388 uniuscuiusque
1147 331 1232 375 vici
1273 327 1467 394 ecclesiis

141 396 284 436 certus
308 389 469 434 iudicio
498 401 522 433 0
554 387 693 443 iscopi
722 384 981 430 clericorum
995 399 1202 431 numerus
1228 384 1467 429 ordmetur.

138 447 193 491 D.
219 458 269 490 VJ
301 444 345 490 lc.
371 446 485 503 Auq.
564 443 665 486 nizo
689 440 898 485 Honorio
922 442 974 486 A.
993 453 1082 486 1111
1111 446 1154 487 et
1186 438 1470 552 Eutpolzgcgffi

274 536 283 544 .
1302 508 1341 538 a.

141 514 272 601 ωἲές
297 554 437 600 ¹Idem
472 553 563 597 AA.
605 549 891 608 Eutychiano
921 565 1006 617 pp.
1073 551 1121 596 Si
1166 550 1261 607 quis
1299 548 1472 593 curialis

142 611 326 655 clericus
355 609 486 653 fuerit
503 607 730 652 ordinatus
759 618 842 650 nec
871 611 1020 650 statlm
1042 606 1327 651 conventione
1343 615 1472 660 prae-

140 667 272 711 missa
300 666 510 731 pristinae
541 660 788 705 condicioni
816 661 1038 715 reddatur,
1072 662 1110 706 is
1139 663 1284 717 vigore
1313 665 1358 705 et
1386 659 1471 703 sol-

140 721 269 765 lertia
307 719 592 764 ludicantium
631 716 687 759 ad
722 716 952 772 pristinam
988 724 1150 761 sortem
1186 718 1303 760 velut
1341 727 1474 758 manu

141 790 243 820 mox
270 776 431 819 iniecta
458 775 702 816 revocetur.
753 772 924 817 clericis
953 773 1068 816 enim
1097 772 1278 816 ulterius
1307 770 1475 825 1ος01112

140 831 348 888 prodesse
376 841 464 872 non
491 827 703 883 patimur,
727 840 840 883 quae
870 827 1066 872 cessione
1093 827 1342 884 patrimonii
1371 826 1474 869 sub-

142 891 294 930 secuta
333 883 587 928 decuriones
627 882 810 927 clericos
841 895 937 928 esse
974 896 1063 927 non
1091 884 1280 927 vetabat.
1337 881 1393 926 D.
1431 892 1479 924 VJ

141 941 184 985 lc.
237 942 351 997 Auq.
404 937 560 983 Mnizo
606 937 814 982 Honorio
859 939 911 983 A.
959 950 1054 983 1111
1094 943 1140 983 et
1189 935 1475 1050 Euthcligcgigq

143 1009 284 1039 conss.
1308 1006 1347 1036 a.

202 1047 262 1096 13
296 1048 438 1093 ³Idem
456 1049 546 1093 AA.
580 1046 831 1106 Sapidiano
861 1047 1032 1092 vicario
1061 1048 1276 1106 Africae⁴
1332 1047 1378 1091 Si
1407 1059 1477 1090 ec-

144 1106 303 1150 clesiae
341 1104 601 1148 venerabilis
641 1102 867 1159 privilegia
909 1104 1166 1159 cuiusquam
1210 1102 1375 1147 fuerint
1412 1103 1480 1146 vel

143 1161 385 1205 temeritate
420 1159 584 1203 violata
622 1158 688 1202 vel
727 1157 1074 1203 dissimulatione
1111 1159 1323 1213 neglecta,
1363 1171 1479 1202 com-

143 1217 320 1260 missum
351 1215 540 1314 quinque
568 1215 782 1259 librarum
811 1214 908 1258 auri
925 1215 1285 1259 condemnatione
1314 1213 1479 1269 plecte-

143 1277 228 1315 tur.
286 1271 340 1315 1).
366 1282 437 1314 VJ!
489 1269 602 1314 ‚Iul
620 1269 817 1314 Brixiae
843 1268 1078 1314 Theodoro
1109 1283 1228 1314 cons.
1289 1270 1349 1325 [a.
1378 1268 1479 1324 399]

203 1324 265 1372 14
297 1325 439 1370 ‘Idem
461 1326 552 1369 AA.
585 1324 824 1369 Hadriano
845 1338 930 1382 pp.
989 1325 1258 1379 Quicumque
1287 1323 1480 1368 residen-

144 1383 262 1427 tibus
299 1381 602 1426 sacerdotibus
638 1380 773 1424 fuerit
816 1380 1055 1436 episcopali
1090 1381 1187 1423 1000
1228 1383 1271 1423 et
1309 1379 1483 1422 nomine

146 1439 369 1490 detrusus,
408 1437 447 1481 si
484 1435 649 1492 aliquid
677 1436 745 1479 vel
775 1440 930 1478 contra
959 1435 1203 1479 custodiam
1230 1435 1298 1478 vel
1328 1439 1484 1478 contra

146 1494 332 1549 quietem
367 1493 590 1548 publicam
625 1490 768 1535 moliri
804 1490 938 1534 fuerit
978 1490 1277 1546 deprehensus
1306 1503 1480 1534 rursus-

146 1562 229 1605 que
259 1548 550 1593 sacerdotium
578 1551 740 1602 petere,
771 1559 798 1589 a
828 1559 913 1601 quo
929 1546 1098 1590 videtur
1127 1546 1350 1602 expulsus,
1379 1559 1482 1610 pro-

147 1605 218 1648 cul
248 1605 303 1647 ab
334 1616 385 1646 ea
413 1604 535 1655 urbe,
567 1615 695 1658 quam
728 1602 1007 1646 conturbavit
1019 1603 1049 1655 6,
1097 1607 1271 1646 centum
1309 1601 1483 1645 milibus

95 1696 97 1698 .
146 1661 276 1703 vitam
307 1663 421 1714 agat.
467 1671 549 1702 nec
565 1663 716 1701 nostra
732 1657 861 1700 adeat
877 1661 1046 1701 secreta
1069 1670 1150 1701 nec
1165 1657 1399 1712 impetrare
1415 1669 1482 1700 re·

147 1716 311 1770 scripta
334 1718 494 1770 speret,
521 1713 599 1757 sed
628 1713 757 1756 etiam
777 1713 1019 1768 impetratis
1044 1717 1214 1757 careat:
1243 1712 1483 1756 defensori-

146 1772 229 1814 bus
255 1770 384 1813 etiam
399 1782 550 1814 eorum
566 1769 655 1812 indi
716 1768 905 1812 ationem
921 1769 1144 1812 subituris.
1173 1766 1229 1812 D.
1238 1767 1363 1826 prid.
1379 1781 1482 1812 non.

148 1825 274 1870 Febr.
293 1824 506 1869 Ravenna
524 1823 650 1869 Stilic
666 1837 766 1868 tone
795 1828 839 1867 et
852 1824 1096 1868 Aureliano
1114 1837 1256 1868 conss.
1303 1823 1363 1888 [a.
1382 1822 1483 1878 400]

207 1878 269 1926 15
301 1879 445 1923 ⁷Idem
484 1880 575 1923 AA.
617 1878 778 1923 Studio
813 1893 889 1936 pu.
951 1879 1265 1923 Conventicula
1307 1879 1486 1922 lllicita⁸

150 1941 274 1981 extra
309 1935 539 1978 ecclesiam
574 1934 620 1977 in
655 1933 839 1999 privatis
878 1935 1059 1978 aedibus
1095 1934 1307 1978 celebrari
1334 1934 1483 1990 prohi-

149 1992 314 2042 bemus,
353 1990 689 2046 proscriptioms
728 1990 881 2034 domus
918 1990 1113 2044 periculo
1144 1990 1407 2044 imminente,
1447 1990 1486 2033 si

151 2046 352 2089 dominus
383 2046 475 2089 eius
504 2045 550 2088 in
580 2058 632 2088 ea
662 2045 843 2089 clericos
873 2058 986 2088 nova
1013 2058 1066 2088 ac
1084 2047 1354 2089 tumultuosa
1381 2058 1485 2088 con-

150 2101 399 2145 venticula⁹
449 2105 575 2144 extra
626 2100 855 2145 ecclesiam
909 2101 1178 2145 celebrantes
1231 2101 1484 2156 susceperit.

150 2155 204 2200 D.
237 2159 371 2199 1111ιο
398 2155 441 2200 lc.
474 2155 594 2214 Sept.
629 2154 1019 2214 Constantinopoli
1045 2156 1253 2201 Honorio
1283 2156 1336 2200 A.
1370 2168 1419 2200 VJ
1445 2163 1487 2200 et

151 2211 431 2256 Aristaeneto
462 2224 605 2255 conss.
1290 2211 1350 2268 [a.
1382 2211 1485 2267 404]

211 2264 272 2312 16
304 2265 448 2325 Impp.
468 2266 700 2310 Honorius
715 2271 759 2310 et
775 2265 1047 2310 Theodosius
1056 2266 1147 2311 AA.
1159 2265 1393 2311 Anthemio
1401 2282 1485 2325 pp.

154 2322 359 2377 Quisquis
399 2322 600 2366 censibus
639 2321 774 2365 fuerit
809 2321 1066 2374 adnotatus,
1105 2322 1240 2365 invito
1279 2322 1373 2376 agri
1410 2323 1486 2366 do-

152 2378 268 2420 mino
306 2378 362 2420 ab
399 2377 515 2421 omni
549 2381 763 2432 temperet
792 2377 1013 2430 clericatu,
1052 2377 1161 2421 adeo
1195 2381 1245 2420 ut
1274 2378 1419 2430 etiam,
1450 2378 1487 2421 si

151 2433 195 2475 in
226 2445 276 2476 00
306 2432 417 2485 vico,
453 2432 498 2475 in
528 2446 614 2487 quo
643 2433 840 2482 noscitur
869 2432 1128 2483 mansitare,
1169 2432 1352 2476 clericus
1391 2432 1484 2477 fue-

151 2488 222 2539 rit,
252 2488 333 2531 sub
363 2488 448 2531 hac
477 2488 571 2542 lege
599 2487 848 2541 religiosum
873 2487 1075 2530 adsumat
1101 2487 1407 2540 sacerdotium,
1437 2491 1487 2531 ut

151 2547 195 2585 et
225 2542 502 2597 capitationis
540 2542 758 2586 sarcinam
787 2555 866 2597 per
894 2542 1036 2597 ipsum
1075 2542 1297 2585 dominum
1327 2555 1485 2596 agnos-

153 2610 250 2641 cere
281 2598 567 2653 compellatur
598 2602 640 2640 et
667 2597 889 2640 ruralibus
919 2597 1139 2652 obsequiis
1170 2611 1253 2652 quo
1284 2599 1488 2642 maluerit

151 2654 386 2708 subrogato
427 2653 659 2708 fungatur,
702 2665 754 2695 ea
792 2652 960 2697 scilicet
996 2652 1268 2697 immunitate
1302 2654 1485 2707 indulta,

151 2721 263 2764 quae
301 2713 448 2752 certae
487 2708 764 2764 capitationis
793 2708 1051 2752 venerandis
1089 2709 1286 2753 ecclesiis
1315 2710 1486 2755 relaxa-

150 2768 245 2808 tur:
290 2764 408 2807 nullo
454 2769 607 2808 contra
647 2764 763 2807 hanc
805 2764 943 2818 legem
971 2764 1157 2808 valituro
1208 2765 1422 2821 rescripto
1440 2767 1485 2809 ¹².

152 2818 205 2862 D.
231 2819 352 2876 prid.
378 2818 420 2863 lc.
439 2817 572 2863 Mart.
593 2818 799 2863 Honorio
817 2821 867 2863 A.
894 2831 987 2862 Vll!
1014 2825 1057 2864 et
1075 2819 1323 2864 Theodosio
1354 2822 1405 2865 A.
1426 2833 1492 2864 111

156 2886 299 2916 conss.
315 2875 350 2899 ¹2
1292 2875 1354 2931 [a.
1385 2877 1487 2932 409]

214 2924 274 2972 17
312 2926 470 2971 ¹³Iclem
498 2929 588 2971 AA.
619 2926 841 2972 Monaxio
863 2943 960 2993 pp..
1005 2928 1160 2973 Placet
1192 2935 1369 2975 nostrae
1401 2931 1491 2975 cle-

153 2983 355 3035 mentiae,
386 2987 436 3025 ut
464 2983 572 3026 nihil
602 2996 828 3027 commune
858 2983 1005 3027 clerici
1034 2996 1133 3027 cum
1164 2986 1352 3040 publicis
1383 2986 1489 3030 acti·

154 3039 237 3082 bus
256 3039 290 3066 ¹⁴
317 3038 385 3081 vel
414 3038 470 3081 ad
500 3038 664 3082 curiam
693 3038 1026 3093 pertinentibus,
1058 3039 1183 3083 cuius
1201 3042 1376 3097 corpori
1400 3056 1489 3086 non

159 3098 176 3136 1
239 3097 341 3136 sunt
377 3093 534 3136 adnexi
551 3095 599 3141 ¹⁵,
620 3094 825 3138 habeant.
885 3095 1121 3139 Praeterea
1151 3096 1225 3150 eis,
1256 3097 1331 3152 qui
1360 3110 1488 3152 para-

155 3148 331 3192 balanin
348 3148 383 3174 ¹⁶
424 3152 662 3203 vocantur,
714 3162 856 3205 neque
897 3150 955 3193 ad
997 3150 1222 3206 quodlibet
1263 3153 1489 3208 publicum

155 3204 453 3259 spectaculum
490 3217 628 3259 neque
668 3203 725 3247 ad
763 3204 912 3248 curiae
946 3206 1093 3255 locum
1121 3220 1264 3262 neque
1293 3208 1349 3252 ad
1375 3208 1486 3252 iudi-

156 3260 269 3302 cium
299 3259 534 3303 accedendi
562 3260 779 3304 licentiam
809 3259 1116 3315 permittimus,
1147 3262 1232 3306 nisi
1254 3263 1368 3308 forte
1399 3264 1487 3308 sin-

153 3315 241 3369 guli
272 3315 327 3358 ob
359 3327 515 3358 causas
544 3315 746 3371 proprias
777 3320 821 3359 et
850 3316 1134 3361 necessitates
1163 3318 1354 3363 iudicem
1369 3320 1487 3365 adie-

154 3370 240 3412 rint
279 3370 463 3425 aliquem
500 3370 576 3414 lite
614 3371 837 3425 pulsantes
875 3372 943 3415 vel
982 3372 1039 3416 ab
1077 3372 1162 3417 alio
1202 3374 1286 3430 ipsi
1323 3376 1489 3431 pulsati

154 3424 221 3468 vel
258 3423 304 3467 in
341 3425 558 3468 communi
595 3426 729 3469 totius
760 3427 955 3482 corporis
996 3441 1130 3471 causa
1159 3430 1340 3485 syndico
1372 3431 1486 3475 ordi·

154 3484 283 3523 nato:
314 3481 395 3523 sub
427 3492 479 3524 ea
507 3480 770 3533 definitione,
800 3488 863 3534 ut,
894 3483 931 3526 si
961 3483 1056 3538 quis
1088 3497 1238 3528 eorum
1267 3486 1378 3531 haec
1396 3487 1487 3532 vio·

153 3534 303 3578 laverit
342 3539 385 3578 et
418 3535 622 3579 brevibus
658 3537 944 3591 parabalanin
981 3539 1196 3583 eximatur
1237 3546 1280 3586 et
1315 3555 1488 3598 compe·

153 3590 263 3633 tenti
299 3590 513 3645 supplicio
552 3591 808 3646 subiugetur
843 3605 925 3637 nec
965 3607 1170 3649 umquam
1212 3597 1268 3640 ad
1304 3599 1487 3643 eandem

155 3644 489 3688 sollicitudinem
519 3652 776 3690 revertatur.
834 3647 889 3692 D.
922 3651 1031 3693 111Π
1067 3649 1110 3694 lc.
1146 3650 1237 3696 Oct.
1271 3652 1486 3698 Constan-

157 3700 252 3743 tino
289 3700 349 3743 oli
367 3699 611 3746 Theodosio
629 3702 679 3746 A.
706 3714 778 3746 VJJ
797 3708 840 3748 et
855 3702 1064 3749 Palladio
1091 3719 1233 3751 conss.
1293 3709 1354 3766 [a.
1381 3714 1463 3755 416

214 3714 282 3800 15
311 3753 575 3821 ¹⁸Idem·AA.
597 3755 819 3803 Monaoeio
843 3773 925 3817 pp.
983 3760 1293 3817 Parabalanin‚
1325 3765 1399 3820 qui
1429 3710 1486 3809 011

155 3810 349 3854 curanda
380 3809 585 3855 deb1l1um
615 3825 747 3867 aegra
777 3827 962 3869 corpora
990 3815 1269 3872 deputantur,
1310 3833 1483 3866 sescen-

2498 192 2572 229 DE
2607 191 2886 230 EPISCOPIS

1551 329 1621 370 tos
1661 324 1869 368 constitui
1902 326 2217 392 praecipimus,
2255 326 2318 370 ita
2356 328 2408 368 ut
2434 338 2516 380 pro
2546 325 2729 371 arbitrio
2744 327 2780 354 2⁹
2807 327 2889 371 viri

1552 379 1888 425 reverentissimi
1929 381 2135 427 antistitis
2172 379 2498 425 Alexandrinae
2541 381 2664 425 urbis
2709 381 2764 427 de
2805 382 2888 434 his,

1554 435 1630 491 qui
1671 439 1774 478 ante
1813 435 1990 479 fuerant
2040 441 2086 481 et
2126 438 2202 493 qui
2252 449 2333 492 pro
2365 435 2679 481 consuetudine
2708 437 2889 481 curandi

1552 494 1711 546 gerunt
1739 491 2069 555 experientiam,
2110 492 2300 537 sescenti
2326 490 2618 548 parabalanin
2654 491 2712 535 ad
2737 492 2890 537 huius-

1554 545 1671 591 modi
1709 545 2045 590 solhcitudinem
2083 547 2320 603 eligantur,
2359 546 2554 601 exceptis
2582 545 2783 590 videlicet
2809 547 2890 592 110-

1561 607 1578 645 l
1638 601 1805 646 noratis
1835 606 1880 644 et
1908 601 2160 647 curialibus.
2206 603 2254 647 Si
2282 602 2379 658 quis
2409 607 2557 645 autem
2586 613 2642 645 ex
2667 601 2738 645 his
2762 606 2891 647 natu-

1555 658 1639 701 rali
1668 661 1787 701 sorte
1813 655 1948 700 fuerit
1976 657 2257 714 absumptus,
2298 658 2408 701 alter
2435 657 2482 700 in
2510 656 2604 702 eius
2633 656 2780 701 locum
2808 671 2891 714 pro

1556 714 1780 757 voluntate
1825 711 2019 756 eiusdem
2065 713 2307 757 sacerdotis
2347 712 2539 768 exceptis
2584 711 2812 757 honoratis
2848 718 2895 757 et

1560 768 1795 812 curialibus
1826 767 2098 823 subrogetur,
2127 769 2191 812 ita
2218 773 2270 812 ut
2298 768 2346 812 hi
2368 767 2559 812 sescenti
2585 768 2666 811 viri
2693 781 2894 812 reveren-

1558 823 1712 867 tissimi
1741 822 1983 867 sacerdotis
2011 824 2259 887 praeceptis
2296 836 2349 867 00
2379 822 2738 879 dispositionibus
2767 823 2894 868 obse-

1561 878 1752 923 cundent
1792 883 1835 922 et
1871 878 1954 922 sub
1995 891 2086 923 elus
2117 892 2225 923 cura
2255 879 2520 923 consistant:
2560 879 2752 935 reliquis,
2782 887 2917 934 quae

1560 935 1731 979 dudum.
1759 934 1879 977 latae
1917 934 2025 988 legis
2035 936 2073 963 ²⁰
2110 934 2252 978 forma
2291 947 2387 978 com
2419 934 2617 986 lectitur,
2657 947 2791 990 super
2825 934 2896 979 his

1560 989 1851 1047 parabalanin
1876 989 1946 1032 vel
1975 989 2028 1033 de
2057 990 2320 1045 spectaculis
2335 949 2417 1033 vei)
2433 990 2486 1033 de
2514 988 2685 1034 iudiciis
2716 989 2896 1035 ceteris-

1591 1058 1645 1089 ue
1675 1046 1789 1089 sicut
1816 1044 1904 1087 iam
1933 1047 2146 1088 statutum
2175 1050 2242 1088 est
2267 1045 2579 1089 custodiendis.
2637 1044 2693 1090 1).
2714 1056 2781 1089 111
2791 1058 2896 1090 non.

1601 1101 1689 1145 ebr.
1717 1099 2107 1158 Constantinopoli
2122 1099 2330 1144 Honorio
2349 1113 2428 1144 XJJ
2454 1106 2498 1145 et
2524 1100 2774 1146 Theodosio
2807 1112 2902 1144 VII!

1562 1157 1653 1201 AA.
1687 1169 1829 1199 conss.
2702 1157 2764 1214 [a.
2794 1156 2897 1207 418(Ἱ

1624 1209 1685 1258 19
1717 1210 1881 1254 ²¹Idem
1910 1211 2004 1254 AA.
2034 1209 2245 1254 Palladio
2267 1225 2351 1274 pp.
2408 1210 2545 1264 Eum,
2585 1212 2659 1267 qui
2686 1212 2893 1268 probabil-

1563 1269 1648 1312 lem
1690 1267 1866 1311 saeculo
1905 1266 2178 1321 disciplinam
2221 1271 2330 1320 agit,
2382 1265 2626 1310 decolorari
2677 1267 2898 1312 consortio

1566 1323 1758 1369 sororiae
1798 1321 2104 1377 appellationis
2141 1335 2231 1364 non
2267 1321 2405 1364 decet.
2470 1322 2732 1378 quicumque
2767 1323 2902 1379 igitur

1566 1379 1878 1433 cuiuscumque
1915 1377 2079 1433 gradus
2119 1376 2365 1420 sacerdotio
2403 1375 2648 1421 fulciuntur
2677 1378 2745 1422 vel
2774 1378 2902 1423 cleri-

1566 1439 1689 1478 catus
1726 1434 1893 1477 honore
1924 1436 2176 1485 censentur,
2215 1436 2523 1475 extranearum
2558 1432 2644 1476 sibi
2670 1434 2902 1479 mulierum

1564 1489 1799 1534 interdicta
1835 1488 2057 1533 consortia
2094 1492 2383 1543 cognoscant:
2420 1488 2505 1532 hac
2543 1489 2606 1532 eis
2633 1492 2808 1533 tantum
2833 1488 2903 1533 fa-

1568 1546 1731 1590 cultate
1774 1557 2006 1598 concessa,
2051 1548 2102 1587 ut
2143 1546 2305 1587 matres
2349 1542 2462 1587 filias
2504 1548 2639 1599 atque
2674 1557 2904 1600 germanas

1565 1602 1683 1645 intra
1726 1599 1955 1644 domorum
1997 1612 2178 1643 suarum
2221 1603 2376 1654 saepta
2419 1599 2694 1643 contineant:
2745 1599 2794 1644 in
2835 1600 2904 1645 his

1566 1657 1681 1701 enim
1718 1655 1828 1699 nihil
1865 1655 2010 1699 scaevi
2048 1654 2240 1698 criminis
2270 1654 2493 1698 aestimari
2519 1654 2674 1699 foedus
2703 1656 2905 1701 naturale

1570 1717 1589 1756 1
1649 1711 1874 1768 permittit.
1947 1711 2051 1755 Illas
2103 1710 2235 1754 etiam
2246 1710 2285 1737 ²²
2327 1723 2417 1753 non
2457 1710 2646 1766 relinqui
2687 1711 2906 1757 castitatis

1566 1769 1769 1812 hortatur
1808 1766 2023 1819 adfectio,
2055 1778 2167 1822 quae
2195 1769 2297 1809 ante
2326 1765 2622 1810 sacerdotium
2649 1767 2907 1812 maritorum

1567 1824 1803 1878 legitimum
1845 1835 2043 1865 meruere
2086 1821 2352 1876 coniugium:
2396 1834 2537 1877 neque
2580 1822 2695 1866 enim
2738 1823 2907 1868 clericis

1567 1880 1911 1934 incompetenter
1952 1877 2186 1921 adiunctae
2229 1879 2355 1929 sunt,
2411 1890 2524 1932 quae
2564 1877 2717 1934 dignos
2759 1891 2906 1924 sacer-

1569 1934 1686 1978 dotio
1724 1934 1841 1977 viros
1881 1933 1951 1976 sui
1987 1931 2317 1977 conversatione
2351 1932 2564 1976 fecerunt.
2633 1933 2688 1978 D.
2727 1946 2823 1979 VIII
2845 1934 2906 1979 id.

1568 1989 1675 2033 Mai.
1715 1988 1933 2034 Ravenna
1965 1987 2212 2033 Theodosio
2242 1988 2292 2032 A.
2332 2001 2450 2032 VJJJJ
2480 1994 2523 2033 et
2555 1988 2813 2035 Constantio
2843 2001 2905 2035 111

1570 2059 1713 2090 conss.
2739 2059 2779 2090 a.
2803 2049 2885 2091 420

1626 2098 1690 2147 20
1722 2098 1907 2158 2³Impp.
1952 2099 2228 2143 Theodosius
2266 2104 2311 2143 et
2349 2098 2689 2145 Valentinianus
2715 2045 2808 2146 EM.
2849 2116 2878 2146 a

1573 2156 1768 2200 Taurum
1788 2170 1872 2214 pp.
1886 2156 1925 2182 2⁴
1981 2154 2028 2198 Si
2059 2156 2155 2210 quis
2169 2156 2206 2182 2⁵
2234 2155 2464 2212 presbyter
2493 2161 2571 2200 aut
2590 2156 2802 2202 diaconus
2831 2162 2910 2203 aut

1571 2211 1820 2255 diaconissa
1848 2215 1926 2254 aut
1956 2211 2250 2255 subdiaconus
2277 2211 2344 2255 vel
2373 2212 2605 2256 cuiuslibet
2624 2212 2806 2258 alterius
2822 2213 2910 2258 loci

1572 2268 1756 2311 clericus
1796 2269 1874 2310 aut
1913 2266 2155 2310 monachus
2194 2270 2273 2310 aut
2315 2267 2489 2318 mulier,
2530 2280 2644 2322 quae
2683 2269 2908 2314 solitariae

1570 2323 1685 2366 vitae
1716 2322 1863 2365 dedita
1894 2327 1982 2374 est,
2021 2322 2143 2367 nullo
2175 2321 2352 2366 condito
2381 2326 2643 2368 testamento
2674 2323 2912 2370 decesserit

1571 2391 1652 2422 1100
1691 2377 1732 2421 ei
1761 2381 1966 2433 parentes
1996 2378 2226 2433 utriusque
2255 2390 2385 2422 sexus
2414 2379 2482 2422 vel
2520 2379 2647 2423 liberi
2674 2380 2743 2424 vel
2770 2380 2808 2425 si
2835 2380 2911 2438 qui

1570 2433 1815 2487 agnationis
1846 2432 2169 2487 cognationisve
2197 2433 2293 2476 iure
2321 2433 2564 2489 iunguntur
2595 2436 2662 2479 vel
2690 2449 2805 2480 uxor
2833 2448 2910 2480 ex-

1570 2488 1722 2540 titerit,
1751 2488 1882 2542 bona,
1912 2500 2026 2544 quae
2054 2487 2111 2531 ad
2140 2501 2239 2531 eum
2254 2489 2322 2532 vel
2350 2489 2408 2532 ad
2430 2502 2525 2533 eam
2538 2491 2575 2517 ²⁰
2602 2491 2911 2547 pertinuerint,

1570 2547 1883 2587 sacrosanctae
1935 2543 2148 2587 ecclesiae
2205 2544 2273 2587 vel
2313 2545 2602 2601 monasterio,
2653 2547 2727 2592 cui
2767 2549 2914 2593 fuerat

1571 2599 1817 2644 destinatus
1862 2603 1941 2643 aut
1989 2598 2209 2642 destinata
2222 2601 2281 2651 ²⁷,
2339 2600 2616 2645 omnifariam
2671 2602 2911 2648 socientur.

1575 2659 1591 2698 1
1652 2654 1866 2710 Exceptis
1919 2654 1988 2699 his
2031 2653 2343 2710 facultatibus,
2397 2668 2506 2712 quas
2548 2657 2665 2703 forte
2708 2659 2912 2704 censibus

1571 2709 1783 2774 adscripti
1811 2710 1879 2754 vel
1905 2709 1990 2759 iuri
2017 2713 2279 2766 patronatus
2310 2711 2496 2756 subiecti
2523 2713 2592 2757 vel
2621 2713 2777 2758 curiali
2805 2728 2912 2760 con-

1571 2765 1735 2809 dicioni
1791 2765 1968 2810 obnoxii
2025 2766 2175 2809 clerici
2223 2767 2290 2810 vel
2339 2767 2545 2811 monachi
2599 2769 2913 2827 cuiuscumque

1572 2834 1703 2865 sexus
1732 2821 2007 2876 relinquunt:
2037 2834 2120 2866 nec
2149 2821 2263 2865 enim
2293 2821 2457 2866 iustum
2486 2828 2553 2868 est
2581 2825 2699 2869 bona
2725 2838 2806 2871 seu
2866 2839 2911 2871 e-

1574 2877 1713 2929 culia,
1759 2889 1872 2931 quae
1915 2880 1993 2920 aut
2034 2881 2222 2932 patrono
2260 2877 2427 2932 legibus
2467 2878 2685 2924 debentur
2720 2885 2799 2925 aut
2833 2839 2911 2927 30-

1571 2932 1690 2975 mino
1719 2931 2023 2986 possessionis,
2063 2932 2137 2976 cui
2166 2932 2262 2988 quis
2293 2945 2446 2976 eorum
2473 2933 2620 2979 fuerat
2647 2935 2911 2994 adscriptus,

1573 2991 1651 3030 aut
1679 2987 1736 3030 ad
1766 2987 1914 3032 curias
1943 3001 2024 3043 pro
2055 2990 2209 3032 tenore
2225 2988 2386 3032 dudum
2401 2989 2518 3033 latae
2535 2991 2862 3038 constitutionis
2875 2994 2913 3021 ²⁸

1573 3043 1655 3087 sub
1687 3047 1809 3087 certa
1837 3042 1980 3087 forma
2009 3043 2226 3098 pertinere
2254 3049 2511 3098 noscuntur,
2542 3047 2597 3089 ab
2628 3047 2826 3093 ecclesiis
2845 3050 2914 3094 vel

1572 3098 1850 3142 monaste-riis
1861 3099 1897 3126 ²⁹
1946 3098 2151 3142 detineri:
2199 3099 2447 3144 actionibus
2486 3101 2690 3147 videlicet
2735 3116 2911 3162 compe-

1571 3156 1717 3198 tenter
1729 3155 1767 3181 30
1803 3154 2100 3198 sacrosanctis
2138 3155 2334 3200 ecclesiis
2371 3157 2441 3200 vel
2476 3158 2753 3203 monasteriis
2766 3160 2805 3186 ²⁹
2841 3173 2911 3204 re-

1572 3209 1780 3262 servatis,
1824 3210 1862 3254 si
1905 3211 2000 3265 quis
2043 3209 2159 3254 forte
2198 3211 2434 3266 praedictis
2472 3213 2804 3260 condicionibus
2833 3216 2912 3260 ob-

1571 3265 1728 3309 noxius
1759 3270 1837 3309 aut
1867 3278 1920 3309 ex
1947 3266 2081 3320 gestis
2110 3266 2296 3321 negotiis
2325 3271 2405 3311 aut
2438 3280 2491 3312 ex
2520 3268 2790 3323 quibuslibet
2816 3270 2914 3316 aliis

1573 3320 1884 3365 ecclesiasticis
1925 3322 2151 3365 actibus³¹
2189 3321 2409 3377 obligatus
2452 3323 2624 3371 obierit.
2690 3323 2747 3370 D.
2778 3337 2916 3371 svm*
2961 3371 2965 3374 ,

1571 3375 1614 3420 lc.
1646 3375 1746 3420 Ian.
1770 3376 2018 3421 Ariobindo
2049 3382 2093 3421 et
2116 3377 2291 3435 Aspare
2320 3390 2463 3423 conss.
2716 3381 2777 3438 [a.
2809 3381 2913 3440 434]

1628 3429 1690 3477 21
1726 3430 1891 3476 32Idem
1906 3433 1997 3476 AA.
2019 3431 2215 3477 Thomae
2233 3447 2271 3491 p
2309 3467 2318 3477 .
2375 3434 2446 3477 Ad
2475 3434 2800 3481 similitudinem
2822 3439 2914 3482 tam

1573 3488 1878 3543 episcoporum
1931 3487 2205 3534 orthodoxae
2257 3446 2359 3532 hpdei
2438 3502 2540 3533 uam
2580 3492 2826 3549 presbyteri
2868 3496 2914 3537 et

1572 3543 1745 3587 diaconi
1773 3543 1818 3597 ii,
1849 3544 1923 3598 qui
1936 3544 1973 3570 ³³
2001 3543 2238 3589 honorario
2262 3544 2388 3587 titulo
2467 3549 2630 3589 ustrem
2656 3547 2911 3602 dignitatem

1572 3598 1801 3643 consecuti
1829 3603 1956 3651 sunt,
1998 3611 2079 3654 per
2108 3599 2370 3644 substitutos
2408 3600 2604 3654 periculo
2635 3614 2815 3646 suarum
2843 3603 2910 3646 fa-

1572 3656 1783 3698 cultatum
1821 3655 1970 3698 curiae
2005 3653 2259 3699 muneribus
2290 3654 2546 3700 satisfacere
2575 3669 2665 3702 non
2692 3659 2911 3703 vetentur.

1570 3710 1625 3754 D.
1664 3722 1692 3754 V
1715 3709 1759 3754 lc.
1790 3708 1928 3754 Mart.
1963 3708 2355 3769 Constantinopoli
2382 3709 2601 3757 Eudoxio
2630 3717 2676 3758 et
2687 3711 2911 3758 Dioscoro

1570 3779 1714 3810 conss.
2713 3768 2774 3826 [a.
2806 3769 2909 3827 442]

1626 3818 1692 3867 22
1723 3819 1848 3865 Idem
1877 3820 1969 3865 AA.
2001 3820 2236 3865 Florentio
2265 3834 2352 3881 pp.
2387 3841 2389 3844 ·
2419 3821 2467 3866 Si
2505 3835 2592 3879 qua
2628 3835 2710 3880 per
2746 3824 2910 3870 calum-

153 3949 203 3999 (1)
233 3969 286 3984 =
320 3950 395 3991 Th.
416 3951 456 4001 9,
483 3959 539 4003 45,
563 3959 605 3992 3;
637 3953 754 4006 iunye
787 3956 823 4005 1,
854 3964 889 4005 3,
918 3965 952 3998 11
985 3965 1022 3998 et
1050 3972 1152 4010 quae
1183 3960 1242 4001 ibi
1269 3960 1485 4002 laudantur

154 4005 208 4055 (2)
244 4005 312 4046 Th.
350 4006 413 4057 12,
444 4014 473 4057 1,
503 4014 561 4047 121
688 4009 742 4061 (3)
771 4029 825 4045 ==
858 4011 927 4051 le.
963 4013 1027 4063 16,
1058 4021 1091 4064 2,
1122 4022 1162 4055 34
1292 4017 1343 4069 (4)
1373 4016 1483 4057 Afri-

153 4071 226 4122 cae
257 4060 341 4110 Th„
373 4075 444 4101 om.
477 4061 573 4102 libri
716 4069 765 4111 (5)
797 4085 851 4100 ==
886 4067 958 4109 Th.
994 4070 1056 4118 16,
1087 4077 1120 4117 2,
1151 4077 1195 4110 35
1335 4072 1392 4124 (0)
1420 4071 1485 4112 in-

153 4114 250 4154 fecit
284 4115 353 4156 Th.
479 4117 532 4167 (7)
560 4136 614 4153 ==
649 4118 719 4159 Th.
753 4122 817 4171 16,
848 4129 880 4170 2,
912 4131 954 4163 37
1068 4123 1121 4173 (8)
1158 4127 1485 4167 conventiculam

155 4168 341 4212 ‘illicitam
373 4170 469 4211 libri
495 4180 633 4213 contra
651 4173 856 4216 Paratitla
885 4178 942 4217 ad
959 4176 1171 4229 Const.1,1
1258 4183 1312 4233 (9)
1340 4195 1486 4223 novam

153 4236 198 4263 ac
229 4224 522 4265 tumultuosam
550 4229 873 4270 conventiculam
898 4231 993 4273 libri
1014 4242 1150 4274 contra
1172 4235 1242 4276 Tb.
1270 4246 1306 4277 et
1320 4237 1485 4280 Nomoc.

154 4281 225 4327 (10)
258 4293 326 4320 1111
362 4281 455 4332 ΤΙι.,
483 4293 536 4321 111
566 4282 606 4322 P
715 4285 783 4336 (11)
813 4285 991 4327 valituro
1029 4289 1225 4342 rescripto
1264 4293 1357 4336 dett.
1398 4304 1485 4334 cum

155 4334 330 4387 Numae„
360 4335 439 4376 val.
465 4348 658 4388 umquam
688 4352 807 4380 rosor.
838 4341 886 4393 P,
925 4355 1118 4394 umquam
1143 4344 1220 4386 val.
1262 4360 1382 4388 rescr.
1413 4348 1485 4390 CR

158 4389 364 4453 (lm-libri
397 4393 496 4433 diem
537 4393 660 4433 solum
701 4395 865 4446 habent,
903 4399 1082 4439 consules
1118 4402 1288 4443 restituit
1324 4403 1485 4445 Contius

147 4444 250 4503 flgleae
283 4447 426 4487 dubiae
509 4447 583 4500 (13)
612 4467 665 4484 -ι
700 4447 904 4504 Tl1.16-,2,
923 4461 965 4494 42
1051 4454 1124 4504 (14)
1153 4457 1211 4497 sic
1241 4457 1329 4509 Th„
1358 4459 1484 4498 actio-

157 4496 277 4561 njbus
310 4501 400 4542 libri
468 4502 540 4555 (15)
569 4502 687 4544 ouius
716 4515 748 4544 c.
780 4517 818 4545 n.
850 4519 879 4546 s.
911 4507 1057 4547 adnexi
1089 4524 1162 4550 om.
1185 4511 1254 4553 Th.
1323 4513 1398 4563 (10)
1428 4515 1486 4555 sic

160 4551 248 4591 hhrz
288 4554 378 4595 boni
415 4557 477 4597 hic
506 4567 543 4598 et
578 4559 690 4611 infra
729 4574 811 4599 cum
848 4562 992 4613 Conse„
1020 4562 1256 4614 parabalani
1293 4567 1365 4608 ΤΙι.
1397 4583 1485 4608 con-

157 4614 303 4646 stanter
418 4611 486 4662 (ιῖ)
519 4625 567 4652 111
604 4614 688 4666 ΤΙι.,
720 4626 799 4654 vm
835 4616 871 4655 Ρ
987 4618 1062 4669 (is)
1094 4639 1144 4655 ε
1181 4621 1248 4660 ΤΙι.
1288 4624 1347 4672 16,
1383 4631 1417 4669 2,
1443 4632 1484 4665 43

1568 3962 1645 4014 (19)
1673 3962 1731 4003 sic
1754 3962 1846 4002 dett.
1872 3976 1955 4002 cum
1975 3961 2063 4012 Th„
2091 3973 2165 4013 per
2195 3955 2414 4001 arbitrium
2435 3961 2502 4003 CR

1568 4019 1644 4069 (21)
1679 4036 1736 4054 ς
1769 4016 1841 4057 Th,
1876 4019 1941 4068 16,
1971 4025 2006 4067 2,
2038 4025 2081 4058 44
2623 3965 2805 4016 (20)c·1·z
2825 3965 2910 4006 lut.

2224 4017 2300 4066 (22)
2342 4017 2464 4058 etiam
2497 4018 2570 4062 Th.
2610 4033 2695 4060 cum
2727 4018 2909 4068 Graeca.

1569 4072 1679 4113 enim
1710 4072 1806 4113 libri
1920 4071 2004 4124 (23)
2121 4071 2194 4111 Th.
2225 4074 2271 4121 5,
2300 4080 2345 4124 3,
2375 4082 2392 4118 1
2514 4074 2591 4124 (24)
2622 4076 2663 4118 et
2688 4073 2910 4127 patricium

1569 4128 1686 4169 addit
1717 4128 1791 4169 ΤΙι.
1915 4127 1992 4177 (25)
2026 4126 2237 4178 episcopus
2265 4129 2340 4167 aut
2369 4128 2444 4168 ins.
2481 4128 2554 4170 le.
2653 4129 2735 4181 (26)
2765 4127 2830 4170 vel
2857 4129 2910 4170 ad

1569 4196 1656 4224 eam
1686 4197 1757 4223 om.
1780 4183 1869 4233 Th„
1898 4181 1950 4222 ad
1979 4197 2053 4224 om.
2070 4181 2207 4222 Ambr.
2226 4182 2285 4223 M
2341 4185 2418 4230 (27)
2435 4185 2509 4222 aut
2524 4182 2726 4226 destinata
2741 4198 2814 4226 om.
2834 4183 2907 4226 Th.

1569 4240 1646 4285 (28)
1683 4237 1755 4278 le.
1788 4240 1826 4288 5,
1857 4246 1891 4288 2,
1921 4246 1938 4279 1
2020 4237 2098 4287 (29)
2128 4235 2194 4277 vel
2222 4237 2478 4278 monasteriis
2507 4253 2580 4278 om.
2602 4238 2674 4280 le.
2755 4239 2910 4290 (3010ίο

1568 4292 1698 4344 mn,
1741 4291 2067 4345 competentibus
2099 4292 2180 4333 ΡΟ
2341 4292 2415 4345 (31)
2452 4292 2609 4334 actibus
2643 4293 2738 4345 Tlu,
2779 4293 2907 4335 actio-

1568 4347 1689 4389 nibus
1720 4348 1818 4389 libri
1901 4350 1974 4397 (32)
2005 4367 2059 4383 ==
2093 4349 2158 4397 10,
2181 4355 2239 4397 32,
2262 4355 2307 4389 60
2395 4348 2470 4399 (83)
2487 4349 2763 4401 compilatores
2777 4350 2906 4390 nescio

1570 4419 1622 4445 an
1651 4404 1824 4444 scribere
1852 4403 2049 4444 voluerint
2076 4404 2160 4442 tam
2190 4401 2369 4455 episcopi
2398 4414 2434 4442 ο.
2463 4402 2492 4442 f.
2532 4414 2655 4454 quam
2682 4402 2906 4457 presbyteri

1569 4461 1609 4499 et
1639 4457 1801 4498 diaconi
1830 4457 1882 4497 ad
1909 4455 2224 4498 similitudinem
2253 4469 2392 4498 eorum
2421 4457 2513 4507 qui:
2543 4473 2634 4499 nam
2664 4459 2713 4499 cle
2743 4458 2905 4500 illustri-

1571 4515 1641 4554 bus
1671 4521 1825 4553 cautum
1856 4514 1934 4553 iam
1954 4513 2098 4565 fuerat
2129 4527 2233 4552 anno
2263 4520 2329 4553 436
2362 4511 2453 4558 (Th.
2491 4514 2552 4563 12,
2584 4521 2613 4563 1,
2642 4514 2742 4563 187):
2783 4515 2904 4554 verba

1571 4576 1696 4610 tamen
1731 4568 1808 4608 loci
1834 4567 1982 4623 yemini
2010 4567 2198 4607 traditam
2231 4567 2428 4608 lectionem
2459 4569 2564 4609 tueri
2589 4569 2771 4610 videntur
