3152 4784
198 119 447 177 manuari

247 269 278 316 5
316 265 441 312 Idem
478 268 531 312 A.
562 266 757 313 Iuliano.
824 265 872 312 Si
908 265 1093 310 maritus
1123 270 1287 316 sororis
1317 274 1420 316 tuae
1447 271 1528 316 tibi

191 335 435 393 procurans
463 328 615 380 petere
646 325 860 369 bonorum
887 322 1210 379 possessionem
1238 326 1394 380 noluit,
1428 340 1528 372 cum

189 390 287 437 ipso
324 378 405 422 tibi
444 378 810 435 congrediendum
855 381 937 422 est.
1012 390 1142 434 quam
1189 383 1426 436 querellam
1465 384 1527 427 ita

190 442 290 481 cum
318 433 479 479 effectu
507 435 657 490 habes,
688 435 726 479 si
752 433 986 478 mandasse
1014 438 1081 487 te,
1119 439 1168 478 ut
1195 442 1419 492 peteretur
1446 439 1526 484 bo·

188 503 344 536 norum
371 491 592 546 possessio
637 501 821 546 eumque
849 488 1094 544 neglexisse
1128 497 1301 547 arguas.

245 544 276 593 6
317 544 430 604 Imp.
478 525 735 606 Gordianus
770 545 821 589 A.
865 544 994 588 Aelio
1040 543 1216 592 Sosibio
1261 550 1403 595 mam.
1477 548 1527 592 si

187 601 422 646 fideiussor
463 615 545 658 pro
589 614 663 646 reo
706 599 901 657 patiente
936 599 1071 644 fidem
1110 615 1236 647 suam
1276 604 1524 656 adstrinxit,

187 657 384 702 mandati
423 671 522 702 cum
558 670 610 702 eo
646 659 750 712 post
788 655 1031 702 exsolutam
1058 660 1290 713 pecuniam
1329 661 1397 706 vel
1433 660 1524 704 fac-

186 717 278 759 tam
309 713 715 758 condemnationem
742 716 892 768 potest
921 724 1124 758 exercere
1154 716 1385 761 actionem.
1431 713 1522 760 PP.

188 773 282 815 Π]ι
311 783 416 814 non.
449 768 507 814 Se
543 773 570 813 t.
601 766 689 811 Pio
718 773 765 812 et
791 765 1021 812 Pontiano
1052 782 1194 814 conss.
1338 777 1395 826 [a.
1427 774 1524 823 238]

243 823 272 871 7
305 823 430 870 Idem
508 858 516 868 .
548 823 794 867 Aureliano
831 823 974 868 militi.
1042 824 1089 868 Si
1127 826 1294 871 litteras
1332 828 1427 872 eius
1457 839 1526 871 se-

187 886 328 934 cutus,
388 881 434 924 ui
462 879 704 936 pecuniae2
733 883 891 923 auctor
920 879 1080 933 fuerat,
1122 882 1161 926 ei
1222 883 1269 927 ui
1297 883 1380 928 tibi
1408 883 1524 927 litte-

183 949 257 981 ras
294 894 478 980 trabidit
514 934 725 990 pecunias
757 935 997 989 credidisti,
1038 941 1128 980 tam
1167 951 1194 981 a
1225 952 1382 984 versus
1413 951 1524 991 eum,

185 993 262 1048 qui
303 1005 331 1036 a
371 996 418 1036 te
459 993 656 1034 mutuam
701 991 888 1047 sumpsit
900 992 927 1040 ³,
980 1004 1111 1048 quam
1156 994 1367 1040 adversus
1411 1007 1526 1047 eum,

184 1047 310 1093 cuius
323 1046 578 1092 mandatum
602 1054 779 1091 secutus
803 1060 862 1100 eS,
893 1048 1119 1093 mandati⁴
1148 1049 1266 1095 actio
1296 1051 1378 1095 tibi
1408 1062 1525 1095 com-

215 1103 308 1148 etit.

183 1118 212 1161 p
239 1156 270 1208 8
300 1157 372 1203 Im
395 1171 446 1216 p.
490 1156 759 1202 Valerianus
787 1163 831 1203 et
862 1157 1095 1204 Gallienus
1122 1161 1214 1206 ΑΛ.
1246 1166 1293 1206 et
1326 1160 1526 1207 Valeria-

181 1228 268 1259 nus
294 1227 355 1258 no
387 1248 396 1257 .
430 1212 473 1258 0.
504 1214 688 1280 Aurelio
718 1213 874 1260 Lucio.
945 1215 991 1260 Si
1029 1216 1112 1260 tibi
1148 1217 1418 1285 pupillorum
1446 1227 1526 1272 pa-

180 1275 268 1324 ter,
309 1273 361 1314 ut
395 1282 630 1326 pecuniam
666 1284 714 1314 1n
742 1283 835 1315 rem
864 1284 989 1316 suam
1020 1273 1156 1317 servis
1187 1286 1281 1318 eius
1311 1273 1525 1326 crederes,

179 1325 406 1373 mandavit
448 1331 493 1370 et
534 1326 580 1370 in
624 1326 741 1371 hanc
784 1340 877 1371 rem
913 1340 1053 1384 aeque
1089 1329 1188 1385 ipso
1227 1329 1528 1386 praecipiente

179 1383 364 1440 pignora
403 1386 508 1427 sunt
546 1382 760 1448 obligata,
801 1387 846 1428 et
880 1384 1077 1428 mandati
1113 1384 1288 1430 actione
1333 1384 1395 1442 pu
1427 1384 1527 1428 illos

179 1444 283 1495 post
317 1443 503 1482 mortem
538 1442 678 1494 patris
719 1440 951 1485 convenire
980 1445 1025 1484 et
1054 1439 1234 1498 exsequi
1262 1441 1331 1485 ius
1362 1453 1387 1484 o
1420 1441 1526 1495 liga-

178 1495 312 1539 tionis
350 1495 582 1551 pignorum
617 1496 803 1551 poteris,
848 1495 887 1539 si
922 1496 968 1539 in
1006 1495 1225 1540 solutione
1263 1495 1526 1541 cessabitur.

178 1549 234 1595 D.
266 1563 358 1595 1111
384 1550 427 1595 lc.
459 1549 558 1595 Ian.
590 1551 840 1596 Aemiliano
871 1555 918 1596 et
943 1550 1093 1596 Basso
1123 1564 1268 1596 conss.
1338 1556 1395 1605 [a.
1427 1555 1525 1604 259]

235 1604 267 1654 9
301 1605 390 1651 ⁵Im
415 1621 467 1665 p.
499 1605 810 1651 Diocletianus
846 1611 893 1652 et
918 1605 1236 1662 Maximianus
1269 1608 1363 1652 ΑΛ.
1400 1606 1527 1652 Mar-

179 1662 304 1708 cello.
431 1675 476 1706 m
512 1674 594 1718 per
630 1667 962 1718 procuratorem
999 1674 1179 1707 causam
1207 1667 1330 1706 tuam
1359 1663 1526 1707 laesam

179 1731 276 1763 esse
301 1717 462 1802 odicas,
502 1718 697 1762 mandati
738 1718 854 1762 actio
896 1717 1107 1763 adversus
1145 1730 1246 1763 eum
1283 1719 1367 1763 tibi
1406 1732 1525 1764 com-

210 1775 290 1819 etit
321 1809 332 1818 .

178 1789 208 1831 P
236 1829 303 1879 10
341 1828 467 1874 Idem
505 1830 597 1874 AA.
640 1834 685 1874 et
726 1828 803 1874 00.
834 1829 1020 1874 Aurelio
1051 1828 1214 1888 Papio.
1282 1829 1329 1873 Si
1362 1842 1443 1886 pro
1475 1842 1526 1873 ea

181 1889 337 1931 contra
361 1899 493 1943 quam
517 1885 743 1943 supplicas
768 1885 1007 1930 fideiussor
1028 1897 1109 1930 seu
1133 1885 1367 1930 mandator
1387 1885 1524 1929 inter-

179 1942 354 1988 cessisti
393 1947 437 1986 et
474 1955 617 1998 neque
658 1941 974 1986 condemnatus
1013 1954 1059 1986 es
1096 1954 1238 1999 neque
1276 1942 1396 1986 bona
1431 1955 1526 1986 eam

180 1998 422 2055 dilapidare
464 2001 621 2055 postea
665 1998 865 2054 coepisse
909 1997 1200 2054 comprobare
1250 1998 1421 2054 possis,
1475 2003 1527 2042 ut

178 2055 342 2100 iustam
379 2054 602 2099 metuendi
639 2067 818 2098 causam
853 2054 1091 2111 praebeat,
1130 2067 1272 2110 neque
1311 2054 1367 2098 ab
1399 2054 1525 2099 initio

179 2111 243 2155 ita
286 2115 331 2155 te
376 2111 685 2167 obligationem
729 2110 1001 2167 suscepisse,
1054 2115 1106 2154 ut
1153 2123 1250 2155 eam
1292 2111 1437 2167 possis
1482 2115 1528 2155 et

183 2172 286 2212 ante
315 2167 579 2212 solutionem
609 2168 855 2221 convenire,
886 2167 1008 2210 nulla
1036 2166 1145 2211 iuris
1174 2167 1358 2221 ratione,
1401 2170 1525 2211 ante-

183 2236 314 2279 quam
341 2223 448 2268 satis
478 2223 684 2267 creditori
712 2235 794 2278 pro
825 2236 878 2267 ea
906 2222 1082 2275 feceris,
1124 2235 1220 2266 eam
1255 2223 1312 2267 ad
1341 2224 1525 2268 solutio-

183 2293 284 2324 nem
310 2279 487 2334 urgueri
516 2284 684 2323 certum
713 2283 794 2322 est.
840 2278 1145 2323 fideiussorem
1169 2291 1271 2323 vero
1298 2291 1378 2323 seu
1402 2291 1526 2323 man-

184 2336 381 2379 datorem
409 2335 666 2391 exceptione
694 2335 912 2378 munitum
949 2337 996 2378 et
1026 2335 1188 2378 iniuria
1216 2334 1374 2379 iudicis
1405 2335 1526 2378 dam-

183 2395 336 2436 natum
374 2395 418 2435 et
456 2391 753 2448 appellatione
794 2393 950 2434 contra
985 2390 1147 2435 bonam
1185 2390 1317 2434 fidem
1351 2390 1529 2435 minime

185 2460 313 2492 usum
326 2461 416 2492 non
429 2459 562 2504 posse
578 2446 773 2490 mandati
788 2459 916 2502 agere
930 2445 1210 2490 manifestum
1227 2451 1308 2491 est.
1353 2450 1410 2500 [a.
1429 2450 1527 2500 293]

243 2503 300 2550 11
339 2502 463 2547 Idem
492 2505 585 2547 ΑΑ.
617 2508 662 2547 et
692 2501 769 2547 00.
800 2503 984 2546 Aurelio
1015 2501 1141 2546 Gaio.
1187 2503 1529 2547 Procuratorem

184 2573 273 2604 non
311 2563 484 2603 tantum
523 2572 603 2614 pro
644 2557 713 2602 his
753 2571 867 2615 quae
894 2558 1043 2613 gessit,
1082 2558 1158 2602 sed
1186 2559 1319 2602 etiam
1347 2572 1430 2615 pro
1459 2559 1529 2604 his

185 2628 298 2672 quae
335 2615 528 2671 gerenda
565 2615 782 2671 suscepit,
821 2620 865 2658 et
901 2620 992 2657 tam
1030 2618 1213 2671 propter
1242 2619 1445 2659 exactam
1474 2628 1530 2659 ex

184 2671 393 2716 mandato
430 2670 664 2727 pecuniam
704 2682 834 2725 quam
866 2683 956 2714 non
985 2675 1208 2723 exactam,
1249 2676 1340 2715 tam
1380 2671 1528 2715 dolum

184 2741 315 2783 quam
355 2727 550 2783 culpam,
591 2731 846 2782 sumptuum
884 2726 1057 2770 ratione
1094 2727 1214 2770 bona
1243 2727 1331 2771 fide
1359 2727 1527 2780 habita,

182 2787 408 2840 praestare
438 2795 620 2827 necesse
649 2787 730 2825 est.
801 2781 856 2826 D.
890 2817 899 2825 .
932 2816 940 2825 .
974 2818 982 2826 .
1014 2781 1079 2826 lc.⁷
1110 2781 1234 2826 Iun.⁸
1264 2782 1402 2827 Sirmi
1433 2784 1526 2827 ΑΛ.

183 2852 326 2883 conss.
1340 2843 1396 2891 [a.
1429 2843 1526 2892 293]

240 2891 304 2941 12
345 2892 471 2938 Idem
500 2894 592 2937 ΑΛ.
633 2898 679 2938 et
713 2892 790 2937 00.
828 2893 995 2938 Firmo.
1066 2894 1175 2938 Cum
1214 2895 1412 2938 mandati
1450 2908 1527 2939 ne-

179 2951 287 3006 gotii
317 2954 594 2994 contractum
631 2954 797 2993 certam
835 2950 1064 3006 accepisse
1102 2951 1242 3006 legem
1281 2950 1526 3005 adseveres,

182 3019 278 3051 eam
306 3006 522 3062 integram
549 3005 791 3050 secundum
821 3006 983 3050 bonam
1013 3006 1145 3050 fidem
1176 3007 1392 3052 custodiri
1422 3021 1526 3052 con-

180 3063 312 3107 venit.
371 3062 490 3106 unde
528 3062 566 3106 si
604 3067 761 3106 contra
798 3062 993 3106 mandati
1029 3067 1227 3107 tenorem
1263 3069 1530 3119 procurator

182 3125 285 3162 tuus
325 3118 383 3162 ad
420 3123 464 3161 te
494 3117 787 3174 pertinentem
823 3117 1010 3161 fundum
1038 3119 1234 3162 vendidit
1262 3132 1344 3163 nec
1374 3120 1528 3163 vendi-

182 3176 347 3219 tionem
374 3179 531 3229 postea
558 3178 700 3216 ratam
727 3173 923 3217 habuisti
974 3174 1214 3218 dominium
1242 3175 1325 3220 tibi
1353 3175 1529 3219 auferre

182 3244 272 3275 non
320 3229 445 3274 ctuit.
475 3208 1320 3274 PP.xv111c.Jun.⁹sz·rmiAA.conss.
1354 3234 1410 3283 [a.
1430 3235 1527 3283 293]

242 3285 266 3333 1
349 3285 474 3330 Idem
510 3285 602 3328 ΑΛ.
642 3290 686 3328 et
728 3283 804 3328 00.
852 3284 1087 3328 Zosimo.¹⁰
1157 3287 1198 3328 A
1237 3292 1529 3351 procuratore

186 3343 334 3387 dolum
378 3346 422 3385 et
466 3353 637 3384 omnem
681 3340 880 3396 culpam,
933 3353 1026 3384 non
1069 3341 1201 3384 etiam
1243 3342 1527 3398 improvisum

186 3412 338 3443 casum
377 3396 693 3453 praestandum
729 3409 826 3440 esse
864 3396 971 3440 iuris
1001 3397 1269 3441 auctoritate
1296 3396 1529 3441 manifeste

185 3455 449 3498 declaratur.
509 3452 564 3497 D.
596 3451 638 3496 k.
670 3452 798 3496 Febr.
831 3451 969 3495 Sirmi
1000 3451 1077 3498 00.
1110 3465 1253 3496 conss.
1340 3457 1397 3505 [a.
1430 3457 1527 3506 294]

244 3509 310 3557 14
348 3508 474 3553 Idem
513 3510 604 3552 AA.
646 3515 691 3552 et
731 3506 851 3552 CC.¹¹
883 3507 1144 3552 Her-miano.
1212 3508 1259 3552 Si
1288 3508 1529 3553 secundum

186 3566 442 3609 mandatum
482 3564 733 3620 Tryphonis
771 3577 826 3608 ac
854 3564 1016 3607 Felicis
1055 3576 1192 3619 equos
1230 3569 1309 3608 tua
1337 3563 1530 3621 pecunia

186 3626 492 3721 iss'ffii'tissatssii
509 3621 584 3720 Ἕὲ
613 3619 960 3731 {EQ-{3223
991 3620 1410 3721 afflatis&
1447 3620 1530 3719 '³2⁰3

1418 3710 1429 3730 9

219 3733 428 3777 arendum
480 3731 655 3788 placitis
708 3744 784 3776 eos
835 3731 1032 3777 mandati
1079 3732 1242 3777 iudicio
1290 3735 1528 3776 conventos

186 3747 306 3834 bona
354 3788 463 3832 fides
514 3790 685 3843 urguet.
770 3787 825 3832 D.
879 3799 930 3832 VJ
981 3785 1025 3832 lc.
1069 3788 1213 3847 April.
1265 3786 1405 3833 Sirmi
1448 3786 1526 3832 00.

188 3858 331 3889 conss.
1339 3848 1396 3898 [a.
1428 3847 1526 3897 294]

187 3987 238 4039 (1)
267 3999 322 4027 111
350 3986 414 4027 vel
439 3998 511 4026 1111
540 3985 714 4027 traditur
881 3986 936 4039 (2)
963 3986 1164 4038 pecuniae
1199 3985 1278 4027 del.
1309 3985 1529 4027 Mommsen

187 4043 243 4095 (3)
273 4043 332 4085 sic
349 4042 438 4095 PR,
467 4041 684 4095 pecuniam
701 4042 774 4082 ins.
797 4041 832 4082 C
912 4040 965 4092 (4)
994 4039 1179 4081 mandati
1198 4041 1276 4082 del.
1363 4041 1419 4094 (5)
1433 4042 1529 4095 for·

189 4108 295 4141 tasse
323 4099 529 4152 iunyenda
557 4106 616 4139 est
652 4099 692 4149 4,
724 4105 782 4149 27,
813 4106 828 4137 1
971 4098 1027 4150 (6)
1065 4097 1116 4137 D.
1148 4096 1189 4137 k.
1220 4095 1302 4139 Iul.
1331 4096 1431 4150 ipsis
1458 4109 1530 4137 1111

189 4157 231 4196 et
258 4168 311 4195 111
340 4156 426 4195 AA.
459 4165 585 4195 conss.
618 4155 691 4206 (=
719 4168 757 4194 a.
789 4151 878 4204 290)
908 4155 947 4202 4,
978 4161 1036 4202 27,
1065 4162 1081 4194 1
1223 4152 1279 4205 (Ἰ)
1315 4152 1354 4193 d.
1385 4165 1456 4193 nn.
1486 4153 1527 4192 k.

191 4211 366 4252 traditur
469 4209 527 4262 (8)
557 4209 648 4251 Ian.
679 4225 755 4251 scr.
864 4209 921 4261 (9)
951 4208 1040 4248 Ian.
1065 4208 1299 4260 Mommsen,
1328 4208 1530 4263 Zeitfolye

219 4296 228 4306 .
259 4274 326 4309 375
467 4267 543 4318 (10)
573 4265 732 4306 aurelio
760 4263 1028 4306 hermonianc
1053 4280 1131 4318 pro
1159 4264 1322 4306 Zosimo
1352 4264 1412 4306 S.-
1445 4280 1529 4306 cum

220 4322 457 4362 armoniano
487 4337 535 4363 ex
563 4337 595 4363 c.
626 4330 666 4364 14
697 4322 956 4372 aberraverit,
986 4320 1077 4361 huic
1107 4335 1159 4362 cm
1189 4335 1222 4361 c.
1251 4327 1293 4363 14
1321 4322 1528 4362 restituen-

192 4378 281 4419 dum
309 4380 364 4420 sit
391 4377 562 4426 aurelio,
593 4393 671 4419 non
702 4378 826 4430 liquet
913 4374 984 4429 (11)
1015 4377 1067 4425 cf:
1097 4384 1176 4418 not.
1206 4384 1248 4419 10
1332 4377 1409 4429 (η)
1437 4377 1528 4418 sab-

190 4434 354 4487 scriptio
370 4449 402 4475 c.
418 4442 460 4476 16
478 4435 535 4475 ad
563 4434 667 4475 lianc
696 4449 749 4475 an
780 4433 838 4473 acl
858 4440 1063 4486 sequentes
1087 4432 1383 4475 constitutiones
1399 4434 1529 4486 pcrti-

192 4497 298 4541 neat,
315 4489 474 4531 dubium
490 4499 558 4531 est.
601 4491 710 4543 quod
736 4489 796 4531 ad
822 4488 1001 4530 consules
1030 4488 1147 4530 huius
1176 4489 1464 4530 constitutionis
1494 4496 1531 4530 et

193 4560 225 4585 c.
245 4553 284 4588 18
301 4553 340 4587 ct
351 4553 394 4588 19
425 4546 588 4598 attinet,
604 4561 654 4587 ex
677 4546 818 4587 ordine
842 4544 1027 4598 temporis
1049 4544 1226 4586 conicias
1240 4559 1310 4586 eas
1325 4559 1457 4586 omncs
1469 4545 1529 4586 in-

193 4601 324 4643 cidere
364 4601 405 4643 in
445 4617 483 4643 a.
515 4610 582 4644 294
612 4602 711 4653 (00.
743 4601 900 4653 consa),
939 4610 983 4641 ut
1015 4609 1086 4644 aut
1115 4599 1200 4644 dies
1228 4601 1529 4655 subscriptionis

1523 107 1620 170 175

2736 106 2843 161 1111
2878 109 2943 161 35

1669 267 1732 317 15
1766 266 1891 314 Idem
1919 265 2011 313 ΛΑ.
2052 269 2098 311 et
2128 264 2204 312 00.
2235 267 2418 313 Aurelio
2454 264 2671 312 Preeario
2700 265 2946 313 Athenaeo.

1609 324 1871 370 Mandatum
1897 335 1947 368 re
1973 322 2147 379 integra
2176 322 2339 367 domini
2366 327 2507 367 morte
2535 321 2700 369 finitur.
2759 322 2815 368 D.
2836 333 2948 368 xvn

1609 381 1652 426 lc.
1683 380 1794 426 Mai.
1829 378 1906 425 CC.
1938 390 2080 424 conss.
2758 382 2816 433 [a.
2848 383 2945 430 294]

1667 435 1734 484 16
1773 435 1899 481 Idem
1937 435 2028 479 ΑΛ.
2066 437 2112 479 et
2142 431 2219 477 00.
2257 431 2453 479 Uzando.
2519 435 2590 478 Ad
2629 434 2947 490 comparandas

1609 505 1779 538 merces
1811 491 1916 536 data
1953 489 2166 548 pecunia,
2208 489 2282 544 qui
2319 490 2574 534 mandatum
2614 490 2824 545 suscepit,
2862 489 2950 534 fide

1609 552 1750 630 ruptis2
1788 547 1941 604 quanti
1983 547 2170 594 interest
2211 545 2483 590 mandatoris
2527 549 2716 589 tenetur.
2796 556 2863 588 ιιι
2906 544 2949 588 lc.

1614 604 1731 704 Uolt-7
1773 657 1899 702 Idem
1937 659 2029 702 ΑΛ.
2071 663 2116 702 et
2156 654 2233 702 00.
2272 657 2457 702 Aurelio
2500 603 2786 713 Gorqonioba·
2819 600 2951 698 2832ng

1609 712 1722 756 rium
1737 714 1936 757 incertae
1949 713 2278 768 pollicitationis
2294 712 2388 769 peti
2401 724 2491 756 non
2505 714 2654 766 potest
2669 710 2714 749 ¹³.
2749 712 2906 774 [a.·294
2915 711 2952 762 it]

1667 765 1732 815 18
1764 766 1891 812 Idem
1920 770 2012 811 ΛΑ.
2051 774 2095 813 et
2126 767 2203 812 00.
2239 767 2474 811 Puseiano.
2543 764 2654 810 Post
2692 765 2954 809 solutlonem

1608 835 1637 868 a
1675 834 1724 867 se
1763 821 1952 874 iactam,
1991 822 2067 878 qui
2102 822 2199 866 dari
2235 826 2389 865 mutuo
2418 820 2652 874 mandavit,
2687 820 2744 863 ab
2775 832 2842 870 eo,
2872 831 2954 875 pro

1609 890 1697 935 quo
1726 877 1991 929 intercessit,
2030 877 2099 921 vel
2128 875 2459 920 successoribus
2488 875 2583 920 eius
2615 875 2733 931 quod
2762 876 2954 919 solutum

1610 938 1678 979 est
1706 933 1839 979 etiam
1869 935 1972 977 cum
1999 931 2147 976 usuris
2176 934 2280 986 post
2307 943 2476 975 moram
2504 935 2626 975 recte
2655 930 2779 975 reddi
2801 937 2955 987 postu·

1608 990 1685 1035 lat.
1744 988 1801 1034 D.
1841 1000 1912 1033 Vll
1939 987 1982 1032 lc.
2018 986 2112 1033 Oet.
2145 985 2284 1030 Sirmi
2313 1020 2323 1030 .
2356 1021 2365 1030 .
2398 1021 2407 1031 .
2439 988 2629 1031 eonss.¹³
2738 991 2794 1040 [a.
2828 987 2955 1039 ⁶294?]

1667 1043 1733 1093 19
1778 1044 1905 1090 Idem
1948 1044 2041 1088 ΛΑ.
2088 1048 2132 1087 et
2179 1040 2257 1087 00.
2306 1042 2491 1087 Aurelio
2530 1041 2750 1101 Eugenio.
2819 1042 2956 1087 Pretii

1608 1115 1757 1147 rerum
1795 1101 2128 1152 distractarum,
2170 1111 2280 1154 quas
2315 1099 2494 1143 venales
2532 1098 2741 1143 mandato
2776 1111 2956 1155 praece-

1611 1158 1742 1204 dente
1770 1169 2021 1214 acceperas,
2051 1155 2171 1200 ultra
2200 1154 2371 1199 licitum
2400 1167 2560 1199 usuras
2591 1168 2645 1199 ex
2674 1155 2958 1212 stipulatione

1609 1214 1679 1259 vel
1720 1226 1847 1258 mora
1888 1216 2141 1270 praestare,
2183 1211 2290 1255 licet
2331 1211 2516 1267 pignora
2555 1211 2662 1256 data
2695 1211 2957 1276 probentur,

1611 1269 1816 1327 compelli
1851 1283 1941 1314 non
1978 1272 2120 1326 potes.
2192 1265 2238 1312 S.
2270 1279 2398 1312 xml
2428 1267 2472 1312 lc.
2505 1267 2619 1314 Nov.
2651 1266 2791 1312 Sirmi
2820 1303 2830 1312 .
2863 1302 2871 1312 .
2906 1302 2916 1312 .
2947 1302 2957 1312 .

1611 1327 1799 1371 eonss.¹³
2738 1328 2794 1378 [a.
2827 1327 2908 1367 294
2919 1324 2957 1376 ?]

1669 1379 1735 1430 20
1766 1381 1893 1427 Idem
1907 1381 2000 1426 ΑΛ.
2031 1386 2077 1426 et
2093 1379 2171 1425 00.
2190 1380 2374 1425 Aurelio
2406 1379 2666 1440 Epaqatho.
2727 1380 2775 1424 Si
2805 1383 2959 1425 contra

1610 1438 1782 1483 licitum
1815 1437 1906 1482 litis
1945 1438 2163 1482 incertum
2191 1436 2436 1488 redemisti,
2477 1436 2740 1481 interdictae
2770 1449 2958 1481 conven-

1616 1499 1632 1537 1
1694 1494 1827 1539 tionis
1864 1493 1949 1537 tibi
1985 1491 2118 1537 fidem
2155 1493 2327 1549 impleri
2366 1491 2536 1537 frustra
2572 1493 2701 1550 petis.
2761 1492 2889 1548 Quod
2921 1493 2960 1537 si

1608 1551 1853 1649 gratuitum
1895 1549 2152 1593 mandatum
2195 1548 2452 1604 suscepisti,
2507 1549 2749 1594 secundum
2797 1549 2959 1594 bonam

1644 1606 1742 1650 dem
1771 1610 1976 1662 sumptus
2003 1608 2125 1648 recte
2153 1605 2370 1660 postulas.

1668 1659 1728 1708 21
1765 1660 1881 1720 Imp.
1915 1660 2238 1706 Constantinus
2266 1661 2318 1704 Α.
2360 1659 2609 1706 Volusiano
2640 1663 2768 1720 pp.²⁴
2827 1662 2879 1705 In
2913 1675 2960 1706 re

1610 1717 1820 1761 mandata
1849 1730 1939 1761 non
1968 1716 2184 1772 pecuniae
2213 1716 2375 1770 solum,
2414 1717 2540 1761 cuius
2571 1722 2639 1761 est
2670 1718 2957 1762 certissimum

1610 1773 1808 1817 mandati
1845 1773 2057 1817 iudicium
2070 1806 2080 1825 ‚
2119 1784 2270 1816 verum
2310 1773 2442 1817 etiam
2475 1773 2814 1818 existimationis
2843 1775 2958 1830 peri-

1613 1831 1761 1874 culum
1791 1833 1872 1874 est.
1931 1841 2036 1872 nam
2066 1840 2175 1873 suae
2204 1828 2379 1894 quidem
2409 1829 2593 1885 quisque
2615 1830 2681 1874 rei
2708 1830 2958 1874 moderator

1612 1890 1748 1942 atque
1786 1885 1955 1930 arbiter
1984 1898 2075 1929 non
2105 1897 2251 1929 omma
2279 1886 2518 1940 negotia¹⁵,
2558 1884 2637 1929 sed
2666 1886 2877 1942 pleraque
2908 1899 2961 1930 ex

1610 1941 1791 1999 proprio
1814 1941 1961 1986 animo
1985 1940 2115 1985 facit:
2142 1941 2287 1985 aliena
2307 1954 2411 1986 vero
2435 1942 2613 1998 negotia
2632 1947 2789 1987 exacto
2814 1942 2961 1986 officio

1609 2001 1823 2054 geruntur
1850 2011 1933 2042 nec
1963 1998 2198 2053 quicquam
2226 1998 2272 2041 in
2303 2010 2456 2042 eorum
2481 1997 2863 2043 administratione
2886 2011 2961 2043 ne-

1609 2055 1802 2112 glectum
1818 2066 1871 2098 ac
1887 2053 2156 2098 declinatum
2173 2054 2305 2111 culpa
2318 2066 2508 2098 vacuum
2525 2059 2593 2099 est
2619 2057 2675 2108 [a.
2691 2055 2960 2107 313—315?]

1669 2108 1736 2157 22
1767 2109 1882 2169 Imp.
1914 2111 2186 2155 Anastasius
2214 2114 2264 2155 Α.
2298 2109 2542 2155 Eustatlzio
2564 2125 2648 2170 pp.
2707 2111 2795 2155 Per
2823 2110 2960 2156 diver-

1611 2179 1685 2212 sas
1714 2166 2094 2224 interpellationes
2124 2166 2181 2210 ad
2209 2179 2293 2211 nos
2322 2166 2469 2211 factas
2506 2167 2800 2223 comperimus
2831 2181 2960 2233 quos-

1611 2223 1713 2267 dam
1766 2222 1922 2267 alienis
1967 2223 2102 2266 rebus
2146 2222 2426 2279 fortunisque
2478 2223 2697 2268 inhiantes
2743 2236 2960 2268 cessiones

1611 2279 1708 2323 aliis
1749 2292 1844 2323 com
1880 2280 2092 2322 etentium
2131 2279 2356 2323 actionum
2389 2279 2438 2323 in
2482 2284 2620 2323 semet
2658 2280 2820 2335 exponi
2858 2293 2960 2336 pro-

1611 2347 1770 2391 perare
1785 2334 1819 2361 ¹⁶
1879 2340 2021 2390 oeque
2050 2334 2181 2379 modo
2213 2334 2409 2379 diversas
2434 2347 2649 2391 personas
2674 2335 2914 2391 litigiorum
2929 2337 2961 2363 ¹⁷

1611 2389 1920 2434 vexationibus
1950 2389 2156 2442 adficere,
2189 2404 2287 2435 cum
2318 2395 2487 2435 certum
2515 2391 2573 2435 sit
2596 2405 2678 2447 pro
2703 2391 2961 2435 indubitatis

1613 2446 1958 2502 obligationibus
1988 2458 2064 2490 eos
2093 2446 2246 2501 magis,
2287 2448 2448 2502 quibus
2480 2452 2612 2491 antea
2651 2448 2960 2503 suppetebant,

1614 2516 1696 2547 sua
1738 2502 1962 2546 vindicare
2008 2512 2141 2558 quam
2185 2502 2242 2546 ad
2293 2503 2405 2547 alios
2450 2516 2503 2548 ea
2545 2503 2790 2547 transferre
2836 2504 2959 2548 velle.

1620 2564 1635 2602 l
1683 2559 1771 2603 Per
1791 2558 1907 2602 hanc
1927 2558 2079 2613 itaque
2099 2558 2238 2613 legem
2263 2558 2464 2603 iubemus
2487 2559 2534 2602 in
2587 2564 2782 2603 osterum
2807 2560 2960 2604 huius-

1613 2615 1731 2660 modi
1773 2627 1985 2658 conamen
2013 2614 2206 2658 inhiberi
2236 2618 2336 2668 (nec
2380 2615 2495 2659 enim
2564 2616 2714 2659 ubium
2760 2620 2826 2659 est
2863 2616 2960 2660 red-

1614 2676 1834 2727 emptores
1891 2670 2035 2714 litium
2087 2670 2334 2714 alienarum
2390 2671 2529 2715 videri
2584 2685 2659 2716 eos
2714 2685 2832 2726 esse,
2888 2673 2961 2728 qui

1612 2728 1724 2771 tales
1756 2726 1977 2770 cessiones
2008 2727 2053 2769 in
2083 2740 2131 2770 se
2162 2726 2322 2771 confici
2352 2727 2576 2782 cupiunt),
2615 2729 2680 2771 ita
2707 2734 2875 2782 tamen,
2895 2737 2959 2782 ut,

1614 2783 1652 2827 si
1682 2782 1778 2838 quis
1810 2782 1924 2827 datis
1955 2782 2156 2839 pecuniis
2188 2783 2442 2827 huiusmodi
2481 2784 2666 2827 subierit
2705 2785 2961 2837 cessionem,

1613 2852 1752 2894 usque
1791 2838 1848 2882 ad
1883 2838 2027 2895 ipsam
2061 2839 2365 2883 tantummodo
2397 2840 2643 2883 solutarum
2672 2841 2962 2896 pecuniarum

1613 2895 1906 2951 quantitatem
1950 2899 1996 2938 et
2040 2908 2277 2938 usurarum
2321 2896 2412 2940 eius
2459 2896 2705 2941 actiones¹⁸
2757 2909 2963 2940 exercere

1611 2951 1916 3008 permittatur,
1960 2951 2063 2994 licet
2103 2951 2394 2995 instrumento
2443 2952 2654 2996 cessionis
2699 2952 2961 2996 venditionis

1613 3012 1638 3052 2
1697 3020 1857 3051 nomen
1884 3007 2099 3051 insertum
2128 3008 2206 3052 sit:
2237 3007 2451 3063 Exceptis
2478 3007 2647 3052 scilicet
2671 3008 2961 3059 cessionibuS,

1613 3076 1724 3119 quas
1753 3064 1868 3107 inter
1899 3063 2138 3107 coheredes
2167 3076 2250 3118 pro
2280 3064 2530 3107 actionibus
2560 3062 2837 3107 hereditariis
2866 3063 2961 3106 fieri

1613 3119 1840 3174 contingit,
1881 3124 1924 3162 et
1962 3119 2045 3170 his,
2077 3132 2377 3174 quascumque
2406 3119 2474 3162 vel
2505 3119 2694 3162 creditor
2721 3118 2790 3162 vel
2818 3119 2962 3175 isqui

1612 3188 1684 3219 res
1723 3175 1895 3230 aliquas
1933 3174 2133 3230 possidet
2170 3187 2249 3229 pro
2289 3174 2437 3218 debito
2476 3187 2555 3218 seu
2589 3187 2736 3218 rerum
2765 3175 2885 3230 apud
2914 3188 2962 3218 se

1613 3230 1955 3274 constitutarum
1978 3230 2216 3273 munimine
2233 3242 2285 3273 ac
2302 3230 2489 3274 tuitione
2505 3230 2742 3286 acceperit,
2773 3243 2856 3275 nec
2871 3244 2961 3275 non

1612 3287 1694 3339 his,
1725 3298 1836 3341 quas
1866 3285 1912 3327 in
1941 3286 2179 3339 legatarios
2210 3298 2290 3329 seu
2317 3284 2761 3341 fideicommissarios,
2801 3287 2959 3342 quibus

1613 3342 1762 3386 debita
1799 3341 1868 3385 vel
1907 3341 2105 3385 actiones
2147 3353 2225 3384 seu
2254 3354 2326 3385 res
2355 3341 2468 3386 aliae
2496 3342 2678 3386 relictae
2717 3348 2842 3395 sunt,
2877 3357 2958 3399 pro

1612 3398 1681 3441 his
1710 3396 1809 3440 fieri
1838 3404 2019 3440 necesse
2048 3396 2124 3440 sit:
2166 3396 2290 3440 nulla
2327 3398 2488 3442 etenim
2515 3398 2595 3441 tali
2623 3398 2796 3443 ratione
2823 3399 2959 3443 inter-

1614 3453 1796 3497 cedente
1833 3452 2106 3507 redemptor,
2150 3453 2281 3496 sicuti
2325 3454 2529 3509 superius
2569 3454 2843 3499 declaratum
2878 3460 2957 3506 est,

1611 3509 1749 3564 magis
1794 3508 1963 3560 existit,
2009 3508 2084 3563 qui
2121 3509 2289 3553 alienas
2325 3510 2525 3566 pecuniis
2563 3511 2786 3566 praestitis
2825 3512 2961 3555 subiit

1613 3569 1637 3608 3
1697 3564 1909 3607 actiones.
1970 3563 2047 3607 Sin
2072 3570 2219 3608 autem
2245 3578 2325 3620 per
2354 3564 2637 3610 donationem
2667 3567 2807 3611 cessio
2838 3567 2959 3611 facta

1612 3624 1693 3674 est,
1735 3619 1880 3664 sciant
1924 3632 2075 3664 omnes
2117 3620 2368 3666 huiusmodi
2404 3621 2490 3677 legi
2526 3622 2672 3667 locum
2715 3636 2803 3666 non
2847 3635 2955 3675 esse,

1613 3675 1691 3720 sed
1721 3675 1903 3731 antiqua
1933 3676 2034 3719 iura
2062 3688 2160 3720 esse
2190 3677 2416 3731 servanda,
2447 3683 2499 3721 ut
2522 3678 2742 3722 cessiones
2764 3683 2855 3721 tam
2876 3692 2957 3734 pro

1613 3731 1811 3787 exceptis
1850 3736 1894 3775 et
1931 3731 2183 3787 specialiter
2217 3734 2482 3778 enumeratis
2521 3746 2652 3790 quam
2681 3734 2778 3777 aliis
2811 3734 2957 3777 causis

1612 3787 1761 3831 factae
1789 3799 1868 3831 seu
1897 3786 2128 3832 faciendae
2157 3789 2399 3834 secundum
2436 3789 2682 3840 actionum,
2722 3801 2955 3845 quaecum·

1613 3856 1698 3901 que
1728 3855 1880 3887 cessae
1894 3842 1929 3870 ¹⁹
1956 3847 2061 3888 sunt
2088 3844 2159 3890 vel
2185 3844 2372 3898 fuerint,
2411 3849 2609 3890 tenorem
2646 3845 2738 3889 sine
2768 3845 2956 3901 quadam

1613 3985 1654 4026 in
1685 4000 1717 4027 c.
1749 3994 1790 4027 16
1820 3985 2034 4027 mutandus
2063 3995 2135 4029 aut
2159 3988 2398 4040 subscriptio
2429 3986 2488 4027 ad
2513 4000 2546 4027 c.
2577 3993 2617 4028 18
2648 3985 2862 4039 referenda
2891 3986 2955 4027 sit.

1614 4042 1682 4082 cui
1711 4049 1838 4082 tamen
1868 4056 1946 4082 non
1976 4044 2160 4085 convenit
2196 4045 2304 4097 quod
2343 4043 2488 4096 leqitur
2516 4040 2640 4083 Sirmi
2678 4044 2719 4083 in
2750 4057 2781 4082 c.
2812 4050 2867 4084 18.
2899 4051 2954 4091 19,

1613 4110 1699 4138 cum
1723 4096 2007 4138 Diocletianus
2032 4099 2126 4140 inde
2153 4101 2203 4140 ab
2230 4107 2397 4140 extremo
2422 4112 2552 4139 mense
2566 4097 2748 4151 Auqusto
2771 4099 2872 4138 anni
2886 4106 2954 4139 294

1613 4152 1804 4193 Sirmium
1833 4167 1911 4193 non
1940 4154 2132 4196 redierit.-
2163 4163 2325 4195 exeunte
2355 4152 2585 4206 Septembre
2615 4155 2695 4206 eyit
2727 4154 2954 4204 Viminacii,

1613 4223 1640 4248 a
1669 4209 1709 4249 d.
1739 4217 1868 4250 1111!
1902 4208 1940 4249 k.
1971 4209 2077 4252 Nou.
2108 4211 2212 4252 inter
2244 4210 2587 4251 Transmariscam
2617 4218 2656 4251 ct
2681 4208 2953 4249 Dorostolum.

1611 4265 1851 4317 subscriptio
1881 4279 1913 4305 c.
1933 4273 1973 4307 19
1992 4267 2178 4319 fortasse
2202 4267 2379 4319 pertinet
2406 4266 2466 4306 ad
2493 4267 2562 4317 37,
2584 4273 2618 4316 2,
2649 4265 2953 4306 utscribendum

1611 4321 1666 4362 sit
1693 4319 1779 4360 ΑΔ.
1796 4331 1926 4360 conss.
2011 4320 2244 4375 (fimf-not.
2261 4330 2301 4363 12
2387 4321 2463 4374 (14)
2478 4331 2642 4373 pus-cr.
2725 4318 2799 4370 (15)
2815 4319 2954 4360 omnia

1612 4387 1662 4416 ex
1690 4387 1735 4416 re
1763 4377 1974 4417 secundum
2004 4376 2183 4419 Graecos
2210 4393 2286 4418 scr.
2373 4376 2449 4430 (16)
2476 4387 2717 4429 praeparare
2747 4376 2836 4415 dett.
2869 4389 2953 4415 cum

1614 4431 1659 4473 Β
1686 4431 1822 4483 (nat.)
1969 4432 2045 4486 (1⁶1)
2081 4435 2142 4475 sic
2175 4433 2210 4475 C'
2236 4448 2319 4473 cum
2350 4431 2395 4472 B
2423 4433 2479 4485 (κ.
2494 4431 2572 4485 π.),
2612 4430 2872 4483 litigatorum
2911 4430 2952 4471 R

1612 4487 1688 4540 (18)
1716 4489 1776 4529 sic
1794 4487 1837 4528 R
1866 4502 1950 4529 cum
1966 4487 2012 4530 B
2041 4489 2096 4540 (κ.
2113 4489 2194 4541 π.),
2223 4487 2427 4528 actionem
2461 4488 2497 4529 0
2575 4486 2654 4540 (19)
2684 4498 2816 4527 cessae
2845 4483 2939 4528 012⁶

1611 4554 1771 4584 necesse
1800 4542 1881 4594 13⁰,
1908 4542 2140 4586 vel-cessae
2168 4545 2256 4585 ΒΣ
2278 4545 2332 4597 (κ.
2349 4545 2413 4597 π.)
