3152 4784
203 151 271 190 ΕΤ
303 145 599 187 AMISSIONE
634 147 822 186 EORUM

256 283 322 332 22
353 279 421 338 [Ὁ
452 281 583 327 αὐτὸς
609 277 845 340 βασιλεύς.]

313 335 439 382 ιἘάν
475 354 540 382 τις
577 335 897 394 ἀπαιτούμενος
929 337 989 379 ἐν’
1022 333 1291 396 δικαστηρίῳ
1333 354 1535 397 παραγα-

308 399 404 455 γεῖν
438 392 663 451 δικαίωμα
701 391 752 437 οὗ
791 387 906 436 καθ’
947 391 1119 434 ἑαυτοῦ.
1145 391 1255 436 ἀλλὰ
1292 393 1403 438 καθ’
1446 394 1534 437 ἑτέ·

309 467 388 510 ρου
414 449 550 504 τινός,
589 446 952 507 συμβαλλόμενον
980 445 1032 490 δὲ
1060 448 1196 507 ἑτέρῳ
1226 454 1334 503 τινί,
1375 466 1534 509 παραι·

308 510 452 550 τεῖται
489 509 620 550 τοῦτο
664 520 781 574 προα
810 507 934 562 αγεῒν
974 499 1034 546 οἷς
1074 505 1121 546 ἐκ
1165 502 1323 548 τούτου
1359 503 1535 562 βλάβην

309 560 647 619 εὐλαβούμενος,
691 578 715 604 ο
787 562 809 602 ἒ
850 554 1064 602 ἀπαιτῶν
1106 559 1186 602 τὸν
1224 558 1390 618 χάρτην
1428 577 1462 604 π
1491 576 1532 602 ο-

309 619 550 672 ενεχθῆναι
588 617 701 676 λέγει
743 612 885 671 μηδὲν
923 611 1064 658 αὐτὸν
1109 614 1388 670 ἀδικεῖσθαι,
1431 613 1458 658 ἀ
1488 610 1529 658 λ’

309 671 335 729 ἢ
362 692 389 728 χ
418 671 566 731 ἠματα
593 672 816 730 εἰληφέναι
855 669 979 729 παρὰ
1007 672 1105 714 τῶν
1131 671 1391 727 μελλόντων
1419 670 1531 730 ἐλέγ-

308 745 385 783 χεσ
428 747 474 772 αι
524 725 611 773 ὑπὸ
661 728 738 770 τοῦ
790 730 1123 786 προφερομένου
1168 726 1465 783 δικαιώματος
1506 723 1534 779 ἢ

311 786 466 846 ἑτέραν
495 783 595 828 τινὰ
624 780 965 842 προβάλλεσθαι
994 782 1246 841 πρόφασιν,
1287 782 1447 826 ἑαυτὸν
1485 779 1533 824 δέ

241 869 248 878 ·
307 839 474 900 μεγάλα
510 837 799 895 βλάπτεσθαι
835 837 898 895 μὴ
937 843 1270 897 προφερομένου
1309 840 1387 882 τοῦ
1431 836 1531 896 χάρ-

308 913 409 948 του,
447 892 651 951 βούλεται
687 896 771 950 μὲν
799 891 826 948 ἡ
866 891 1064 944 διάταξις
1091 894 1173 938 τὸν
1203 897 1361 948 ἔχοντα
1388 894 1440 937 τὸ
1470 891 1529 936 δι-

308 957 420 995 καίω
456 968 484 992 α
521 954 761 1009 προφέρειν
799 947 930 1002 αὐτό,
976 951 1015 992 εἰ
1051 949 1193 1006 μηδὲν
1230 955 1280 993 ἑκ
1319 951 1393 1005 τῆς
1427 963 1530 1007 προ-

307 969 460 1054 κοαιδί
464 1020 484 1049 ς
537 1005 672 1048 αὐτοῦ
724 1004 871 1060 μέλλει
922 1003 1350 1061 καταβλάπτεσθαι·
1404 1005 1443 1047 εἰ
1485 1002 1533 1046 δὲ

307 1064 362 1118 τῆ
405 1060 432 1105 ἆ
460 1062 598 1116 ηθείᾳ
639 1059 817 1117 βλάβην
863 1058 986 1116 αὐτῷ
1031 1066 1153 1104 ποιεῖ
1200 1060 1531 1122 προφερόμενον

219 1147 233 1165 .
305 1107 358 1161 ro
392 1115 634 1173 δικαίωμα,
669 1116 732 1172 μὴ
770 1114 1107 1175 ἀναγκάζεσθαι
1148 1116 1286 1161 αὐτὸν
1325 1120 1530 1176 προκομί·

307 1175 400 1243 ζειν
424 1169 544 1225 αὐτό,
571 1170 725 1228 ἐπειδὴ
751 1177 961 1231 συμφέρει
986 1170 1108 1227 αὐτῷ
1131 1172 1301 1230 μᾶλλον
1322 1171 1532 1231 κρύπτειν

227 1234 243 1273 1
374 1226 652 1283 δημοσιεύειν
696 1226 818 1271 αὐτό.
891 1230 948 1270 Εἰ
991 1226 1040 1270 δὲ
1082 1226 1105 1271 o‘
1147 1231 1224 1272 τοῦ
1264 1226 1531 1284 συμβολαίου

304 1245 509 1340 δεόμενος
545 1282 884 1340 διαβεβαιοῦται
923 1283 1065 1341 μηδὲν
1096 1283 1235 1328 αὐτὸν
1262 1282 1530 1333 ἀδικεῖσθαι,

291 1336 439 1408 ὅρκον
477 1337 642 1383 διδότω
679 1339 841 1395 μόνον,
885 1337 944 1382 ώς
984 1343 1185 1397 νομίζων
1220 1336 1395 1395 βλάβην
1432 1341 1530 1395 περὶ

303 1412 386 1450 την
424 1393 545 1439 ἰδίαν
584 1391 740 1439 ούσίαν
778 1392 1020 1452 ὑπομένειν
1057 1398 1105 1439 ἐκ
1142 1398 1219 1449 τῆς
1250 1397 1329 1437 τοῦ
1369 1398 1529 1450 συμβο-

305 1451 429 1495 λαίου
481 1449 748 1511 προκομιδῆς
799 1449 874 1493 διὰ
920 1453 1052 1494 τοῦτο
1097 1454 1383 1510 παραιτεῖται
1425 1464 1530 1507 προ-

222 1510 247 1550 2
304 1511 495 1563 κομίσαι.
545 1503 641 1550 Ἵνα
682 1505 731 1550 δὲ
763 1506 825 1564 μὴ
855 1504 962 1550 αὐτὸ
993 1508 1124 1549 τοῦτο
1153 1504 1206 1548 τὸ
1232 1505 1296 1562 μὴ
1322 1503 1531 1565 κερδᾶναι

303 1563 359 1606 τὰ
389 1562 728 1621 ἐπαγγελθέντα
758 1559 884 1617 αύτῷ
913 1560 1024 1619 πρὸς
1055 1560 1107 1604 τὸ
1135 1561 1197 1617 μὴ
1234 1566 1414 1616 κομίσαι
1452 1559 1532 1603 τὸν

301 1615 469 1677 χάρτην
520 1615 695 1673 βλάβην
745 1618 911 1659 οἰκείαν
961 1619 1142 1675 νομίζῃ,
1193 1617 1532 1684 περιεργότερον

305 1675 534 1731 παρεχέτω
564 1672 645 1715 τὸν
672 1669 819 1730 ὅρκον,
850 1671 1004 1729 λέγων,
1035 1668 1106 1714 ὅτι
1129 1672 1179 1714 οὗ
1203 1669 1279 1713 δια
1301 1671 1354 1714 τὸ
1377 1671 1531 1727 λαβεῖν

299 1725 504 1796 χρήματα
532 1725 559 1781 ἦ
588 1727 744 1785 ἕτερόν
771 1743 816 1769 τι
846 1724 921 1769 διοὶ
952 1726 1005 1770 τὸ
1040 1726 1103 1782 μὴ
1142 1732 1410 1786 προκομίσαι
1448 1726 1530 1769 τὸν

325 1798 467 1850 αρτην
494 1779 522 1836 ἢ
560 1780 634 1824 διὰ
671 1781 724 1826 τὸ
761 1783 877 1835 ἔχειν
914 1781 1184 1841 ἐπαγγρλίαν
1226 1780 1393 1825 δόσεως
1430 1781 1531 1824 οὔτε

328 1855 375 1881 ια
418 1836 563 1895 φόβον
606 1840 795 1889 ἐκείνου,
850 1833 966 1880 καθ’
1022 1837 1073 1880 οὗ
1127 1840 1325 1893 ζητεῖται
1368 1835 1421 1880 τὸ
1466 1834 1528 1879 δι-

298 1897 489 1949 καίωμα,
529 1892 631 1936 οὔτε
668 1890 741 1936 διὰ
779 1892 935 1950 φιλίαν
965 1891 1101 1936 αὐτοῦ
1131 1897 1419 1952 παραιτεῖται
1447 1891 1531 1946 τὴν

297 1950 377 1992 τοῦ
413 1946 577 2006 χάρτου
615 1946 904 2009 προκομιδὴν,
945 1945 1043 1992 ἀλλ’
1078 1946 1138 1992 nic
1167 1951 1214 2000 ἐξ
1251 1948 1398 2009 ὀρθοῦ
1426 1952 1528 2007 περὶ

215 2011 239 2051 3
296 2003 382 2073 τὴν
420 2003 542 2048 ἰδίαν
577 2002 737 2048 ούσίαν
779 2001 944 2063 ιιεγάλα
981 2003 1306 2061 βλαπτόμενος.
1356 2001 1528 2063 εὨσπερ

295 2077 380 2121 γαρ
419 2056 443 2103 ὅ
481 2059 767 2117 νομιζόμενος
806 2058 973 2104 εἰδέναι
1001 2061 1053 2104 τὸ
1083 2059 1247 2116 ἀληθὲς
1276 2067 1383 2121 περί
1409 2075 1530 2104 τινος

296 2113 558 2160 ὑποθέσεως
596 2114 894 2176 ἀναγκάζεται
933 2120 1008 2160 καὶ
1048 2116 1174 2161 ἄκων
1212 2117 1324 2179 πρὸς
1364 2133 1528 2185 μαρτυ-

298 2178 414 2233 ρίαν,
444 2176 518 2215 καὶ
547 2170 649 2215 οὐδὲ
677 2174 716 2215 εἰ
745 2171 1012 2243 ἐπαγγελίαν
1039 2177 1129 2227 ἔχει
1154 2173 1397 2234 χρημάτων
1417 2176 1530 2232 νπὲρ

297 2229 378 2273 τοῦ
413 2227 475 2285 μὴ
509 2229 788 2289 μαρτυρῆσαι
826 2227 930 2271 ουδὲ
968 2230 1008 2272 εἰ
1036 2228 1149 2271 κατὰ
1179 2229 1326 2287 φίλων
1356 2232 1530 2289 ἔρχεται

298 2301 362 2341 μα
417 2284 598 2343 υρῆσαι,
638 2301 702 2328 πα
734 2288 924 2327 αιτεῖται
961 2284 1046 2340 τὴν
1082 2290 1353 2347 μαρτυρίαν,
1389 2280 1535 2329 οὕτως

299 2341 349 2383 οὗ
381 2342 402 2382 ὲ
455 2338 513 2382 τὰ
563 2340 706 2397 συμβό
737 2358 815 2383 αια
867 2337 1192 2398 ἀπαιτούμενος
1247 2345 1532 2401 προενεγκεῖν

188 2509 238 2561 (1)
253 2526 309 2542 ===
325 2509 370 2551 B
384 2511 451 2560 22,
469 2519 499 2562 1,
517 2518 585 2552 80:
608 2511 650 2551 in
666 2511 755 2550 ΒΣ
772 2519 879 2551 extat
895 2511 1015 2552 index
1036 2511 1248 2561 Theodori,
1275 2510 1398 2551 alium
1424 2511 1530 2551 indi-

188 2582 268 2607 cem
286 2580 354 2619 pr.
384 2570 404 2615 §
432 2574 461 2607 1.
490 2574 522 2606 2.
551 2575 571 2607 4
599 2568 772 2607 continet
792 2566 945 2619 Epana
975 2582 1049 2621 oye
1085 2568 1144 2618 13,
1161 2575 1202 2608 10
1286 2567 1341 2618 (2)
1373 2568 1430 2607 ad
1460 2571 1480 2615 ἕ
1510 2576 1531 2609 5

183 2623 358 2676 pertinet
385 2623 473 2662 ΒΣ
496 2623 562 2672 21,
596 2631 626 2673 1,
656 2630 722 2664 33:
764 2623 904 2662 κεῖται
944 2582 993 2663 δὲ
1031 2622 1081 2663 ἐν
1109 2621 1164 2679 τῇ
1194 2616 1270 2677 κβ’
1305 2617 1421 2664 διατ.
1450 2621 1530 2663 τοῦ

190 2671 328 2718 αὐτοῦ
354 2674 518 2728 τίτλου,
549 2671 619 2718 ὅτι
650 2677 725 2719 ἐπὶ
755 2677 851 2719 τῶν
880 2678 1209 2734 τραπεζιτικῶν
1231 2674 1381 2735 λόγων
1409 2673 1534 2734 ἀρκεῖ

243 2865 311 2915 22
340 2866 393 2913 Si
419 2869 535 2927 quis,
566 2883 665 2914 cum
693 2870 741 2914 in
769 2870 935 2915 iudicio
976 2869 1031 2914 ab
1071 2883 1124 2914 eo
1154 2871 1348 2929 petitur,
1382 2875 1437 2915 ut
1462 2871 1530 2914 in-

185 2929 478 2970 strumentum
502 2925 608 2970 edat
631 2940 724 2971 non
749 2931 912 2971 contra
935 2939 984 2970 se
1007 2925 1089 2970 sed
1110 2931 1271 2971 contra
1295 2926 1434 2970 alium
1450 2927 1531 2970 alii

182 2980 505 3041 profuturum,
547 2981 633 3026 hoc
670 2982 801 3027 edere
838 2987 1019 3027 recusat
1056 2982 1267 3026 damnum
1303 2982 1408 3027 inde
1445 2982 1530 3026 sibi

183 3037 392 3094 futurum
412 3037 730 3095 praetendens,
769 3039 810 3082 is
838 3043 1002 3091 autem,
1042 3038 1121 3096 qui
1155 3043 1206 3082 ut
1234 3038 1395 3083 charta
1455 3052 1528 3084 ro-

184 3092 370 3156 feratur
400 3093 541 3150 petit,
580 3093 788 3136 damnum
817 3095 887 3137 illi
910 3094 1120 3150 futurum
1149 3100 1307 3152 neqat,
1346 3107 1394 3139 se
1463 3094 1531 3139 vel

181 3160 422 3206 pecuniam
459 3147 515 3191 ab
552 3149 616 3191 eis
641 3149 733 3205 qui
772 3149 892 3194 edito
930 3149 1225 3194 instrumento
1267 3150 1528 3194 convincen-

190 3207 265 3246 tur
313 3202 539 3259 accepisse
585 3204 654 3247 vel
697 3204 836 3247 alium
870 3209 1166 3263 praetextum
1207 3205 1437 3259 simulari,
1481 3220 1530 3250 se

189 3261 338 3322 autem
373 3270 441 3310 eo,
485 3258 611 3315 quod
652 3258 813 3303 charta
854 3274 948 3304 non
985 3259 1160 3312 edatur,
1192 3260 1323 3317 ρναυί
1365 3260 1527 3304 damno

189 3313 252 3370 af
279 3326 342 3366 cz,
386 3313 646 3358 constitutio
691 3329 789 3359 eum
863 3315 913 3358 ui
948 3314 1288 3358 instrumentum
1322 3316 1532 3373 possidet

245 3382 320 3413 ere
347 3367 397 3412 id
424 3369 566 3422 iubet,
604 3370 647 3413 si
681 3384 743 3415 ex
778 3385 802 3415 e
833 3372 973 3415 itione
1010 3370 1106 3414 eius
1141 3370 1352 3413 damnum
1381 3371 1422 3414 ei
1449 3372 1528 3414 mi-

189 3425 304 3469 nime
332 3424 529 3469 eveniat:
566 3426 637 3469 sin
674 3430 821 3470 autem
857 3441 907 3471 re
935 3440 1042 3471 vera
1069 3425 1410 3469 instrumentum
1439 3427 1529 3470 edi-

191 3485 282 3524 tum
332 3480 495 3524 damno
547 3496 645 3525 eum
690 3483 893 3537 afficiat,
937 3495 1030 3525 non
1074 3482 1178 3539 coqi
1233 3495 1332 3525 eum
1385 3482 1528 3534 edere,

189 3535 313 3594 quod
351 3536 579 3582 occultare
615 3538 656 3582 ei
683 3538 829 3602 maqis
857 3537 1075 3597 expediat
1101 3551 1235 3594 quam
1263 3537 1312 3579 in
1339 3537 1528 3581 medium

196 3596 212 3635 l
264 3592 497 3650 proferre.
562 3591 696 3646 Quod
731 3607 770 3636 si
805 3595 848 3638 is
885 3594 958 3638 cui
995 3593 1290 3637 instrumento
1322 3606 1348 3637 o
1383 3606 1437 3636 us
1464 3599 1531 3637 est

189 3647 366 3691 minime
407 3661 506 3691 eum
548 3649 716 3692 laesum
753 3649 815 3692 iri
852 3650 1083 3707 affirmat,
1127 3649 1331 3692 iusiuran
1366 3663 1439 3692 um
1482 3650 1529 3692 in

191 3703 276 3747 hoc
305 3703 547 3747 dumtaxat
570 3709 773 3762 praestet
805 3706 905 3750 ideo
942 3719 990 3750 se
1032 3705 1270 3748 editionem
1304 3718 1528 3756 recusare,

190 3757 298 3816 quia
343 3758 552 3802 damnum
593 3760 642 3802 in
681 3761 958 3818 patrimonio
1001 3774 1083 3805 suo
1135 3774 1197 3805 ex
1245 3760 1530 3803 instrumenti

192 3819 216 3857 2
274 3813 468 3858 editione
487 3827 536 3859 se
548 3829 796 3874 passurum
809 3822 954 3874 putet.
993 3817 1062 3861 Ne
1086 3821 1234 3860 autem
1245 3826 1340 3873 pro
1365 3816 1527 3860 damno

189 3883 272 3913 suo
311 3869 360 3912 id
395 3869 542 3928 ipsum
579 3877 739 3924 sumat,
788 3873 912 3929 quod
946 3886 1039 3916 non
1077 3871 1287 3930 accipiat,
1335 3885 1451 3936 quae
1488 3872 1530 3915 ei

187 3938 415 3990 promissa
456 3930 581 3979 sunt,
627 3940 682 3970 ne
729 3926 931 3971 chartam
976 3927 1101 3981 edat,
1146 3932 1403 3971 accuratius
1438 3927 1528 3970 ius-

189 3980 431 4025 iurandum
460 3980 530 4024 liis
558 3982 701 4026 verbis
721 3987 940 4039 praestet,
968 3997 1017 4028 se
1044 3997 1136 4027 non
1164 3982 1280 4036 ideo,
1316 3983 1424 4040 quia
1445 3997 1528 4041 pe-

192 4036 370 4080 cuniam
409 4036 477 4081 vel
514 4037 686 4094 aliquid
714 4038 841 4081 aliud
868 4039 1111 4103 acceperit,
1150 4052 1206 4082 ne
1232 4039 1528 4082 instrumenta

191 4092 310 4145 edat,
338 4092 407 4136 vel
435 4092 558 4149 quod
585 4093 688 4136 dari
715 4093 799 4136 sibi
818 4108 1094 4151 promissum
1120 4093 1200 4146 sit,
1239 4107 1383 4151 neque
1411 4099 1528 4139 metu

191 4148 300 4202 eius,
330 4148 545 4192 adversus
573 4162 702 4213 quem
730 4149 1069 4193 instrumentum
1096 4148 1357 4206 requiritur,
1386 4163 1529 4207 neque

193 4203 247 4248 ob
284 4203 380 4247 eius
417 4203 658 4247 amicitiam
697 4203 883 4249 chartae
917 4205 1155 4249 editionem
1182 4218 1413 4258 recusare,
1450 4205 1530 4249 sed

192 4259 300 4315 quia
343 4259 510 4304 directo
555 4260 604 4302 in
645 4274 696 4305 re
737 4274 822 4303 sua
857 4260 1066 4304 damnum
1101 4274 1240 4318 qrave
1273 4265 1525 4319 pateretur.

194 4319 217 4357 3
284 4312 663 4368 Quemadmodum
701 4316 816 4361 enim
853 4315 914 4368 is,
958 4330 1087 4374 quem
1130 4316 1322 4360 alicuius
1365 4330 1528 4361 causae

193 4370 421 4414 veritatem
457 4385 589 4416 nosse
617 4376 810 4430 putant,
860 4372 994 4416 etiam
1033 4372 1201 4416 invitus
1236 4371 1299 4416 ad
1333 4372 1527 4417 testimo-

193 4424 314 4468 nium
351 4425 552 4484 adiqitur
589 4441 732 4485 neque
774 4434 1037 4492 eapropter,
1072 4427 1196 4486 quod
1212 4429 1412 4487 pecunia
1440 4428 1529 4487 ipsi

187 4493 278 4538 pro
314 4481 576 4540 deneqando
609 4484 859 4527 testimonio
894 4483 1125 4542 promissa
1166 4488 1256 4535 est,
1303 4497 1447 4541 neque
1489 4485 1529 4527 si

193 4541 353 4600 contra
395 4538 563 4582 amicos
604 4539 806 4583 dicturus
852 4543 942 4592 est,
992 4539 1289 4584 testimonium
1335 4544 1527 4593 recusat,

194 4595 259 4635 tta
297 4607 440 4651 neque
476 4593 535 4647 is,
577 4608 606 4638 a
645 4609 734 4652 quo
764 4596 1058 4640 instrumenta
1086 4599 1139 4639 ut
1161 4595 1270 4639 edat
1307 4596 1526 4653 poscitur,

1530 126 1626 186 163

2740 132 2839 184 1111
2878 134 2939 182 21

1728 279 1830 324 οὔτε
1868 277 1942 323 διὰ
1974 277 2028 322 τὸ
2066 276 2293 336 εἰληφέναι
2331 296 2375 324 τι
2413 277 2440 336 ἢ
2478 279 2675 335 ἐλπίζειν
2705 280 2950 340 λαμβάνειν

1727 335 1831 381 οὔτε
1869 333 1943 380 διὰ
1979 332 2134 393 φιλίαν
2171 337 2270 378 τῶν
2294 335 2554 392 μελλόντων
2583 341 2631 380 ἐκ
2668 340 2746 382 τοῦ
2786 344 2948 395 συμβο-

1727 391 1852 436 λαίου
1886 389 2175 448 βλάπτεσθαι
2213 389 2401 435 δύναται
2443 392 2526 448 τὴν
2563 392 2837 453 προκομιδὴν
2877 391 2949 437 αὖ·

1644 453 1670 492 4
1726 450 1805 491 τοῦ
1843 447 2180 506 παραιτεῖσθαι.
2244 443 2360 490 Ἀλλ’
2403 450 2442 491 εἰ
2476 453 2559 503 μέν
2586 465 2652 493 τις
2680 453 2761 493 έπο
2797 449 2951 492 όσεται

1725 502 1786 560 μὴ
1828 508 1943 557 ἔχειν
1987 501 2039 546 τὸ
2084 499 2354 559 ζητούμενον
2391 503 2638 561 δικαίωμα,
2681 468 2794 560 μηδέιέ
2837 502 2952 547 ὅλως

1726 556 2061 618 ἀναγκάζεσθαι
2113 564 2354 618 προφέρειν
2401 557 2512 617 ὅπερ
2554 559 2616 616 μὴ
2658 561 2767 612 ἔχει·
2822 561 2860 601 εἰ
2903 558 2952 601 δὲ

1724 611 1803 657 οὐκ
1832 612 2034 668 ἀνέχεται
2071 612 2155 657 τὸν
2187 617 2391 658 τοιοῦτον
2419 612 2552 675 ὅρκον
2579 614 2803 667 ὑποσχεῖν,
2842 613 2952 657 πάν-

1723 683 1812 712 τως
1848 666 2178 728 ἀναγκαζέσθω
2217 675 2459 730 προφέρειν
2503 669 2555 712 τὸ
2606 667 2954 724 ἐπιζητούμενον

1725 721 1970 778 δικαίωμα·
2008 727 2048 766 εἰ
2084 723 2134 768 δὲ
2162 724 2322 769 ἑαυτὸν
2349 725 2598 782 ἀποκρύψει
2627 721 2685 767 αἶς
2712 721 2823 778 μήτε
2851 720 2953 779 ὀμό-

1724 791 1800 819 σαι
1841 778 1953 833 μήτε
1996 785 2269 839 προαγαγεῖν
2309 780 2361 823 τὸ
2402 778 2638 834 δικαίωμα,
2678 779 2832 821 πᾶσαν
2870 778 2954 831 τὴν

1725 835 1772 874 ἐκ
1801 830 1960 875 τούτου
1990 839 2332 889 συμβησομένην
2362 837 2524 888 ζημίαν
2553 835 2619 887 τῷ
2648 831 2845 888 δεομένῳ
2875 835 2952 875 τοῦ

1643 895 1665 934 5
1725 885 2022 943 δικαιώματος
2049 889 2233 931 οἴκοθεν
2262 887 2597 944 καταβαλλέτω.
2670 889 2770 930 Τῶν
2802 884 2956 931 αὐτῶν

1724 945 2015 1004 κρατούντων
2057 947 2132 985 καὶ
2176 945 2236 985 εἰς
2288 941 2344 985 τὰ
2388 941 2752 1002 ἄργυροπρατικά
2793 948 2956 1002 βρέβια

1723 996 1749 1054 ἢ
1791 998 1849 1042 τὰ
1893 995 2003 1058 παρ’
2049 998 2218 1056 ἑτέρων
2255 999 2399 1041 τινῶν
2437 995 2797 1054 συνταττόμενα,
2841 995 2956 1057 ἅπερ

1723 1069 1789 1098 τις
1830 1056 2032 1109 ἐπιζητεῖ
2073 1054 2443 1112 προκομισθῆναι
2486 1051 2537 1097 οὗ
2583 1053 2698 1097 κατὰ
2740 1056 2836 1097 τῶν
2879 1055 2957 1097 τὰς

1724 1109 1891 1155 πυκτάς
1925 1107 2092 1153 ταύτας
2135 1107 2519 1163 συντεθεικότων,
2558 1106 2668 1152 ἀλλὰ
2708 1107 2825 1153 καθ’
2868 1111 2956 1153 ἑτέ-

1642 1173 1665 1213 6
1724 1183 1820 1227 ρων
1849 1167 1990 1210 τινῶν
2000 1167 2030 1208 ².
2102 1167 2251 1209 Ταῦτα
2280 1165 2329 1209 δὲ
2356 1161 2461 1209 τότε
2495 1170 2678 1210 κοατεῖν
2705 1162 2732 1220 ἡ
2762 1163 2958 1217 διάταξις

1723 1221 1946 1279 βούλεται,
1975 1217 2051 1265 ὅτε
2078 1225 2155 1265 ἐπὶ
2184 1223 2261 1277 τῆς
2290 1217 2423 1276 αὐτῆς
2461 1203 2634 1265 πόλεως
2672 1219 2904 1282 διάγουσιν
2933 1218 2958 1265 ὁ

1723 1277 1880 1322 θέλων
1913 1279 2280 1347 προκομισθῆναι
2318 1276 2370 1321 τὸ
2408 1275 2634 1334 δικαίωμα
2671 1275 2698 1333 ἢ
2735 1277 2812 1321 τὰς
2878 1294 2957 1324 πυ-

1723 1337 1826 1379 κτὰς
1848 1339 1923 1378 καὶ
1950 1351 1973 1377 ο
2013 1335 2147 1377 τοῦτο
2185 1332 2416 1394 λεγόμενος
2453 1336 2570 1388 ἔχειν
2599 1337 2674 1376 καὶ
2707 1330 2731 1378 ὅ
2762 1331 2959 1387 δικάζων

1724 1392 1778 1450 τῇ
1823 1388 2061 1434 ὑποθέσει·
2115 1386 2218 1433 οὐδὲ
2257 1389 2342 1450 γάρ
2386 1387 2724 1450 ἀναγκάζεσθαι
2766 1388 2836 1433 δεῖ
2876 1389 2958 1434 τὸν

1724 1449 1885 1499 ἔχοντα
1924 1444 2210 1502 δικαιώματα
2248 1447 2307 1489 εἰς
2343 1446 2502 1517 ἑτέραν
2529 1445 2683 1506 χώραν
2713 1448 2959 1503 ἐκπέμπειν

1726 1500 1839 1544 αὐτὰ
1881 1497 1908 1556 ἢ
1950 1499 2224 1545 κινδυνεύειν
2267 1499 2343 1545 ἐπ’
2387 1506 2536 1546 αυτοῖς
2575 1501 2649 1545 διὰ
2689 1502 2773 1557 τὴν
2810 1503 2959 1562 ἑτέρου

1723 1563 1890 1628 χρείαν.
1959 1559 2016 1599 Εἰ
2051 1561 2208 1614 μέντοι
2246 1562 2320 1599 καὶ
2359 1560 2408 1601 ἐν
2445 1558 2576 1617 ἑτέρᾳ
2613 1555 2740 1618 χώρᾳ
2779 1564 2960 1615 κείμενα

1724 1631 1781 1656 τα
1811 1611 2095 1670 δικαιώματα
2125 1615 2326 1668 ἐπιζητεῖ
2350 1615 2718 1673 προκομισθῆναί
2743 1629 2809 1658 τις
2838 1613 2960 1674 παρὰ

1724 1671 1790 1725 τῷ
1823 1667 1982 1723 έκδίκῳ
2012 1670 2109 1712 τῶν
2138 1667 2298 1713 τόπων
2329 1673 2402 1711 καὶ
2441 1671 2491 1713 ἐν
2528 1666 2847 1726 ὑπομνήμασιν
2886 1673 2958 1726 ἐμ»

1725 1725 2010 1783 φανισθῆναι
2062 1723 2173 1784 πρὸς
2226 1724 2279 1768 τὸ
2334 1724 2490 1780 λαβεῖν
2533 1725 2616 1780 τὴν
2665 1728 2739 1769 ἐπὶ
2782 1722 2961 1769 τούτων

1725 1780 1891 1839 πρᾶξιν
1915 1783 1989 1822 καὶ
2013 1777 2274 1840 χρήσασθαι
2299 1778 2410 1841 αὐτῇ
2437 1784 2488 1823 ἐν
2510 1783 2578 1836 τῷ
2600 1779 2886 1851 δικαστηρίῳ,
2911 1784 2960 1824 ἐν

1725 1836 1762 1891 ᾧ
1795 1833 2035 1888 δικάζεται,
2065 1834 2169 1879 τότε
2198 1834 2330 1880 οὐδέν
2354 1840 2450 1879 ἐστι
2468 1835 2589 1907 βαρὺ
2612 1836 2664 1880 τὸ
2690 1839 2741 1880 ἐν
2766 1839 2877 1897 αυτῇ
2904 1838 2960 1896 τῇ

1725 1889 1867 1944 πόλει,
1898 1895 1948 1934 ἐν
1977 1881 2004 1951 ᾗ
2030 1888 2216 1949 ὑπάρχει
2241 1891 2296 1936 τὰ
2321 1890 2618 1948 δικαιώματα,
2649 1908 2684 1937 π
2714 1892 2962 1952 οσάγεσθαι

1641 1952 1666 1992 8
1726 1946 1848 1995 αύτά,
1891 1951 1966 1989 καὶ
2016 1949 2363 2006 ἐμφανίζεσθαι.
2441 1945 2626 1992 Ἐκεῖνοι
2706 1952 2727 1991 ἑ
2768 1947 2959 2009 ἀναγκα·

1726 2005 1973 2058 ζέσθωσαν
2017 2008 2261 2064 προφέρειν
2303 2003 2471 2049 πυκτάς
2519 2002 2546 2059 ἢ
2590 2003 2876 2062 δικαιώματα
2919 2005 2962 2047 οἱ

1725 2063 1800 2114 κυαὶ
1840 2064 2084 2120 μαρτυρεῖν
2112 2059 2228 2104 κατά
2255 2077 2399 2105 τινων
2426 2058 2800 2119 ἀναγκαζόμενοι·
2843 2057 2957 2104 καθ’

1727 2115 1794 2160 ὡν
1828 2115 1913 2175 γὰρ
1950 2116 2216 2176 προσώπων
2255 2115 2380 2161 ἄκων
2416 2132 2484 2161 τις
2512 2115 2563 2160 οὗ
2591 2121 2818 2177 μαρτυρεῖ,
2847 2115 2962 2160 κατὰ

1726 2170 1902 2216 τούτων
1939 2172 2041 2215 οὔτε
2077 2177 2363 2233 προκομίζειν
2401 2172 2566 2217 πυκτάς
2604 2170 2632 2228 ἢ
2678 2171 2962 2230 δικαιώματα

1643 2233 1668 2274 9
1727 2226 1754 2284 ἢ
1782 2227 1939 2288 ἕτερόν
1967 2245 2013 2271 τι
2042 2226 2342 2289 ἀναγκάζεται
2376 2232 2593 2273 τοιοῦτον.
2651 2226 2877 2289 Πρόδηλοι
2913 2226 2965 2272 δέ

1728 2286 1842 2328 εἰσιν
1883 2286 1931 2326 ἐκ
1970 2286 2067 2329 τῶν
2102 2282 2258 2342 νόμων
2296 2284 2342 2328 οἷ
2366 2284 2429 2341 μὴ
2457 2282 2810 2345 ἀναγκαζόμενοι
2849 2283 2963 2327 κατά

1728 2356 1872 2384 τινων
1909 2345 2152 2401 μαρτυρεῖν
2193 2341 2376 2385 ἄκοντες
2414 2344 2488 2384 καὶ
2518 2344 2700 2394 ἐκεῖνοι,
2738 2338 2852 2384 καθ’
2897 2331 2963 2383 ὧν

1616 2504 1779 2564 ὁμοίως
1808 2503 1831 2551 o‘
1862 2503 2182 2567 καταγραφεύς,
2213 2512 2358 2551 καίτοι
2381 2506 2440 2551 εἷς
2460 2511 2644 2561 νοεῖται,
2669 2525 2831 2564 quocum
2855 2510 2960 2563 cons.

1615 2568 1715 2662 έΒΣΙ
1728 2567 1763 2606 Ιι.
1798 2567 1854 2610 Ζ..·
1892 2569 2153 2619 σημείωσαι,
2184 2560 2295 2607 πότε
2324 2568 2399 2607 καὶ
2430 2563 2526 2608 ἑνὸς
2552 2568 2776 2624 μαρτυρία
2806 2561 2962 2606 δεκτέα

1638 2634 1692 2662 στ
1711 2638 1740 2663 ν

1616 2870 1685 2915 vel
1719 2870 1828 2929 quia
1866 2871 2042 2929 accepit
2078 2870 2255 2928 aliquid
2290 2870 2362 2916 vel
2400 2874 2689 2929 accepturum
2726 2885 2776 2917 se
2806 2877 2963 2931 sperat

1613 2927 1683 2972 vel
1710 2931 1910 2985 propter
1948 2927 2191 2971 amicitiam
2229 2941 2408 2980 eorum,
2449 2926 2612 2985 quibus
2649 2927 2860 2972 damnum
2900 2942 2962 2973 ex

1613 2984 1909 3027 instrumento
1939 2983 2149 3036 imminet,
2179 2983 2276 3027 eius
2296 2983 2535 3028 editionem
2558 2996 2770 3028 recusare
2796 2989 2956 3041 potest.

1614 3044 1640 3082 4
1696 3040 1759 3083 At
1784 3039 1825 3082 si
1852 3039 2023 3083 iurabit
2048 3039 2391 3082 instrumentum
2421 3052 2511 3096 quo
2537 3038 2592 3082 de
2617 3039 2769 3096 aqitur
2792 3053 2840 3083 se
2865 3053 2958 3083 non

1613 3094 1797 3148 habere,
1842 3095 1974 3139 edere
2017 3108 2110 3138 non
2154 3094 2335 3151 coqitur
2376 3094 2501 3151 quod
2543 3107 2636 3137 non
2679 3093 2837 3138 habet:
2887 3095 2959 3138 sin

1612 3155 1761 3194 autem
1808 3149 2026 3194 eiusmodi
2069 3149 2383 3193 iusiurandum
2465 3154 2670 3194 raestare
2711 3163 2806 3193 non
2847 3151 2956 3201 vult,

1613 3205 1868 3250 omnimodo
1898 3206 2241 3249 instrumentum
2271 3218 2361 3261 quo
2425 3219 2450 3249 e
2478 3205 2633 3262 aqitur
2661 3204 2793 3250 edere
2821 3219 2874 3250 co
2909 3220 2957 3249 a-

1614 3266 1700 3305 tur.
1768 3261 1838 3304 sin
1879 3261 2054 3313 latitat,
2092 3273 2149 3304 ne
2181 3260 2303 3304 iuret
2329 3274 2438 3305 neve
2465 3260 2808 3306 instrumentum
2837 3276 2862 3306 e
2894 3268 2957 3314 at,

1613 3330 1742 3360 omne
1785 3316 1995 3359 damnum
2038 3314 2163 3373 quod
2199 3315 2242 3359 ei
2278 3315 2351 3359 cui
2385 3316 2681 3361 instrumento
2731 3331 2757 3362 o
2792 3331 2848 3361 us
2892 3324 2960 3362 est

1614 3377 1636 3415 5
1683 3371 1936 3470 contiqerit,
1960 3385 2022 3416 ex
2041 3371 2247 3429 propriis
2266 3371 2568 3429 facultatibus
2590 3373 2728 3430 refun
2762 3378 2821 3418 at.
2865 3372 2957 3417 Ea—

1612 3427 1711 3471 dem
1750 3441 1805 3470 va
1825 3432 1931 3470 eant
1968 3427 2102 3470 etiam
2139 3427 2188 3469 in
2227 3426 2431 3472 brevibus
2478 3429 2845 3485 arqentariorum
2889 3430 2960 3474 vel

1612 3483 1667 3527 ab
1708 3482 1812 3525 aliis
1848 3482 2129 3540 compositis,
2170 3496 2285 3540 quas
2320 3483 2392 3527 edi
2426 3483 2513 3527 sibi
2551 3484 2717 3541 aliquis
2754 3498 2847 3529 non
2877 3485 2956 3529 ad-

1611 3551 1766 3583 versus
1792 3538 1919 3596 ipsos
1977 3539 2026 3581 ui
2054 3537 2229 3582 codices
2257 3546 2608 3597 composuerunt
2633 3540 2714 3584 sed
2742 3540 2957 3585 adversus

1613 3598 1637 3637 6
1696 3593 1812 3638 alios
1850 3593 1944 3638 desi
1975 3598 2086 3638 erat.
2147 3594 2274 3639 Haec
2312 3599 2460 3639 autem
2491 3599 2583 3639 tum
2611 3596 2760 3640 valere
2789 3596 2956 3640 consti-

1614 3649 1726 3693 tutio
1757 3649 1871 3702 vult,
1911 3662 2010 3693 cum
2047 3648 2096 3692 in
2134 3650 2287 3694 eadem
2326 3651 2506 3695 civitate
2539 3656 2777 3695 morantur
2805 3656 2851 3695 et
2877 3652 2956 3708 qui

1610 3705 1953 3749 instrumentum
1988 3705 2059 3749 vel
2092 3705 2268 3750 codices
2305 3706 2377 3751 edi
2415 3706 2511 3751 vult
2548 3711 2593 3750 et
2620 3707 2699 3770 qui
2726 3707 2776 3749 id
2806 3711 2955 3751 tenere

1612 3760 1778 3804 dicitur
1806 3765 1852 3804 et
1879 3760 1957 3817 qui
1984 3773 2167 3805 causam
2194 3761 2376 3806 iudicat.
2422 3775 2525 3804 nam
2551 3775 2627 3819 ραι
2654 3762 2953 3806 instrumenta

1614 3821 1754 3868 tenet,
1797 3830 1850 3860 ea
1892 3816 1940 3859 in
1983 3816 2120 3860 alium
2163 3817 2310 3861 locum
2350 3817 2649 3861 transmittere
2691 3817 2760 3860 vel
2796 3817 2850 3860 de
2888 3818 2955 3861 eis

1603 3871 1862 3930 periclitari
1894 3877 2087 3937 propter
2122 3873 2240 3917 alius
2278 3872 2556 3916 commodum
2596 3872 2824 3930 coqendus
2859 3885 2951 3916 non

1613 3931 1634 3970 7
1694 3932 1771 3972 est.
1831 3925 1884 3970 Si
1911 3941 2013 3984 ραις
2042 3932 2188 3972 tamen
2217 3942 2271 3973 ea
2299 3942 2477 3985 quoque
2507 3928 2805 3972 instrumenta
2834 3941 2951 3985 quae

1611 3983 1703 4027 alio
1733 3983 1833 4027 loco
1863 3988 1970 4027 sunt
1997 3983 2121 4042 apud
2145 3983 2428 4041 defensorem
2458 3982 2546 4026 loci
2574 3982 2647 4027 edi
2668 3987 2714 4026 et
2740 3983 2856 4027 actis
2883 3983 2950 4025 in-

1609 4039 1785 4082 sinuari
1827 4037 2071 4092 desiderat,
2115 4044 2167 4083 ut
2205 4040 2311 4083 inde
2348 4038 2601 4097 eaeemplum
2642 4042 2814 4091 sumat,
2889 4052 2948 4082 uo

1609 4099 1766 4137 utatur
1793 4094 1842 4136 in
1861 4093 2028 4138 iudicio
2058 4095 2107 4138 in
2133 4108 2223 4152 quo
2247 4095 2410 4151 litiqat,
2440 4093 2565 4137 nulla
2589 4093 2794 4137 molestia
2818 4108 2842 4138 e
2874 4107 2950 4137 en-

1610 4150 1680 4193 dis
1707 4153 1753 4193 et
1778 4149 2060 4194 insinuandis
2086 4150 2394 4194 instrumentis
2422 4163 2475 4193 eo
2501 4148 2591 4192 loci
2615 4148 2692 4192 ubi
2714 4155 2820 4193 sunt
2843 4162 2949 4192 con-

1611 4209 1635 4249 8
1696 4205 1872 4249 tinetur.
1932 4203 1976 4248 Ii
2003 4210 2151 4250 autem
2181 4205 2357 4249 codices
2384 4204 2454 4249 vel
2484 4204 2781 4248 instrumenta
2819 4203 2949 4248 edere

1611 4260 1801 4318 coqendi
1827 4265 1957 4314 sunt,
1998 4262 2078 4319 qui
2115 4262 2249 4306 etiam
2287 4260 2584 4304 testimonium
2622 4259 2837 4304 adversus
2865 4258 2948 4302 ali-

1611 4330 1725 4380 quos
1754 4316 1902 4361 dicere
1929 4321 2178 4374 coquntur:
2208 4329 2312 4360 nam
2340 4315 2556 4360 adversus
2583 4329 2699 4373 quas
2718 4328 2948 4373 personas

1610 4371 1775 4416 invitus
1810 4371 1976 4429 aliquis
2013 4372 2311 4418 testimonium
2347 4371 2495 4416 dicere
2522 4384 2614 4415 non
2643 4372 2837 4428 coqitur,
2867 4369 2948 4414 ad-

1612 4441 1765 4472 versus
1802 4427 1886 4471 lias
1927 4441 2009 4472 nec
2049 4428 2225 4473 codices
2267 4426 2338 4472 vel
2376 4426 2676 4471 instrumenta
2713 4426 2783 4471 vel
2821 4424 2948 4470 aliud

1610 4488 1635 4527 9
1693 4482 1914 4527 eiusmodi
1946 4483 2079 4528 edere
2115 4485 2305 4542 coqz'tur.
2364 4471 2446 4527 E'oe
2473 4482 2645 4539 leqibus
2672 4487 2821 4526 autem
2848 4480 2949 4526 noti

1609 4543 1728 4591 sunt,
1758 4538 1837 4596 qui
1864 4538 2078 4583 adversus
2106 4540 2285 4597 aliquos
2315 4538 2610 4583 testimonium
2642 4537 2790 4582 dicere
2817 4537 2948 4583 inviti

1610 4608 1702 4639 non
1738 4599 1980 4653 coquntur,
2021 4600 2066 4639 et
2104 4595 2196 4648 illi,
2239 4593 2453 4638 adversus
2490 4606 2604 4650 quos
2642 4592 2785 4651 aliqui
2824 4592 2946 4639 testi*-

2525 4663 2611 4705 21*
