3152 4784
177 177 249 217 m:
285 175 500 216 NUP'rns

175 313 259 358 rito
288 311 394 356 dare
424 313 698 368 conceditur,
740 311 1017 357 donationem
1058 315 1202 355 autem
1239 313 1395 358 marito
1426 314 1512 357 nisi

174 371 278 413 ante
304 367 482 423 nuptias
510 369 658 414 facere
686 382 776 413 ιιοιι
798 366 1106 434 permittitur?
1164 374 1207 411 et
1237 382 1350 425 quae
1377 370 1510 413 huius

173 424 238 468 rei
276 422 524 468 differentia
558 423 834 470 rationabilis
871 426 1022 479 potest
1049 423 1253 477 inveniri,
1291 439 1392 469 cum
1420 438 1509 469 me-

173 480 258 524 lius
288 482 386 524 erat
412 481 671 525 mulieribus
699 493 779 546 pro
814 484 882 522 ter
906 478 1189 534 fragilitatem
1218 494 1348 525 sexus
1379 494 1511 537 quam

174 540 198 579 2
267 535 493 580 maribus¹
547 536 770 581 subveniri
881 534 1008 578 Sicut
1052 536 1165 578 enim
1208 537 1286 580 dos
1329 542 1511 603 propter

171 591 355 657 nuptias
391 591 444 635 fit
483 598 526 636 et
561 593 655 637 sine
683 590 847 647 nuptiis
877 591 1051 656 quidem
1081 592 1202 635 nulla
1232 593 1309 636 dos
1339 593 1508 636 intelle·

172 648 312 715 gitur,
358 648 452 692 sine
496 648 599 692 dote
637 651 782 692 autem
826 647 1007 702 nuptiae
1049 654 1237 714 possunt
1281 649 1508 700 celebrari,

172 704 237 748 ita
264 707 312 747 et
344 703 392 748 ιιι
426 704 760 756 donationibus,
802 715 912 768 quas
949 704 1096 746 mariti
1134 704 1304 748 faciunt
1332 705 1400 748 vel
1430 717 1509 769 pro

173 760 242 804 his
266 760 355 814 alii,
387 759 516 804 debet
538 773 634 804 esse
658 762 812 815 aperta
833 759 1012 802 licentia
1036 764 1081 803 et
1104 766 1335 804 constante
1356 759 1508 803 matri-

173 815 321 860 monio
366 817 500 860 talem
538 816 818 860 donationem
858 815 1028 867 facere,
1075 830 1187 871 quae
1226 816 1353 872 quasi
1395 815 1508 859 anti-

173 872 376 938 pherna
396 872 566 927 possit2
615 871 826 937 intellegi
865 876 909 915 et
954 884 1044 915 non
1085 872 1270 938 simplex
1314 871 1507 916 donatio.

172 927 271 972 ideo
308 927 423 972 enim
461 931 506 971 et
541 927 709 984 antiqui
743 927 851 970 iuris
889 928 1139 972 conditores
1167 928 1283 971 inter
1311 927 1507 972 donatio

174 989 198 1026 3
255 995 334 1027 nes
363 983 494 1026 etiam
521 983 647 1027 dotes
670 989 1002 1027 connumerant.
1049 984 1095 1027 Si
1115 984 1249 1039 igitur
1271 989 1316 1028 et
1336 983 1510 1028 nomine

173 1045 218 1083 et
261 1039 509 1084 substantia
545 1039 654 1082 nihil
691 1038 826 1084 distat
865 1052 892 1082 a
931 1039 1034 1084 dote
1071 1044 1175 1084 ante
1211 1040 1390 1096 nuptias
1431 1038 1509 1082 do-

173 1095 319 1148 natio,
358 1107 495 1159 quare
529 1108 620 1138 non
658 1095 790 1139 etiam
830 1096 914 1139 ea³
952 1096 1079 1139 simili
1118 1095 1247 1140 modo
1285 1099 1331 1140 et
1357 1094 1510 1138 matri-

173 1155 198 1193 4
255 1151 400 1194 monio
428 1154 659 1195 contracto
684 1150 890 1195 dabitur?
931 1151 1160 1195 Sancimus
1186 1152 1335 1217 itaque
1359 1162 1509 1195 omnes

172 1207 392 1251 licentiam
430 1207 596 1272 habere
639 1207 730 1251 sive
773 1208 1032 1263 priusquam
1081 1207 1362 1251 matrimonia
1404 1219 1508 1250 con-

171 1262 385 1306 traxerint
439 1262 530 1306 sive
580 1268 737 1318 postea
792 1264 1052 1308 donationes
1102 1263 1362 1307 mulieribus
1405 1261 1510 1305 dare

173 1317 503 1439 ξ’ἔιέιιῗέιὲἓᾶῗ,
522 1317 1510 1439 ᾱέἔέιωξξῖιέ«11ὲῖἓέιὲᾞὲἓῇἓὲΠὲἕίἕέΞὲ

170 1429 332 1474 factae.
370 1430 590 1486 simplices
607 1431 767 1475 etenim
793 1431 1053 1476 donationes
1075 1444 1166 1475 non
1191 1435 1374 1486 propter
1397 1442 1508 1484 nup-

171 1486 256 1530 tias
281 1485 407 1539 fiunt,
438 1486 516 1530 sed
538 1491 722 1542 propter
741 1488 919 1543 nuptias
935 1488 1095 1530 vetitae
1110 1492 1236 1529 sunt.
1270 1492 1315 1529 et
1328 1489 1512 1551 propter

171 1541 283 1586 alias
323 1553 483 1586 causas
520 1546 564 1586 et
598 1543 823 1586 libidinem
862 1543 1052 1587 forsitan
1090 1542 1159 1586 vel
1198 1541 1330 1585 unius
1368 1540 1510 1606 partis

170 1602 422 1653 egestatem,
451 1611 541 1642 non
569 1603 754 1664 propter
773 1599 917 1654 ipsam
939 1598 1191 1653 nuptiarum
1217 1596 1510 1640 adfectlonem

171 1658 196 1696 5
254 1653 522 1697 efficiuntur.
592 1653 639 1697 Si
670 1654 806 1708 igitur
834 1654 937 1697 dote
964 1654 1052 1696 iam
1080 1652 1295 1707 praestita
1322 1653 1509 1695 maritus

169 1709 294 1753 nulla
330 1714 435 1752 ante
473 1708 653 1773 nuptias
691 1710 812 1752 facta
850 1708 1086 1752 donatione
1124 1707 1290 1751 donare
1337 1708 1511 1751 mulieri

169 1777 242 1809 res
279 1764 502 1815 maluerit,
541 1765 604 1806 ita
639 1769 808 1817 tamen,
848 1769 898 1806 ut
937 1763 1053 1807 dotis
1090 1764 1384 1819 quantitatem
1421 1775 1511 1806 non

168 1819 398 1870 excedant,
429 1823 475 1862 et
502 1819 589 1862 hoc
617 1819 763 1874 ipsum
788 1797 1112 1874 significaverit,
1143 1818 1263 1873 quod
1291 1831 1382 1862 non
1406 1817 1509 1861 sim-

167 1875 341 1939 plicem
362 1873 503 1917 faciat
544 1874 846 1927 donationem,
890 1874 969 1918 sed
1013 1876 1198 1930 propter
1236 1873 1383 1917 dotem
1422 1873 1511 1916 iam

167 1928 464 1994 conscriptam
502 1933 546 1973 et
582 1929 680 1985 ipse
717 1929 775 1972 ad
812 1929 1095 1974 donationem
1132 1929 1322 1980 venerit,
1358 1928 1512 1972 licebit

166 1985 208 2030 ei
235 1986 322 2029 hoc
348 1984 498 2029 facere
527 1990 572 2029 et
601 1990 880 2050 supponatur
908 1986 1052 2042 pactis
1092 1985 1315 2029 dotalibus
1355 1984 1509 2028 huius-

165 2041 283 2086 modi
320 2039 514 2085 donatio.
586 2045 630 2085 et
669 2041 708 2085 si
744 2041 920 2096 quidem
957 2041 1046 2086 hoc
1085 2041 1222 2107 fuerit
1259 2040 1512 2106 specialiter

167 2102 193 2142 6
251 2109 522 2153 expressum,
558 2101 693 2152 pacta
731 2102 948 2141 conventa
977 2097 1151 2142 servari
1180 2101 1371 2153 oportet.
1431 2096 1510 2140 Sin

165 2154 314 2198 autem
343 2153 522 2198 donatio
553 2153 729 2209 quidem
757 2153 858 2198 talis
887 2153 1012 2197 facta
1044 2152 1127 2206 sit,
1168 2157 1324 2209 utpote
1362 2157 1510 2197 autem

166 2209 306 2254 dotali
340 2167 632 2253 instrumento
671 2209 964 2254 antecedente
999 2210 1124 2254 nulla
1162 2215 1296 2274 pacta
1324 2209 1404 2253 tali
1432 2209 1510 2252 do-

166 2264 336 2310 nationi
359 2270 463 2321 post
490 2265 669 2320 nuptias
698 2266 967 2318 inserantur,
996 2278 1046 2309 re
1066 2265 1166 2322 ipsa
1188 2265 1389 2310 videatur
1414 2277 1511 2309 esse

167 2321 254 2366 hoc
290 2325 494 2377 pac-tum,
535 2325 579 2364 et
618 2321 860 2364 secundum
899 2321 1071 2366 dotales
1102 2321 1414 2365 conventiones
1443 2321 1510 2364 in-

167 2377 434 2442 tellegantur
463 2381 507 2420 et
534 2377 581 2420 ιιι
605 2378 685 2420 tali
709 2377 946 2421 donatione
969 2381 1104 2433 pacta
1126 2377 1265 2422 fuisse
1282 2381 1510 2429 conventa,

167 2436 220 2478 ut
255 2433 409 2498 aequis
446 2433 652 2488 passibus
687 2437 876 2489 utraque
915 2434 1111 2477 ambulet
1147 2436 1240 2478 tam
1270 2433 1349 2477 dos
1381 2445 1512 2488 quam

170 2493 193 2532 7
253 2488 448 2534 donatio.
520 2488 591 2532 Ita
633 2493 803 2543 tamen,
849 2493 901 2533 ut
938 2489 1166 2534 Leoniana
1210 2488 1511 2542 constitutio,
1482 2491 1498 2515 ⁵

169 2557 283 2601 quae
311 2558 446 2600 super
475 2545 798 2611 exaequatione
829 2545 1086 2600 pactionum
1122 2545 1318 2600 loquitur
1346 2557 1437 2590 non
1466 2544 1513 2587 in

168 2601 439 2667 quantitate,
479 2601 559 2645 sed
598 2615 645 2644 ιιι
683 2601 910 2656 partibus,
949 2606 1128 2645 maneat
1155 2601 1203 2644 in
1231 2601 1302 2645 his
1333 2600 1511 2644 casibus

167 2657 351 2711 intacta,
382 2660 428 2700 et
455 2669 545 2700 non
575 2657 716 2701 solum
745 2669 799 2701 ea
821 2657 1085 2700 immutilata
1112 2657 1403 2709 custodiatur,
1434 2657 1512 2702 sed

167 2713 300 2758 etiam
328 2713 526 2766 nostra⁶,
550 2726 688 2778 quam
719 2712 773 2757 de
800 2714 1167 2768 interpretatione
1197 2713 1290 2757 eius
1320 2712 1508 2757 fecimus

167 2768 496 2824 ambiguitatem
522 2768 615 2812 eius
632 2768 861 2813 tollentes:
893 2769 1144 2824 disparibus
1162 2768 1323 2834 etenim
1338 2769 1511 2824 pactio-

167 2825 294 2869 nibus
323 2824 455 2869 factis
483 2825 724 2869 maiorem⁷
761 2823 875 2868 lucri
903 2829 1077 2879 partem
1106 2824 1164 2870 ad
1192 2825 1404 2868 minorem
1436 2823 1510 2867 de-

166 2880 411 2945 ducendam
450 2893 548 2924 esse
584 2893 834 2933 censemus,
878 2884 930 2924 ιιι
967 2881 1121 2925 eodem
1156 2880 1289 2926 modo
1326 2883 1512 2936 uterque

166 2940 190 2981 8
223 2940 282 2990 (1)
349 2935 563 2980 minorem
607 2939 780 2993 partem
822 2937 1036 2981 lucretur.
1105 2936 1332 2992 Similique
1378 2936 1510 2980 modo

166 2993 205 3037 si
230 2992 354 3037 facta
382 2992 570 3057 quidem
588 2991 724 3036 fuerit
752 2992 855 3037 talis
885 2992 1079 3046 donatio,
1110 3005 1225 3049 quae
1249 2997 1385 3037 antea
1414 2992 1509 3048 qui-

167 3049 267 3093 dem
305 3053 408 3092 ante
444 3048 624 3104 nuptias
662 3049 931 3102 vocabatur,
981 3062 1103 3093 nunc
1140 3054 1290 3093 autem
1327 3053 1510 3115 propter

165 3104 365 3160 nuptias,
405 3117 493 3148 non
532 3109 679 3148 autem
717 3110 819 3149 ante
855 3104 1033 3160 nuptias
1062 3105 1197 3149 fuerit
1231 3105 1343 3149 actis
1371 3106 1508 3148 inter-

167 3137 443 3224 venientibus
493 3159 737 3213 insinuata,
790 3161 944 3204 licebit
994 3166 1039 3205 et
1081 3164 1314 3205 constante
1355 3161 1508 3205 matri-

167 3215 313 3260 monio
359 3226 456 3258 eam
496 3215 743 3266 insinuare,
788 3216 910 3260 nullo
955 3216 1188 3260 obstaculo
1232 3216 1410 3272 penitus
1455 3229 1509 3261 ex

168 3270 422 3335 nuptiarum
446 3269 696 3314 interventu
720 3247 945 3315 faciendo:
976 3272 1015 3316 si
1044 3271 1159 3315 enim
1180 3271 1283 3336 fieri
1311 3284 1386 3316 eas
1408 3277 1511 3327 post

170 3330 194 3370 9
252 3325 431 3381 nuptias
468 3325 757 3377 concedatur,
797 3326 934 3369 multo
975 3327 1114 3381 magis
1148 3327 1380 3371 insinuari.
1439 3328 1509 3371 Si-

169 3381 345 3437 milique
373 3380 504 3425 modo
535 3385 579 3425 et
607 3394 661 3425 ea
690 3381 993 3435 constitutio,
964 3383 981 3408 ⁸
1028 3394 1160 3438 quam
1189 3395 1274 3447 pro
1300 3383 1509 3438 augendis

167 3447 261 3482 tam
300 3436 478 3482 dotibus
517 3450 649 3492 quam
688 3439 793 3481 ante
831 3438 1010 3493 nuptias
1050 3437 1364 3482 donationibus
1402 3438 1509 3482 feci—

168 3507 280 3548 muS,
310 3493 478 3537 intacta
506 3493 775 3548 illabataque
805 3497 1110 3538 conservetur·
1151 3493 1354 3539 omnibus
1391 3493 1510 3538 vide·

169 3549 285 3603 licet,
316 3561 429 3605 quae
460 3548 513 3592 de
534 3549 807 3604 simplicibus
830 3548 1143 3594 donationibus
1164 3550 1282 3593 inter
1306 3549 1511 3593 maritum

171 3607 217 3649 et
267 3617 450 3649 uxorem
504 3610 735 3649 constante
781 3605 1060 3651 matrimonio
1103 3605 1174 3650 vel
1219 3618 1247 3648 a
1289 3606 1511 3649 veteribus

170 3660 239 3704 vel
288 3673 317 3704 a
369 3661 498 3705 nobis
550 3665 717 3705 statuta
767 3665 891 3717 sunt,
944 3662 991 3706 in
1044 3675 1126 3706 suo
1174 3661 1333 3706 robore
1377 3661 1512 3705 dura-

171 3716 295 3760 turis.
1149 3721 1204 3771 [a.
1241 3720 1374 3760 531
1380 3719 1472 3761 533
1476 3717 1511 3770 ⁹]

756 3833 868 3880 IIII.
877 3832 912 3856 ¹⁰

665 3912 742 3953 DE
772 3913 1010 3954 NUPTIIS.

229 3993 252 4041 1
291 3992 437 4059 ΙηιΡΡ
472 3992 664 4038 Severus
696 3997 742 4038 et
766 3994 1022 4038 Antoninus
1049 3994 1141 4039 AA.
1174 3993 1339 4040 Potito.
1401 3994 1513 4038 Cum

172 4051 226 4095 de
268 4056 434 4106 nuptus
478 4049 649 4114 puellae
685 4050 911 4105 quaeritur
951 4062 1034 4095 nec
1075 4050 1192 4095 inter
1232 4055 1423 4095 tutorem
1469 4055 1515 4094 et

172 4109 354 4150 matrem
406 4110 450 4150 et
492 4105 763 4161 propinquos
815 4104 870 4149 de
914 4105 1111 4161 eligendo
1155 4105 1305 4150 futuro
1350 4107 1512 4150 marito

173 4249 224 4300 (1)
253 4251 313 4289 sie
344 4246 386 4298 C,
417 4246 577 4287 maritis
607 4246 665 4287 M
767 4247 824 4298 (2)
853 4258 958 4298 quae
987 4258 1028 4298 q.
1056 4258 1094 4286 a.
1116 4247 1244 4299 possit
1269 4245 1310 4295 0,
1341 4247 1443 4298 quia
1475 4259 1513 4299 q.

172 4314 208 4342 a.
238 4306 409 4356 possunt
436 4303 495 4344 M
607 4302 663 4354 (3)
695 4314 741 4342 ea
770 4301 831 4354 M,
865 4317 935 4342 om.
971 4300 1007 4343 0
1121 4303 1176 4355 (4)
1204 4305 1264 4344 sic
1291 4302 1346 4352 N,
1378 4302 1509 4343 datio

173 4370 250 4422 nes·
275 4357 310 4399 G
447 4359 503 4410 (5)
534 4362 708 4410 5,14,9
852 4357 907 4411 (6)
939 4359 978 4405 5,
1008 4365 1063 4408 14,
1092 4366 1133 4400 ιο
1269 4359 1324 4410 (ι)
1356 4359 1417 4399 sic
1451 4357 1513 4411 M,

173 4412 338 4456 maioris
370 4414 497 4468 G,cf.
513 4417 552 4466 5,
568 4423 678 4466 14,1o
764 4412 821 4465 (s)
852 4429 885 4454 c.
903 4421 942 4455 ιο
966 4413 1202 4467 1ι.ε.(ιι)
1232 4415 1336 4455 hanc
1365 4415 1512 4455 consti·

174 4470 354 4512 tutionem
385 4473 463 4511 iam
491 4486 595 4511 anno
612 4479 678 4512 533
705 4471 884 4511 emissam
903 4470 1038 4521 fuzsse
1063 4470 1243 4510 indicant
1263 4469 1361 4511 Inst.
1379 4471 1419 4522 2,
1441 4479 1474 4520 7,
1493 4478 1512 4511 3

174 4525 393 4577 (10)Β28,
411 4535 444 4577 4,
460 4533 504 4568 25
526 4541 634 4579 seqq.
652 4549 706 4556 —
726 4524 786 4578 Cf
806 4525 904 4579 Diq.
923 4525 989 4574 23,
1007 4533 1027 4565 2
1061 4525 1157 4565 Inse.
1184 4520 1214 4576 l,
1233 4535 1271 4566 10
1348 4526 1421 4575 (11)
1443 4541 1475 4566 c.
1491 4535 1509 4566 3

174 4580 367 4622 collocari
395 4582 532 4622 debuit
560 4590 651 4622 ante
681 4597 711 4622 c.
748 4591 759 4622 1
847 4583 920 4632 (12)
952 4592 1055 4631 quae
1085 4580 1154 4632 PU,
1184 4581 1282 4632 quia
1314 4580 1400 4622 P‘C
1427 4597 1510 4622 eum

178 4636 263 4675 ΒΣ
283 4637 337 4687 (κ.
352 4638 417 4687 π.)
536 4639 610 4690 (13)
637 4638 772 4690 prisco
803 4638 897 4677 libri
1017 4635 1090 4687 (14)
1121 4638 1180 4678 sic
1208 4638 1299 4677 dett.
1334 4651 1421 4676 cum
1453 4637 1510 4686 B,

1512 156 1607 216 195

2725 164 2922 220 v3.4

1595 313 1818 367 convenit,
1849 311 2081 360 arbitrium
2108 314 2324 368 praesidis
2354 314 2606 371 provinciae
2634 318 2927 363 necessarium

1594 374 1674 414 est.
1720 369 1775 414 D.
1794 383 1897 414 non.
1916 368 2025 414 Mai.
2041 368 2256 414 Anullino
2273 375 2318 414 et
2331 371 2565 418 Frontone
2579 387 2722 419 conss.
2755 378 2811 428 [a.
2833 378 2927 427 199]

1651 423 1682 471 2
1713 424 1838 470 Idem
1873 426 1965 470 AA.
2009 424 2288 490 Propfiimae.
2358 427 2405 470 Si
2446 429 2610 484 nuptiis
2653 434 2781 487 pater
2822 434 2928 474 tuus

1597 481 1838 536 consensit,
1879 480 1990 525 nihil
2018 481 2184 536 oberit,
2227 482 2344 538 quod
2372 483 2662 530 instrumento
2693 485 2750 528 ad
2778 486 2929 528 matri-

1592 538 1786 581 monium
1814 537 2053 594 pertinenti
2082 550 2172 581 ιιοιι
2202 538 2475 594 subscripsit.

1651 590 1681 639 3
1718 592 1878 637 ¹¹Idem
1908 594 2000 637 AA.
2044 592 2261 637 Valeriae
2320 594 2564 648 Libertum,
2595 596 2672 651 qui
2697 599 2928 650 patronam

1594 660 1673 691 seu
1701 649 1880 703 patroni
1907 648 2044 692 filiam
2072 649 2140 693 vel
2170 648 2400 705 coniugem
2427 650 2497 694 vel
2527 655 2703 707 neptem
2731 650 2800 692 vel
2828 662 2930 704 pro-

1594 708 1770 758 neptem
1810 717 1992 747 uxorem
2033 704 2195 749 ducere
2223 718 2359 750 ausus
2397 710 2488 759 est,
2530 719 2557 749 a
2589 705 2649 748 ud
2681 707 2932 758 competen-

1591 762 1681 801 tem
1733 758 1920 801 iudicem
1974 773 2187 804 accusare
2239 761 2404 826 poteris
2448 773 2647 804 monus
2688 763 2807 814 temp
2810 771 2933 802 orum

1592 826 1787 856 meorum
1831 818 2145 880 congruentem
2188 815 2452 859 sententiam
2495 815 2723 867 daturum,
2773 826 2886 869 quae
2902 816 2934 840 ¹²

1591 868 1845 912 huiusmodi
1883 870 2216 913 coniunctiones
2255 870 2432 913 odiosas
2472 882 2571 913 esse
2605 847 2761 912 meri’to
2799 869 2934 912 duxe-

1591 928 1711 968 runt.
1772 922 1841 967 Id
1868 922 1981 968 Nov.
2013 923 2193 968 Dextro
2225 936 2272 966 II
2297 929 2342 967 et
2368 923 2530 968 Prisco
2560 937 2706 968 conss.
2763 928 2819 977 [a.
2841 928 2935 976 196]

1649 978 1682 1026 4
1721 977 1836 1037 Imp.
1877 978 2143 1023 Alexander
2180 979 2231 1022 A.
2273 977 2516 1036 Perpetuo.
2584 979 2738 1023 Liberi
2773 992 2935 1024 concu-

1594 1036 1717 1080 binas
1748 1037 1982 1100 parentum
2019 1047 2203 1078 suorum
2231 1046 2392 1078 uxores
2423 1033 2585 1079 ducere
2614 1049 2705 1079 non
2734 1040 2936 1091 possunt,

1593 1092 1697 1148 quia
1749 1091 1896 1135 minus
1929 1089 2195 1156 religiosam
2248 1093 2293 1133 et
2339 1091 2613 1145 probabilem
2656 1105 2749 1135 rem
2789 1091 2938 1135 facere

1592 1147 1807 1192 videntur.
1867 1146 1943 1203 qui
1972 1147 2011 1190 si
2041 1150 2201 1191 contra
2228 1145 2315 1189 hoc
2343 1145 2554 1200 fecerint,
2596 1147 2761 1191 crimen
2794 1148 2938 1203 stupri

1595 1204 1885 1248 committunt.
1968 1214 2037 1246 ΙΙΙ
2084 1201 2143 1245 id.
2188 1201 2336 1260 April.
2380 1179 2590 1247 Modesto
2641 1209 2687 1248 et
2734 1202 2886 1247 Probo
2904 1205 2939 1230 ¹³

1594 1273 1738 1304 conss.
2751 1262 2808 1312 [a.
2837 1262 2936 1311 228]

1650 1314 1680 1361 5
1714 1314 1840 1359 Idem
1868 1314 1920 1358 A.
1944 1312 2192 1379 Maximae.
2217 1313 2297 1380 Si,
2322 1316 2375 1357 ut
2395 1313 2620 1370 proponis,
2644 1318 2774 1371 pater
2798 1328 2937 1381 quon-

1594 1371 1695 1414 dam
1736 1370 1884 1414 mariti
1929 1371 2015 1423 tui,
2068 1369 2114 1412 in
2159 1369 2284 1414 cuius
2322 1369 2411 1413 fuit
2452 1373 2696 1435 potestate,
2751 1384 2802 1415 co
2778 1371 2938 1415 onitis

1595 1427 1760 1483 nuptiis
1805 1426 1964 1471 vestris
2007 1439 2097 1470 non
2141 1425 2431 1478 contradixit,
2475 1426 2616 1470 vereri
2658 1439 2748 1470 non
2821 1427 2937 1480 ebes,

1594 1496 1648 1526 ne
1682 1488 1797 1527 otem
1828 1496 1954 1527 suum
1983 1495 2040 1526 ne
2068 1495 2159 1526 non
2187 1485 2414 1547 agnoscat.

1649 1497 1683 1586 g
1714 1538 1828 1604 Imp.
1863 1537 2123 1582 Gordianus
2149 1539 2201 1582 A.
2239 1537 2458 1583 Valeriae.
2503 1538 2616 1604 Etsi·
2634 1543 2789 1582 contra
2813 1552 2935 1582 man-

1594 1594 1699 1638 data
1736 1594 1986 1650 principum
2025 1597 2306 1638 contractum
2334 1594 2391 1638 sit
2419 1595 2466 1637 ιιι
2493 1594 2720 1650 provincia
2750 1608 2937 1639 consen-

1594 1650 1732 1694 tiente
1769 1650 1953 1693 muliere
1989 1649 2339 1702 matrimonium,
2376 1654 2525 1693 tamen
2557 1655 2661 1705 post
2690 1651 2938 1716 depositum

1595 1706 1790 1750 officium
1813 1706 1852 1750 si
1873 1706 1919 1748 in
1942 1705 2096 1749 eadem
2110 1705 2338 1749 voluntate
2359 1706 2766 1760 perseveraverit
2717 1708 2752 1733 ¹⁴
2794 1707 2938 1750 iustae

1594 1762 1778 1816 nuptiae
1808 1760 2087 1804 efficiuntur:
2127 1764 2171 1804 et
2197 1760 2298 1804 ideo
2327 1765 2498 1826 postea
2515 1760 2677 1805 liberos
2707 1766 2937 1818 susceptos

1593 1820 1812 1881 natosque
1842 1828 1896 1859 ex
1924 1815 2041 1859 iusto
2073 1815 2348 1860 matrimonio
2379 1816 2596 1871 legitimos
2630 1829 2726 1860 esse
2753 1830 2939 1888 respon-

1593 1885 1692 1916 sum
1720 1872 1802 1915 viri
1830 1871 2165 1927 prudentissimi
2185 1871 2364 1915 Pau11²⁵
2393 1872 2606 1916 declarat.
2651 1884 2733 1917 XII
2754 1872 2797 1917 lc.
2817 1875 2939 1932 Sept.

1597 1927 1830 1971 Gordiano
1860 1927 1911 1971 A.
1944 1932 1989 1972 et
2016 1928 2179 1971 Aviola
2209 1941 2354 1971 conss.
2751 1932 2808 1981 [a.
2840 1932 2938 1981 239]

1651 1981 1681 2029 7
1714 1981 1841 2027 Idem
1870 1985 1923 2028 A.
1953 1984 2094 2048 Apro.
2142 1983 2203 2036 Si,
2233 1986 2285 2027 ut
2311 1983 2539 2040 proponis,
2568 1987 2672 2040 post
2700 1985 2940 2050 querellam

1594 2039 1648 2084 de
1676 2039 1835 2084 marito
1865 2052 1893 2083 a
1922 2038 2014 2083 filia
2035 2039 2093 2083 ad
2117 2044 2162 2083 te
2184 2016 2377 2083 delatam
2400 2039 2685 2084 dissociatum
2708 2045 2774 2085 est
2790 2042 2939 2085 matri-

1593 2096 1787 2140 ιιιοιιιιιιιι
1816 2108 1900 2140 nec
1926 2099 1972 2140 te
2004 2095 2307 2140 consentiente
2339 2096 2396 2140 ad
2421 2095 2608 2140 eundem
2631 2109 2833 2152 regressa
2857 2102 2937 2151 est,

1594 2152 1739 2196 minus
1779 2152 1974 2207 legitima
2005 2152 2257 2196 coniunctio
2288 2156 2358 2196 est
2388 2157 2589 2196 cessante
2617 2153 2759 2209 patris
2787 2153 2939 2196 volun-

1593 2213 1700 2263 tate,
1739 2208 1786 2251 in
1826 2208 1952 2252 cuius
1983 2214 2051 2252 est
2080 2212 2324 2264 potestate:
2368 2209 2500 2263 a'tque
2538 2208 2639 2253 ideo
2668 2222 2758 2253 non
2787 2209 2935 2265 paeni

1594 2268 1715 2308 tente
1741 2263 1836 2307 filia
1864 2264 2124 2320 petitionem
2155 2264 2270 2308 dotis
2286 2265 2319 2291 ¹⁰
2341 2269 2541 2321 repetere
2563 2278 2653 2309 non
2674 2266 2935 2322 prohiberis.

1594 2319 1688 2364 PP.
1721 2331 1814 2363 1111
1837 2319 1881 2363 lc.
1905 2319 2020 2365 Nov.
2052 2318 2223 2364 Sabino
2253 2325 2299 2364 et
2323 2319 2521 2364 Venusto
2553 2334 2696 2365 conss.
2757 2325 2814 2374 [a.
2841 2325 2938 2373 240]

1653 2372 1683 2423 8
1715 2374 1842 2419 Idem
1880 2376 1933 2420 A.
1971 2376 2192 2420 Romano.
2260 2375 2313 2419 In
2354 2376 2615 2431 copulandis
2653 2377 2820 2432 nuptiis
2858 2389 2940 2420 nec

1596 2430 1839 2486 curatoris,
1882 2431 1960 2487 qui
1998 2432 2137 2475 solam
2176 2431 2240 2475 rei
2277 2430 2505 2475 familiaris
2536 2433 2726 2476 sustinet
2754 2432 2938 2476 admini-

1595 2466 1870 2541 strationem,
1900 2499 1983 2531 nec
2015 2492 2302 2552 cognatorum
2323 2487 2393 2531 vel
2422 2487 2633 2531 adfinium
2662 2488 2754 2532 ulla
2782 2493 2937 2532 aucto-

1594 2544 1704 2587 ritas
1733 2545 1884 2599 potest
1910 2543 2197 2595 intervenire,
2238 2542 2316 2587 sed
2355 2543 2599 2599 spectanda
2638 2549 2705 2588 est
2738 2545 2832 2589 eius
2861 2557 2937 2588 vo-

1594 2600 1767 2652 luntas,
1813 2599 1867 2644 de
1911 2599 2037 2643 cuius
2082 2599 2394 2643 coniunctione
2436 2604 2671 2643 tractatur.
2738 2599 2794 2644 D.
2833 2612 2863 2643 V
2893 2599 2935 2643 lc.

1594 2655 1732 2700 Mart.
1766 2653 1999 2699 Gordiano
2028 2654 2081 2699 A.
2113 2667 2161 2698 Π
2186 2661 2233 2700 et
2246 2654 2527 2721 Pompeiano
2557 2669 2702 2722 conss.
2758 2660 2816 2709 [a.
2840 2659 2937 2707 241]

1652 2709 1683 2758 9
1716 2709 1830 2777 Imp.
1861 2709 2043 2755 Probus
2069 2710 2123 2755 A.
2154 2710 2423 2755 Fortunato.
2483 2710 2530 2754 Si
2558 2711 2713 2755 vicinis
2742 2712 2811 2756 vel
2843 2711 2939 2755 aliis

1594 2767 1838 2812 scientibus
1877 2779 2061 2810 uxorem
2099 2766 2337 2811 liberorum
2374 2768 2751 2832 procreandorum
2802 2779 2938 2811 causa

1596 2823 1713 2866 domi
1755 2823 1952 2866 habuisti
1997 2827 2041 2866 et
2083 2835 2138 2866 ex
2182 2835 2234 2866 eo
2278 2823 2555 2868 matrimonio
2599 2822 2692 2867 filia
2730 2828 2940 2879 suscepta

1596 2884 1676 2931 est,
1708 2879 1906 2934 quamvis
1937 2891 2080 2934 neque
2095 2878 2314 2934 nuptiales
2338 2878 2518 2923 tabulae
2543 2891 2684 2935 neque
2707 2879 2765 2922 ad
2788 2886 2938 2923 natam

1593 2934 1731 2978 filiam
1767 2935 2039 3001 pertinentes
2069 2935 2215 2978 factae
2244 2936 2370 2988 sunt,
2406 2948 2496 2978 non
2525 2935 2623 2979 ideo
2653 2935 2797 2979 minus
2829 2935 2938 2979 veri—

1594 2996 1665 3035 tas
1710 2991 1976 3035 matrimonii
2020 2995 2098 3034 aut
2141 2993 2376 3047 susceptae
2418 2990 2536 3034 filiae
2581 3003 2706 3034 suam
2722 2991 2756 3018 ¹⁷
2806 2992 2940 3035 habet

1632 3052 1878 3092 otestatem.

1597 3061 1627 3103 p
1654 3101 1718 3151 10
1751 3102 1821 3147 Im
1779 3117 1899 3162 ηιμ
1931 3101 2244 3147 Diocletianus
2280 3107 2326 3146 et
2351 3101 2665 3146 Maximianus
2692 3102 2785 3146 AA.
2817 3100 2936 3146 Pau-

1595 3159 1727 3203 linae.
1837 3173 1910 3202 um
1948 3163 1994 3201 te
2031 3171 2121 3202 non
2160 3170 2215 3201 ex
2253 3162 2457 3201 senatore
2494 3159 2623 3213 patre
2658 3159 2936 3213 procreatam

1595 3215 1651 3260 ob
1692 3214 2016 3259 matrimonium
2056 3226 2156 3257 cum
2194 3217 2399 3257 senatore
2437 3217 2715 3257 contractum
2746 3213 2937 3258 clarissi-

1593 3283 1691 3314 mae
1728 3270 1916 3313 feminae
1953 3282 2115 3313 nomen
2150 3268 2356 3324 adeptam
2396 3268 2539 3322 dicas,
2582 3269 2784 3322 claritas,
2853 3282 2938 3313 uae

1594 3325 1809 3370 beneficio
1848 3324 1995 3369 mariti
2031 3324 2115 3368 tibi
2151 3329 2311 3380 parata
2350 3329 2438 3378 est,
2480 3324 2520 3368 si
2558 3325 2741 3369 secundi
2774 3338 2825 3369 or
2857 3325 2938 3368 nis

1593 3382 1734 3426 virum
1764 3386 1923 3437 postea
1952 3380 2110 3424 sortita
2139 3393 2186 3424 es
2215 3380 2398 3424 redacta
2426 3380 2484 3424 ad
2510 3381 2674 3437 prioris
2714 3380 2938 3437 dignitatis

1595 3442 1773 3489 statum,
1805 3436 2009 3492 deposita
2039 3439 2117 3479 est.

1652 3491 1711 3538 11
1749 3469 1874 3536 Idem
1896 3492 1990 3535 AA.
2010 3491 2292 3536 Alexandro.
2340 3491 2387 3535 Si
2414 3491 2553 3536 invita
2582 3492 2802 3537 detinetur
2826 3506 2939 3538 uxor

1595 3553 1673 3591 tua
1704 3561 1730 3591 a
1760 3548 2020 3603 parentibus
2050 3548 2154 3602 suis,
2184 3547 2492 3603 interpellatus
2514 3553 2664 3593 rector
2685 3549 2938 3605 provinciae

1596 3604 1763 3647 amicus
1793 3608 1944 3647 noster
1973 3603 2168 3647 exhibita
2197 3604 2375 3649 muliere
2396 3604 2666 3649 voluntatem
2690 3606 2783 3648 eius
2812 3617 2936 3649 secu-

1595 3665 1667 3703 tus
1698 3658 1914 3703 desiderio
1945 3663 2022 3703 tuo
2053 3659 2312 3703 medebitur.

1653 3712 1719 3761 12
1755 3713 1917 3758 ¹⁸Idem
1944 3715 2037 3758 AA.
2070 3713 2253 3760 Sabino.
2321 3715 2391 3759 Ne
2428 3714 2567 3759 filium
2633 3715 2778 3759 uidem
2807 3715 2933 3759 fami-

1595 3771 1678 3814 lias
1706 3770 1891 3814 invitum
1921 3769 1979 3814 ad
2008 3770 2254 3815 ducendam
2284 3784 2466 3815 uxorem
2488 3785 2594 3837 cogi
2580 3730 2766 3826 ¹legum
2805 3771 2934 3815 disci-

1595 3827 1716 3892 plina
1759 3826 1986 3892 permittit.
2058 3826 2207 3882 igitur,
2253 3828 2370 3872 sicut
2407 3826 2653 3879 desideras,
2693 3827 2934 3871 observatis

1594 3882 1704 3927 iuris
1742 3881 1995 3947 praeceptis
2030 3883 2202 3927 sociare
2242 3882 2441 3947 coniugio
2478 3886 2556 3926 tuo
2588 3895 2717 3937 quam
2745 3882 2935 3926 volueris

1596 3951 1686 3982 non
1713 3937 1952 3992 impediris,
1982 3937 2046 3982 ita
2073 3941 2234 3994 tamen,
2275 3942 2326 3983 ut
2353 3939 2399 3981 ιιι
2428 3937 2739 3983 contrahendis
2767 3937 2934 3993 nuptiis

1595 3994 1736 4058 patris
1764 3993 1832 4037 tui
1862 4005 2102 4039 consensus
2131 3994 2328 4039 accedat.
2387 3993 2443 4037 D.
2474 4007 2578 4038 non.
2611 3993 2724 4037 Nov.
2755 3991 2932 4037 Diocle-

1599 4050 1723 4093 tiano
1752 4049 1804 4093 A.
1836 4060 1883 4092 11
1908 4054 1954 4093 et
1979 4049 2240 4094 Aristobulo
2271 4063 2412 4094 conss,
2745 4051 2802 4101 [a.
2834 4051 2931 4101 285]

1654 4094 1719 4151 13
1751 4103 1876 4149 Idem
1906 4105 1998 4148 AA.
2030 4109 2076 4150 et
2105 4104 2185 4151 CC.
2219 4104 2437 4151 Onesimo.
2496 4103 2652 4159 Neque
2688 4103 2784 4148 sine
2819 4116 2933 4159 nup·

1591 4246 1956 4299 perseveraverunt
1973 4244 2060 4298 Po,
2088 4248 2138 4299 cf
2157 4246 2256 4300 Diy.
2276 4247 2342 4295 23,
2360 4253 2393 4294 2,
2413 4252 2499 4294 65,1
2590 4244 2663 4293 (15)
2694 4243 2793 4294 Βὶ9.
2812 4241 2879 4290 23,
2897 4248 2931 4288 2,

1595 4310 1691 4348 55,1
1778 4301 1854 4348 (16)
1883 4301 1943 4341 sic
1966 4316 1994 4350 p
2021 4309 2058 4342 et
2083 4304 2227 4343 omisso
2255 4314 2337 4340 non
2354 4301 2442 4340 ΒΣ
2465 4301 2517 4348 (κ.
2546 4302 2624 4348 π.),
2655 4310 2740 4337 ιιοιι
2769 4296 2932 4348 petente

1596 4356 1683 4397 filia
1711 4355 1951 4408 petitionem
1978 4357 2086 4397 dotis
2102 4356 2145 4409 0,
2175 4370 2259 4397 non
2275 4355 2480 4396 renitente
2501 4353 2589 4394 filia
2609 4354 2803 4407 petitioni
2826 4353 2933 4394 dotis

1602 4413 1789 4453 Cuiacius
1916 4413 1990 4464 (17)
2019 4426 2134 4454 suam
2166 4412 2209 4464 C,
2239 4423 2336 4451 suae
2370 4410 2407 4450 P
2531 4411 2605 4460 (18)
2641 4409 2675 4450 C
2702 4412 2805 4451 inter
2833 4419 2930 4452 c.11

1597 4477 1632 4509 et
1662 4476 1715 4518 12,
1756 4467 1835 4508 alti
1871 4468 1953 4510 alio
1992 4469 2076 4510 loco
2118 4470 2224 4510 hanc
2256 4467 2566 4509 constimtionem
2606 4466 2785 4506 addunt:
2825 4465 2930 4519 Imp.

1595 4522 1841 4564 Valerianus
1868 4522 1964 4575 (val.
1985 4523 2033 4575 C)
2064 4525 2112 4566 A.
2128 4524 2277 4564 Probo.
2324 4520 2405 4562 Ubi
2434 4521 2539 4561 iuris
2567 4520 2790 4560 auctoritas
2815 4521 2931 4570 desit,

1594 4578 1653 4618 ibi
1691 4578 1853 4620 nullum
1890 4569 2199 4620 matrimonium
2239 4577 2370 4618 videri
2418 4579 2673 4617 contractum
2710 4587 2829 4629 saepe
2866 4588 2929 4618 re-

1593 4633 1790 4686 scriptum
1807 4638 1879 4677 est.
1904 4651 2022 4688 qtcam
2040 4638 2154 4676 lzuzffius·
2168 4635 2325 4677 Codzcis
2341 4648 2417 4673 non
2434 4647 2516 4673 esse
2533 4648 2581 4673 ex
2596 4632 2764 4673 Graecis
2776 4641 2930 4674 constat

2507 4702 2592 4743 25*
