3054 4796
162 164 235 204 DE
268 162 720 202 TESTAMENTARIA
756 157 1170 202 MANUMISSIONE

159 306 332 360 tempus
378 302 569 348 libertati
606 316 696 348 non
733 313 892 347 nocere
933 305 1102 346 certum
1138 307 1227 349 est:
1268 318 1350 351 nec
1380 306 1496 351 enim

156 363 355 416 potestas
383 359 514 412 iuris,
553 359 631 404 sed
669 357 818 403 iudicii
852 357 1171 405 consideratur.
1230 360 1492 421 Proposita.

215 413 246 461 2
289 413 415 460 Idem
458 415 550 462 ΑΛ.
597 413 784 460 Phileto.
865 415 934 458 Ex
987 418 1249 462 testamento
1296 419 1494 463 defuncti

156 470 383 516 libertates
408 472 627 528 praestari
649 484 739 515 non
761 474 951 527 possunt
978 471 1221 518 hereditate
1244 487 1334 518 non
1358 475 1492 531 adita,

157 527 225 571 vel
263 527 300 572 si
335 527 400 572 rei
436 528 647 573 memoria
684 529 866 584 propter
896 527 1061 572 crimen
1090 529 1207 585 quod
1234 534 1375 576 morte
1404 544 1492 575 non

154 583 381 628 intercidit
409 583 616 628 damnata
644 588 725 628 est.

214 636 244 687 3
275 638 400 684 Idem
438 641 529 684 AA.
571 638 916 698 Euphrosynae.
987 638 1191 686 Libertas
1227 644 1491 686 testamento

156 695 262 740 data
294 695 415 740 adita
445 695 688 740 hereditate
718 695 945 750 contingit,
978 700 1022 739 et
1050 697 1114 740 si¹
1143 697 1274 742 heres
1300 698 1491 754 scriptus

154 765 235 809 per
261 752 308 796 in
335 753 551 808 integrum
580 750 903 796 restitutionem
942 752 1206 796 abstinuerit
1232 753 1489 808 hereditate,

154 808 264 852 nihil
301 821 355 853 ea
391 820 462 853 res
497 807 693 854 libertati
729 807 869 852 obest.
930 807 974 851 S.
1009 820 1123 851 XVII
1149 809 1190 852 lc.
1222 809 1331 854 Mai.
1362 810 1490 868 Apro

154 870 199 909 et
225 862 433 910 Maximo
463 877 605 909 conss.
1302 869 1360 917 [a.
1393 869 1489 918 207]

211 919 243 967 4
273 918 397 965 Idem
421 921 535 964 AA2
555 919 776 964 Aneleilao
789 921 816 963 ³.
865 919 972 964 Cum
995 923 1259 966 testamento
1276 921 1491 966 directam

152 976 401 1021 libertatem
443 978 571 1032 pater
614 980 718 1020 tuus
764 977 823 1020 sit
867 982 1154 1034 consecutus,
1210 979 1406 1034 quamvis
1451 977 1492 1020 ei

151 1033 281 1078 heres
311 1032 520 1083 extiteris,
551 1030 718 1076 frustra
741 1035 903 1086 tamen,
933 1034 1128 1078 rationes
1156 1048 1265 1091 quas
1293 1039 1490 1090 tempore

152 1086 377 1133 servitutis
405 1088 541 1144 gessit
569 1092 620 1131 ut
648 1088 823 1141 reddas,
855 1090 1145 1146 compelleris,
1189 1103 1288 1134 cum
1317 1103 1407 1134 non
1438 1101 1490 1133 ea

155 1149 172 1188 1
236 1143 494 1189 condicione
530 1146 754 1201 acceperit
790 1146 1056 1190 libert-atem.
1123 1146 1167 1190 Is
1207 1149 1374 1200 autem,
1418 1146 1488 1189 cui

150 1200 332 1245 libertas
361 1200 452 1244 sive
481 1199 885 1246 fideicommissaria
920 1203 1010 1246 sive
1047 1202 1235 1256 directa,
1275 1203 1314 1246 si
1353 1202 1488 1246 ratio-

149 1269 229 1302 nes
258 1255 534 1309 reddidisset,
565 1257 721 1301 relicta
750 1263 829 1312 est,
860 1263 965 1302 ante
994 1259 1164 1314 reliqua
1193 1259 1320 1303 illata
1349 1264 1393 1302 et
1422 1271 1486 1312 ea,

148 1325 263 1368 quae
300 1312 415 1357 malo
457 1313 639 1357 consilio
681 1318 829 1358 amota
867 1320 991 1366 sunt,
1031 1315 1088 1358 ad
1121 1316 1370 1359 libertatem
1399 1328 1489 1358 non

147 1370 298 1424 potest
323 1369 576 1425 pervenire:
619 1370 688 1413 sin
719 1375 867 1415 autem
896 1383 986 1415 non
1018 1370 1191 1415 debitor
1220 1384 1275 1415 ex
1304 1371 1487 1415 rationi-

147 1425 232 1470 bus
272 1423 407 1468 fuerit
444 1430 666 1482 repertus,
707 1431 810 1482 post
848 1427 1014 1470 aditam
1042 1427 1332 1471 hereditatem
1362 1427 1490 1482 quasi

146 1493 304 1580 {uram
327 1481 577 1526 libertatem
603 1484 899 1539 consequitur.
946 1482 1194 1541 Proposita
1218 1495 1287 1526 VJ]
1315 1483 1357 1526 lc.
1380 1482 1485 1527 Dee.

186 1542 289 1582 aeto
319 1548 364 1581 11
390 1544 435 1582 et
466 1536 643 1583 Cereale
673 1552 814 1583 conss.
1299 1543 1354 1591 [a.
1388 1542 1486 1590 215]

201 1591 230 1639 5
263 1591 377 1652 Imp.
405 1593 669 1639 Alexander
696 1595 748 1639 A.
779 1593 1036 1648 Quintiano.
1083 1594 1135 1636 In
1157 1594 1359 1639 fraudem
1391 1608 1485 1638 cre-

146 1647 336 1693 ditorum
373 1652 637 1695 testamento
677 1650 807 1694 datae
846 1650 1096 1701 libertates,
1135 1651 1333 1705 quamvis
1364 1650 1485 1694 debi-

144 1704 232 1749 tori
254 1704 383 1750 heres
411 1706 484 1761 qui
507 1705 715 1750 solvendo
740 1709 808 1750 est
830 1705 1036 1757 extiterit,
1062 1718 1143 1761 per
1158 1706 1298 1761 legem
1312 1706 1486 1750 Aeliam

144 1760 340 1805 Sentiam
368 1773 459 1805 non
487 1761 648 1805 valent.

200 1814 231 1863 6
275 1815 389 1875 Imp.
437 1814 695 1860 Gordianus
738 1817 788 1859 A.
835 1814 1093 1860 Pisistrato.
1168 1816 1214 1859 Si
1260 1817 1484 1860 hereditas

142 1872 259 1927 eius,
299 1884 327 1915 a
395 1885 451 1915 uo
491 1875 755 1915 testamento
795 1871 904 1916 dicis
941 1876 986 1915 te
1023 1884 1120 1916 esse
1150 1872 1482 1925 manumissum,

139 1927 197 1971 ob
235 1938 312 1971 aes
351 1938 379 1970 a
400 1927 545 1971 'enum
581 1928 806 1983 spernitur
836 1928 892 1971 ab
923 1927 1182 1983 heredibus,
1219 1940 1482 1972 conservan-

139 1982 222 2026 dae
260 1981 480 2027 libertatis
517 1984 688 2037 gratia⁴
727 1996 816 2027 non
856 1983 1023 2027 iniusta
1067 1984 1239 2028 ratione
1293 1983 1482 2028 credito-

136 2038 258 2083 ribus
296 2038 574 2084 hereditariis
613 2039 722 2084 satis
763 2040 950 2084 offerens
994 2039 1207 2084 iudicium
1256 2041 1482 2084 testatoris

137 2094 304 2139 servari
332 2094 444 2140 tibi⁵
472 2095 734 2152 postulabis,
765 2096 952 2140 maxime
979 2110 1079 2141 cum
1102 2096 1148 2140 id
1175 2097 1306 2141 etiam
1332 2109 1360 2140 a
1384 2096 1481 2140 divo

137 2151 293 2196 Marco
325 2152 651 2197 consultissimo
675 2153 877 2210 principe
903 2153 962 2197 sit
988 2154 1275 2197 constitutum
1292 2154 1330 2196 ⁶:
1364 2153 1482 2209 quod

137 2207 184 2251 in
214 2209 426 2252 extranea
455 2221 628 2264 quoque
657 2221 849 2265 persona
880 2209 1104 2254 observari
1135 2214 1326 2266 oportet.

195 2260 223 2309 7
257 2261 383 2309 Idem
411 2265 462 2308 A.
495 2263 662 2309 Iustae.
710 2265 876 2309 Contra
901 2266 1170 2310 voluntatem
1195 2267 1349 2310 matris
1375 2271 1482 2310 tuae

136 2319 385 2364 libertatem
421 2320 470 2364 in
507 2332 607 2364 eum
646 2321 868 2375 conferre,
903 2335 1032 2378 quem
1060 2323 1137 2366 illa
1165 2322 1356 2366 liberum
1384 2322 1482 2367 fieri

167 2375 377 2430 rohibuit,
403 2389 494 2421 non
517 2376 665 2430 debes,
691 2390 747 2422 ne
761 2377 948 2422 videaris
973 2379 1073 2422 iura
1095 2379 1274 2435 pietatis
1297 2379 1477 2423 violare.

178 2431 230 2477 P.
262 2443 300 2476 Χ
323 2430 367 2477 lc.
394 2431 523 2477 Febr.
558 2432 727 2478 Sabino
755 2445 800 2477 ΙΙ
827 2441 871 2479 et
896 2433 1092 2479 Venusto
1119 2448 1263 2479 conss.
1307 2439 1360 2488 [a.
1379 2438 1478 2488 240]

194 2485 224 2536 8
265 2486 380 2547 Imp.
421 2487 663 2554 Philippus
705 2491 756 2534 A.
803 2497 848 2534 et
889 2489 1132 2549 Philippus
1178 2491 1219 2535 G.
1269 2489 1477 2536 Gemella.

136 2544 246 2588 Cum
284 2547 473 2590 testator
511 2545 762 2591 hbertatem
791 2549 987 2603 tempore
1016 2547 1271 2604 nuptiarum
1299 2547 1380 2591 filii
1411 2547 1480 2592 sui

133 2601 201 2644 vel
229 2600 347 2646 filiae
375 2613 500 2646 servo
531 2601 627 2646 dari
655 2602 807 2657 iussit,
845 2616 936 2650 non
973 2607 1148 2660 tempus
1183 2604 1479 2661 praestandae

133 2657 330 2702 libertati
369 2658 627 2714 praestituit
639 2659 668 2713 ⁷,
721 2658 798 2704 sed
847 2659 997 2716 potius
1043 2659 1292 2704 condicioni
1332 2661 1478 2710 locum

133 2713 262 2767 fecit,
302 2717 354 2758 ut
392 2726 482 2758 non
518 2715 731 2759 insecutis
771 2715 936 2772 nuptiis
975 2716 1157 2760 libertas
1187 2716 1315 2760 iure⁸
1352 2717 1479 2772 posci

133 2783 223 2814 non
283 2769 405 2815 ossit.
599 2776 602 2778 ’

190 2823 221 2874 9
249 2784 363 2884 pImp
390 2840 441 2884 p.
485 2824 628 2870 Carus
671 2825 862 2872 Carinus
908 2833 953 2872 et
997 2826 1303 2872 Numerianus
1340 2828 1474 2872 AAA.

131 2880 312 2927 Mauro.
357 2839 490 2927 §ervo
520 2884 599 2927 tuo
627 2882 877 2937 defunctus,
908 2883 1013 2929 licet
1035 2887 1081 2928 te
1103 2883 1311 2929 heredem
1335 2885 1476 2941 scrip-

131 2938 243 2984 sisse
279 2942 578 3006 proponatur,
625 2940 774 2984 tamen
817 2940 1030 2984 directam
1072 2940 1324 2985 libertatem
1369 2941 1476 2985 dare

130 3007 220 3040 non
280 2996 414 3040 otuit:
451 2995 550 3040 iure
579 2997 694 3040 enim
724 2995 892 3042 directo
921 2996 1172 3043 libertatem
1201 2997 1339 3042 servis
1368 2998 1473 3041 alie-

130 3051 199 3096 nis
272 3064 348 3096 are
386 3063 517 3096 nemo
561 3055 726 3108 potest.
796 3051 891 3097 ΡΡ.
932 3065 981 3097 VJ
1017 3053 1077 3097 id.
1119 3053 1232 3099 Nov.
1275 3051 1391 3098 Caro
1433 3059 1478 3099 et

134 3106 298 3152 Carino
330 3120 475 3152 conss.
1281 3110 1339 3167 [a.
1372 3114 1470 3163 283]

190 3160 254 3209 10
285 3161 434 3221 Impp.
462 3162 775 3208 Diocletianus
796 3169 842 3208 et
864 3163 1179 3210 Maximianus
1203 3166 1295 3210 AA.
1327 3171 1372 3210 et
1393 3165 1471 3210 CC.

134 3215 370 3262 Germano.
409 3218 602 3265 Directis
628 3219 772 3263 verbis
796 3220 892 3263 iure
918 3220 1023 3264 data
1043 3220 1249 3266 libertate
1264 3235 1355 3266 non
1377 3223 1474 3267 sola

130 3273 828 3376 {ffipssiiiii{eoffliififfisoedffissir‘ti
853 3276 1337 3385 &iiiffiffli’tssssmflti‘
1364 3277 1472 3386 ³533?

633 3364 643 3384 ,
1214 3366 1224 3374 .
1333 3368 1341 3376 .

189 3343 248 3434 fi
303 3385 467 3431 ¹⁰Idem
501 3388 593 3431 AA.
637 3391 684 3431 et
721 3386 798 3432 CC.
840 3386 1082 3432 Laurinae.
1152 3387 1200 3432 Si
1242 3388 1339 3432 iure
1381 3403 1472 3434 non

130 3441 331 3488 substitit
371 3447 706 3496 testamentum,
750 3443 796 3487 in
834 3443 921 3487 hoc
964 3456 1047 3488 nec
1087 3444 1316 3488 libertates
1355 3447 1471 3498 (cum

130 3512 219 3544 non
247 3498 385 3544 fuisse
413 3499 635 3554 additum,
673 3504 724 3543 ut
752 3512 834 3556 pro
866 3499 1078 3549 codicillis
1109 3501 1325 3556 scriptum
1352 3501 1468 3546 vale-

128 3559 212 3612 ret,
228 3559 470 3620 proponas)
493 3560 615 3600 recte
641 3555 769 3600 datas
795 3556 1030 3602 constabit.
1076 3555 1169 3600 ΡΡ.
1186 3556 1267 3601 sub
1295 3556 1365 3601 die
1381 3570 1475 3602 XVI

129 3610 172 3655 Ic.
203 3612 350 3670 April.
382 3610 521 3656 Sirmi
548 3613 641 3656 AA.
674 3614 855 3657 eonss.¹¹
1282 3617 1337 3665 [a.
1371 3616 1468 3666 293]

187 3665 252 3714 12
283 3666 408 3712 Idem
432 3668 524 3712 ΑΛ.
555 3673 601 3713 et
624 3667 702 3713 CC.
728 3666 890 3712 Rhizo.
939 3668 986 3713 Si
1010 3668 1193 3713 heredes
1223 3669 1319 3712 iure
1347 3668 1468 3714 facto

129 3727 395 3771 testamento
412 3723 682 3770 sollemniter
704 3724 895 3769 adierint
919 3725 1224 3778 hereditatem,
1253 3738 1307 3769 ex
1332 3729 1466 3769 testa-

128 3785 276 3824 mento
319 3780 403 3824 tibi
437 3780 622 3825 libertas
656 3781 855 3837 quaesita
883 3784 988 3837 post
1017 3781 1346 3826 colludentibus
1375 3784 1468 3825 tam

129 3835 306 3892 scriptis
347 3836 582 3881 heredibus
623 3849 754 3892 quam
799 3837 854 3881 ab
893 3837 1102 3882 intestato
1141 3837 1466 3882 vindicantibus

133 3897 147 3937 1
200 3892 524 3936 successionem
546 3893 680 3936 adimi
702 3906 793 3938 non
813 3893 972 3949 potuit.
1014 3893 1141 3949 Quod
1162 3894 1200 3938 si
1223 3897 1380 3950 sponte
1397 3907 1465 3938 re-

127 3949 424 4006 pudiaverunt
446 3948 532 3992 sibi
556 3948 747 3992 delatam
772 3949 1113 4005 successionem,
1136 3951 1283 3994 omnia
1308 3962 1419 4006 quae
1433 3951 1468 3976 ¹²

127 4009 153 4050 2
201 4008 465 4050 testamento
495 4004 676 4048 fuerant
705 4004 872 4060 scripta
903 4004 1119 4050 defecisse
1149 4007 1365 4057 convenit.
1421 4005 1467 4050 Si

126 4074 244 4116 vero,
260 4065 312 4106 ut
324 4074 402 4106 vos
424 4060 687 4104 fraudarent
708 4060 926 4117 libertate,
949 4061 1178 4107 collusisse
1195 4075 1271 4107 eos
1287 4075 1465 4118 praeses

126 4117 498 4171 animadverterit,
530 4115 774 4161 secundum
802 4116 915 4161 haec
945 4130 1058 4174 quae
1087 4117 1212 4162 divus
1241 4118 1348 4162 Pius
1372 4119 1465 4162 An-

126 4174 308 4219 toninus
364 4173 594 4218 constituit
644 4172 926 4217 libertatibus
979 4174 1152 4219 consuli
1203 4174 1465 4230 providebit.

128 4228 174 4276 S.
203 4229 246 4275 Ic.
277 4229 384 4276 Dee.
416 4228 556 4274 Sirmi
584 4229 677 4275 ΑΛ.
712 4240 856 4273 conss.
1279 4234 1335 4284 [a.
1367 4234 1465 4284 293]

1486 148 1589 209 293

2747 163 2842 216 VII
2882 168 2911 215 2

1637 304 1699 355 13
1731 306 1856 353 Idem
1885 308 1977 353 AA.
2010 313 2054 354 et
2079 308 2155 354 CC.
2184 310 2401 356 Martiali.
2458 312 2734 358 Statuliberis
2767 315 2914 360 datam

1576 363 1825 409 libertatem
1865 364 1999 409 adimi
2034 366 2090 410 ab
2130 367 2290 412 herede
2328 382 2416 413 non
2489 383 2590 415 osse
2623 375 2793 415 certum
2823 380 2911 416 est:

1575 433 1659 464 nec
1701 421 1908 466 alienatio
1956 433 2039 466 nec
2082 424 2296 480 usucapio
2340 428 2431 470 stat
2479 426 2625 480 ibero,
2681 429 2914 482 quominus

1576 476 1794 576 existznte
1823 476 2082 523 condicione
2109 478 2357 524 libertatem
2397 487 2715 537 consequatur,
2755 497 2914 528 nocere

1573 537 1701 587 potes
1725 567 1734 576 .

1633 587 1699 634 14
1733 587 1916 648 ¹³Impp.
1946 588 2221 635 Theodosius
2249 598 2293 636 et
2323 591 2665 636 Valentinianus
2689 592 2780 634 AA.
2808 592 2914 636 Iao-

1573 644 1719 687 rentio
1741 659 1824 702 pp.
1884 645 2090 690 Directas
2125 647 2354 693 libertates
2385 648 2567 692 Graecis
2596 647 2740 690 verbis
2778 647 2915 692 liceat

1572 697 1620 741 in
1656 701 1930 744 testamentis
1961 702 2232 758 relinquere,
2273 707 2324 747 ut
2361 703 2425 746 ita
2462 704 2689 746 libertates
2721 701 2914 746 directae

1574 753 1706 797 datae
1734 755 1988 808 videantur,
2028 771 2082 802 ac
2122 759 2159 802 si
2196 759 2400 814 legitimis
2429 759 2574 801 verbis
2615 769 2689 800 eas
2728 761 2916 802 testator

1574 809 1670 852 dari
1710 810 1927 854 iussisset.
1997 811 2051 855 D.
2087 814 2212 870 prid.
2257 814 2316 856 id.
2356 811 2478 870 Sept.
2524 811 2916 870 Constcmtinopoli

1576 863 1828 909 Theodosio
1859 867 1910 908 A.
1943 878 2059 909 XVII
2085 873 2130 911 et
2157 868 2292 911 Festo
2324 881 2467 911 consa
2727 871 2783 919 [a.
2817 872 2914 919 439]

1632 919 1694 966 15
1737 918 1806 963 Im
1843 955 1851 963 .
1893 919 2176 965 Iustinianus
2213 925 2264 966 A.
2297 921 2496 967 Iohanni
2529 937 2607 988 pp.
2669 923 2778 966 Cum
2809 936 2913 967 con-

1573 977 1744 1021 stitutio
1818 976 1877 1020 ivi
1920 976 2066 1020 Marci
2081 978 2116 1004 ¹⁴
2159 977 2379 1032 declarat,
2425 978 2464 1022 si
2509 991 2605 1033 quls
2650 983 2914 1023 testamento

1574 1033 1751 1077 condito
1781 1033 1850 1077 vel
1888 1032 1982 1076 sine
2020 1035 2286 1077 testamento
2329 1033 2542 1088 moriens,
2587 1038 2638 1077 ut
2673 1035 2798 1079 locus
2836 1035 2917 1078 fiat

1573 1090 1627 1133 ab
1658 1089 1867 1133 intestato
1899 1089 2195 1143 successioni,
2236 1089 2464 1134 libertates
2500 1089 2748 1146 reliquerit,
2786 1104 2915 1135 nemo

1535 1165 1538 1170 ·
1574 1149 1721 1190 autem
1750 1145 1874 1190 adire
1903 1145 1998 1189 vult
2027 1145 2226 1189 defuncti
2255 1146 2543 1190 hereditatem
2573 1159 2638 1200 eo,
2671 1147 2788 1203 quod
2817 1161 2915 1191 sus-

1573 1205 1704 1256 pecta
1743 1214 1840 1246 esse
1870 1201 2064 1252 videtur,
2102 1206 2146 1245 et
2183 1202 2221 1245 si
2257 1202 2424 1246 fuerint
2461 1202 2691 1247 libertates
2727 1203 2916 1248 forsitan

1573 1262 1616 1300 et
1646 1259 1743 1302 sine
1773 1257 1952 1314 scriptis
1982 1258 2417 1303 fideicommissariae
2445 1259 2646 1313 relictae,
2686 1260 2819 1303 licere
2848 1261 2917 1304 vel

1573 1314 1755 1358 cuilibet
1783 1317 1994 1358 extraneo
2026 1314 2094 1358 vel
2123 1314 2202 1358 uni
2231 1327 2286 1358 ex
2316 1316 2465 1367 servis,
2497 1315 2573 1371 qui
2596 1321 2641 1359 et
2663 1317 2759 1371 ipse
2783 1316 2916 1360 liber-

1572 1373 1665 1414 tate
1704 1370 1895 1420 donatus
1936 1375 2003 1415 est
2035 1375 2079 1414 et
2107 1384 2189 1426 pro
2222 1383 2304 1415 sua
2332 1371 2611 1426 periclitatur
2642 1372 2914 1426 condicione,

1572 1427 1694 1471 adire
1722 1427 2011 1471 hereditatem
2037 1426 2119 1470 sub
2148 1427 2232 1471 hac
2260 1427 2517 1472 condicione
2544 1431 2588 1471 et
2613 1428 2914 1481 satisdatione,

1572 1483 1691 1538 quod
1734 1487 1779 1526 et
1821 1483 2114 1527 creditoribus
2159 1484 2363 1528 omnibus
2408 1484 2655 1528 satisfaciat
2698 1490 2743 1528 et
2782 1485 2913 1528 liber-

1571 1543 1685 1583 tates
1724 1539 1924 1595 imponat
1959 1540 2051 1591 his,
2097 1541 2256 1596 quibus
2297 1540 2485 1584 voluerit
2522 1543 2728 1595 testator,
2769 1541 2914 1584 variae

1576 1600 1590 1638 1
1642 1595 1943 1640 dubitationes
1961 1608 2014 1638 ex
2030 1596 2116 1639 hac
2134 1597 2448 1640 constitutione
2471 1601 2758 1641 emerserunt.
2800 1597 2912 1640 Nam

1572 1651 1609 1694 si
1647 1663 1719 1697 res
1760 1651 2052 1707 hereditariae
2083 1651 2245 1696 herede
2274 1653 2449 1695 minime
2479 1653 2656 1697 invento
2687 1653 2913 1706 venierint,

1570 1720 1627 1750 an
1672 1711 1717 1750 et
1759 1711 1862 1762 post
1900 1707 2193 1752 venditionem
2232 1708 2471 1752 earundem
2514 1721 2662 1752 rerum
2704 1710 2914 1764 possibile

1570 1766 1638 1806 est
1666 1762 1736 1806 vel
1776 1775 1951 1806 servum
1988 1763 2057 1805 vel
2094 1764 2331 1817 quemlibet
2371 1765 2505 1806 alium
2545 1764 2665 1807 adire
2705 1769 2749 1808 et
2786 1778 2911 1808 recu-

1568 1830 1727 1872 perare
1758 1817 1932 1873 quidem
1963 1818 2019 1860 ab
2051 1819 2323 1873 emptoribus
2354 1832 2446 1871 res,
2480 1820 2738 1864 satisfacere
2767 1824 2915 1864 autem

1573 1877 1626 1916 la
1695 1873 1988 1916 creditoribus
2038 1879 2082 1916 et
2125 1874 2431 1927 libertatibus,
2477 1877 2787 1930 quaerebatur.
2855 1877 2916 1919 Et

1567 1928 1674 1977 licet
1717 1929 1843 1972 divus
1886 1929 2074 1976 Severus
2120 1931 2256 1974 semel
2298 1931 2432 1974 rebus
2471 1931 2657 1975 venditis
2699 1933 2785 1976 hoc
2827 1946 2915 1976 non

1568 1984 1765 2039 admisit,
1805 1985 1935 2030 nobis
1965 1990 2113 2029 tamen
2144 1985 2323 2042 Ulpiani
2355 1988 2573 2031 sententia
2604 1988 2915 2032 admonente¹⁵

1567 2041 1739 2097 placuit
1769 2042 1958 2086 maxime
1986 2047 2171 2098 propter
2203 2043 2449 2096 libertates,
2489 2057 2544 2087 ne
2575 2044 2831 2100 depereant,
2871 2049 2917 2090 et

1567 2102 1670 2152 post
1699 2098 1995 2143 venditionem
2035 2112 2183 2143 rerum
2223 2101 2382 2144 annale
2420 2100 2659 2145 remedium
2690 2101 2797 2144 dare
2827 2101 2915 2145 divi

1566 2154 1712 2199 Marci
1744 2155 2065 2209 constitutioni,
2095 2156 2214 2199 intra
2242 2156 2360 2212 quod
2386 2163 2429 2200 et
2455 2157 2746 2202 creditoribus
2774 2158 2914 2202 omni-

1566 2211 1651 2255 bus
1696 2211 1888 2255 satisfiat
1926 2215 1971 2256 et
2009 2215 2229 2267 emptores
2267 2213 2377 2256 nihil
2406 2215 2508 2260 novi
2546 2214 2795 2269 patiantur,
2839 2215 2914 2270 qui

1568 2268 1773 2311 annalem
1795 2280 1929 2323 saepe
1949 2269 2200 2312 sentiebant
2215 2269 2536 2324 rescissionem,
2562 2275 2606 2313 et
2620 2270 2754 2314 licere
2772 2284 2910 2322 servo,

1567 2324 1642 2379 qui
1679 2323 1883 2368 libertate
1923 2324 2113 2368 donatus
2155 2329 2241 2379 est,
2282 2326 2350 2368 vel
2388 2326 2461 2369 alii
2499 2326 2673 2370 cuidam
2702 2332 2911 2370 extraneo

1566 2380 1636 2424 vel
1679 2384 1783 2423 ante
1827 2379 2120 2424 venditionem
2164 2393 2310 2424 rerum
2352 2382 2420 2425 vel
2462 2387 2566 2437 post
2603 2382 2910 2435 venditionem,

1565 2435 1685 2479 intra
1713 2436 1876 2480 annale
1903 2440 2053 2479 tamen
2069 2437 2103 2462 ¹⁶
2139 2440 2337 2492 tempus,
2378 2437 2500 2481 adire
2537 2437 2828 2482 hereditatem
2868 2444 2912 2482 et

1565 2504 1636 2535 res
1661 2504 1939 2547 recuperare,
1970 2492 2095 2548 prius
2122 2493 2412 2537 satisdatione
2438 2493 2597 2546 danda,
2627 2499 2678 2537 ut
2702 2499 2792 2538 tam
2815 2507 2909 2539 cre-

1570 2547 1619 2592 1b
1651 2549 1710 2603 (1)
1770 2548 1988 2593 ditoribus
2029 2561 2161 2604 quam
2199 2549 2482 2593 libertatibus
2512 2550 2772 2594 satisfaciat.
2833 2551 2910 2594 Sin

1566 2608 1715 2648 autem
1751 2604 2033 2649 libertatibus
2074 2605 2249 2660 quidem
2288 2606 2493 2650 omnibus
2525 2607 2782 2651 satisfacere
2813 2608 2909 2663 quis

1564 2661 1840 2716 polliceatur,
1883 2661 2176 2706 creditoribus
2208 2666 2356 2706 autem
2385 2675 2475 2707 non
2503 2663 2550 2706 in
2581 2663 2793 2716 solidum,
2833 2665 2909 2707 sed

1563 2717 1611 2760 in
1647 2721 1821 2772 partem
1862 2717 2033 2761 solvere
2076 2717 2314 2772 creditum,
2363 2717 2428 2761 illi
2471 2723 2619 2762 autem
2657 2719 2910 2763 huiusmodi

1563 2772 1815 2828 pactionem
1869 2772 2151 2825 admiserint,
2206 2774 2430 2818 sancimus
2482 2776 2526 2817 et
2567 2775 2615 2818 in
2658 2775 2909 2819 huiusmodi

1565 2841 1674 2873 casu
1714 2829 2029 2874 consultissimi
2067 2829 2280 2886 principis
2320 2830 2467 2875 locum
2497 2831 2662 2875 habere
2694 2832 2907 2877 constitu-

1562 2885 1728 2933 tionem
1767 2889 1811 2928 et
1851 2898 1951 2929 eum
1987 2886 2129 2930 modis
2170 2885 2373 2932 omnibus
2404 2887 2723 2931 admittendum
2754 2901 2907 2933 cense-

1561 2955 1673 2996 mus,
1703 2941 1893 2986 maxime
1919 2955 2019 2986 cum
2043 2955 2098 2986 ex
2122 2943 2350 2988 voluntate
2375 2943 2640 2987 creditorum
2665 2944 2751 2988 hoc
2772 2944 2906 2990 iuter-

1560 2999 1764 3054 ponitur:
1797 2998 2049 3042 nolentibus
2074 2999 2235 3043 etenim
2262 2998 2555 3043 creditoribus
2580 2999 2753 3043 admitti
2775 3001 2906 3044 talem

1562 3058 1587 3098 2
1645 3054 1905 3110 petitionem
1935 3055 2054 3099 nullo
2087 3054 2366 3099 concedimus
2397 3055 2539 3099 m0d0.
2600 3054 2646 3098 Si
2675 3068 2778 3099 vero
2809 3057 2904 3110 qui·

1561 3110 1663 3154 dam
1692 3123 1747 3154 ex
1776 3111 1912 3154 servis
1942 3111 2191 3154 libertatem
2222 3112 2414 3166 amplexi
2443 3111 2619 3165 fuerint,
2652 3111 2728 3154 alii
2756 3116 2904 3156 autem

1562 3166 1815 3211 censuerint
1852 3179 1950 3210 esse
1989 3166 2303 3221 respuendam,
2345 3171 2389 3210 et
2422 3167 2468 3209 in
2497 3167 2616 3210 hunc
2647 3180 2799 3210 casum
2829 3181 2902 3211 ex-

1559 3222 1781 3266 tendenda
1822 3225 1888 3265 est
1928 3222 2015 3265 divi
2053 3222 2199 3265 Marci
2238 3222 2380 3266 oratio
2419 3225 2465 3265 et
2500 3223 2658 3278 procul
2696 3223 2828 3268 dubio
2860 3227 2905 3268 et

1558 3278 1604 3321 in
1643 3278 1728 3321 hac
1769 3278 1916 3333 specie
1959 3276 2201 3321 audiendus
2247 3284 2314 3321 est
2356 3279 2520 3333 petitor
2558 3278 2815 3323 hereditatis
2860 3286 2904 3324 et

1558 3336 1736 3378 maneat
1774 3334 1962 3377 liberum
2002 3333 2232 3376 arbitrium
2271 3347 2515 3390 servorum,
2557 3335 2646 3379 sive
2685 3335 2743 3379 ad
2771 3335 2901 3380 liber-

1557 3394 1694 3434 tatem
1739 3390 1886 3433 venire
1928 3389 2081 3434 volunt
2132 3389 2220 3433 sive
2268 3389 2314 3433 in
2358 3391 2615 3435 servitutem
2659 3405 2898 3436 remanere.

1559 3451 1616 3489 2a
1667 3445 1796 3489 Licet
1825 3444 1940 3489 enim
1972 3445 2220 3491 Romanam
2251 3445 2472 3491 civitatem
2500 3460 2708 3492 recusare
2737 3449 2899 3492 nemini

1557 3514 1786 3546 servorum
1816 3501 1933 3556 licet,
1964 3504 2112 3545 tamen
2140 3501 2185 3545 in
2215 3502 2300 3546 hoc
2332 3516 2453 3557 casu,
2492 3517 2548 3547 ne
2577 3508 2760 3560 propter
2790 3518 2898 3560 quo-

1555 3558 1744 3601 rundam
1774 3557 2099 3602 indevotionem
2135 3558 2211 3603 alii
2249 3562 2458 3603 maneant
2485 3560 2531 3603 in
2561 3561 2785 3614 servitute,
2824 3575 2897 3604 vo-

1555 3614 1748 3658 lentibus
1787 3613 1963 3670 quidem
2002 3614 2205 3658 omnibus
2244 3615 2379 3659 servis
2413 3616 2548 3660 licere
2575 3616 2620 3659 in
2651 3616 2899 3660 libertatem

1554 3669 1796 3726 pervenire,
1826 3670 2079 3714 nolentibus
2115 3675 2263 3715 autem
2295 3672 2562 3728 quibusdam
2591 3672 2659 3715 vel
2687 3685 2895 3715 recusam

1553 3727 1676 3770 tibus
1719 3728 2011 3782 spontaneam
2056 3727 2312 3771 servitutem
2359 3728 2585 3771 imminere
2625 3730 2801 3782 oportet
2840 3733 2895 3779 et,

1554 3795 1685 3838 quem
1729 3784 1966 3837 patronum
2003 3782 2169 3827 habere
2207 3784 2448 3838 noluerint,
2490 3782 2714 3827 dominum
2753 3796 2893 3837 suum,

1555 3844 1577 3882 3
1636 3838 1825 3882 forsitan
1856 3843 1899 3882 et
1929 3839 2151 3892 acerbum,
2182 3839 2390 3886 sentiant.
2441 3839 2519 3882 Sin
2548 3851 2651 3882 vero
2682 3852 2771 3882 non
2803 3852 2891 3882 om-

1553 3907 1631 3938 nes
1660 3894 1890 3938 libertates
1922 3894 2163 3951 adimplere
2191 3896 2415 3951 pollicitus
2440 3895 2585 3947 fuerit,
2618 3894 2696 3937 sed
2727 3900 2893 3938 certum

1551 3963 1783 3994 numerum
1815 3963 2041 3999 servorum
2071 3964 2125 3995 ex
2153 3952 2245 4005 his,
2278 3951 2353 4006 qui
2382 3951 2438 3994 ad
2466 3950 2715 3993 libertatem
2746 3951 2893 3994 venire

1550 4005 1662 4051 iussi
1706 4007 1823 4060 sunt,
1868 4006 2024 4051 melius
2069 4011 2157 4060 est,
2202 4007 2240 4051 si
2276 4006 2450 4061 quidem
2488 4018 2558 4049 res
2598 4005 2892 4050 hereditariae

1552 4061 1784 4106 sufficiunt
1821 4061 1878 4106 ad
1913 4062 2160 4119 implendos
2202 4063 2464 4117 creditores,
2510 4061 2642 4106 etiam
2686 4062 2890 4106 omnibus

1552 4117 1688 4162 servis
1726 4117 1833 4163 dare
1869 4117 2142 4173 libertatem,
2183 4118 2268 4163 etsi
2305 4119 2390 4163 hoc
2430 4131 2520 4162 non
2552 4117 2775 4173 pollicitus
2807 4120 2886 4161 est.

1552 4174 1590 4217 si
1628 4178 1775 4218 autem
1812 4174 1937 4219 deest
1973 4175 2020 4220 in
2059 4175 2336 4220 exsolvendis
2376 4173 2687 4226 creditoribus,
2733 4173 2887 4218 huma-

1551 4230 1652 4275 nius
1698 4234 1788 4283 est,
1841 4233 1891 4274 ut
1940 4232 2087 4276 saltim
2129 4231 2262 4289 pauci
2306 4230 2482 4275 veniant
2524 4229 2580 4273 ad
2623 4229 2886 4274 libertatem.

128 4372 179 4423 (1)
208 4371 243 4412 si
271 4371 363 4423 PR,
390 4371 490 4413 licet
524 4372 559 4414 C'
653 4371 710 4424 (2)
743 4373 878 4413 debuit
906 4386 991 4413 csse
1018 4370 1114 4424 imp.
1147 4372 1386 4413 Antoninus
1415 4372 1465 4412 A.

127 4429 182 4478 (3)
211 4427 413 4469 Anchialo
442 4445 518 4471 scr.
641 4429 695 4480 (4)
725 4440 907 4470 conserv.
936 4425 1075 4469 libert.
1105 4428 1241 4479 gratia
1271 4429 1348 4470 del.
1380 4442 1464 4470 cum

126 4484 214 4523 ΒΣ
238 4486 293 4536 (κ.
309 4485 376 4535 π.)
461 4485 515 4537 (5)
546 4484 625 4526 tibi
655 4501 726 4527 om.
757 4485 845 4524 ΒΣ
869 4485 924 4536 (κ.
940 4483 1006 4534 π.)
1092 4485 1150 4536 (6)
1178 4485 1278 4526 Inst.
1306 4487 1344 4536 3,
1371 4493 1420 4536 11,
1447 4494 1463 4526 1

128 4539 184 4590 (7)
215 4542 273 4581 sic
302 4542 406 4592 edd„
435 4541 644 4594 praestitit
674 4541 771 4582 libri
898 4541 956 4592 (8)
984 4540 1077 4580 iure
1107 4555 1180 4580 om.
1210 4541 1300 4581 ΒΣ
1323 4539 1463 4594 (κ.π.)

128 4597 184 4647 (9)
206 4597 265 4637 sic
297 4596 512 4647 Utinensis,
539 4597 672 4638 orcini
700 4598 854 4637 addunt
885 4595 956 4637 CR
1041 4596 1117 4647 (1ο)
1147 4597 1266 4650 iunye
1290 4598 1335 4645 2,
1359 4605 1416 4647 32,
1442 4605 1462 4636 2
1546 4593 1765 4634 admodum
1781 4594 1835 4645 R,
1866 4595 2123 4636 admonentis
2138 4595 2225 4635 ΒΣ
2234 4595 2287 4645 (κ.
2306 4595 2369 4645 π.)

127 4653 194 4704 (11)
225 4650 307 4694 GC.
341 4664 468 4693 conss.
500 4655 573 4706 (ε
602 4669 640 4694 α.
674 4654 758 4705 294)
790 4655 827 4701 2,
862 4661 918 4704 32,
951 4661 970 4694 2
1000 4653 1159 4702 rectius,
1192 4667 1275 4693 cum
1295 4651 1460 4693 Diocle-

1552 4371 1684 4412 tianus
1721 4372 1800 4412 iam
1837 4371 2024 4414 kalendis
2053 4372 2264 4426 Aprilibus
2295 4387 2333 4412 a.
2366 4380 2434 4413 293
2465 4380 2769 4411 commoraretur
2799 4372 2885 4413 He-

1549 4427 1722 4477 racleae,
1753 4442 1856 4479 quae
1886 4428 2090 4470 DCLIII
2113 4429 2269 4470 milibus
2299 4442 2325 4468 a
2355 4427 2504 4468 Sirmio
2540 4429 2651 4467 abest
2735 4427 2809 4478 (12)
2840 4428 2882 4467 in

1549 4483 1623 4523 ins.
1653 4483 1742 4523 ΒΣ
1766 4484 1905 4535 (aaz.)
2017 4485 2091 4536 (13)
2120 4504 2174 4519 =
2205 4484 2312 4525 Nov.
2349 4483 2497 4523 sseod.
2534 4484 2595 4532 16,
2628 4491 2656 4533 1,
2689 4491 2732 4524 8:
2767 4484 2884 4536 iunye

1548 4541 1585 4588 5.-
1619 4547 1675 4590 28,
1710 4547 1745 4579 s.
1777 4541 1815 4587 6,
1847 4547 1903 4588 23,
1937 4548 1973 4581 21
2108 4540 2182 4591 (14)
2211 4540 2311 4580 Inst.
2346 4540 2384 4591 3,
2414 4547 2463 4589 11,
2494 4547 2511 4579 1
2643 4539 2717 4589 (15)
2747 4540 2806 4580 sic
2840 4540 2883 4590 C,

2457 4592 2531 4645 (16)
2549 4596 2683 4635 tamen
2702 4610 2771 4635 om.
2790 4596 2880 4636 deta

1546 4666 1630 4693 cum
1658 4651 1747 4691 ΒΣ
1770 4651 1823 4703 (κ.
1839 4653 1905 4703 π.)
