3138 4776
126 1772 128 1774 Υ
188 1731 329 1764 conss.

194 186 213 236 1
254 187 333 236 23.
371 186 453 234 24.
491 180 676 233 25s26
1516 161 1588 220 76

191 335 307 377 tione
345 330 577 376 cuiuslibet
614 326 736 382 litigii
773 323 1002 379 patiantur
1028 322 1234 379 proferri,
1270 317 1347 363 sed
1384 328 1515 382 gene-

191 389 303 432 rales
332 399 483 432 sacras
513 381 845 430 constitutiones
873 378 1014 424 modis
1044 379 1246 423 omnibus
1275 387 1365 418 non
1391 372 1519 416 dubi-

2227 178 2303 216 DE
2336 175 2590 216 DIVERSIS
2623 174 2937 216 RESCRIP‘HS

1600 314 1824 372 publicam
1851 313 2015 360 fuderit
2035 328 2204 374 preces,
2233 315 2440 360 manare⁸
2468 313 2756 368 decernimus,
2786 316 2837 358 ut
2863 311 2940 357 hic

1602 370 1736 416 etiam
1771 369 1970 416 veritatis
2006 373 2203 428 quaestio
2250 373 2507 416 reservetur.
2578 369 2634 414 D.
2671 382 2709 415 x
2754 368 2797 415 lc.
2838 368 2938 414 Ian.

191 447 284 488 tent
302 441 609 487 observandas.
640 437 693 482 D.
709 435 752 479 lc.
766 432 853 477 Iul.
866 430 1269 492 Constantinopoli.
1316 434 1372 481 [a.
1389 429 1519 481 491?]
1606 426 1997 486 Constantinopoli
2014 433 2129 487 post
2156 427 2439 473 consulatum
2466 425 2682 471 Armati⁹.
2751 429 2810 479 [a.
2839 427 2940 478 477]

752 547 956 596 XXIII.¹

246 640 322 680 DE
351 632 603 678 DIVERSIS
631 628 955 671 RESCRIPTIS
984 629 1059 669 ET
1087 623 1466 668 PRAGMATIGIS

641 683 1062 726 SANCTIONIBUS.

250 774 272 820 1
315 772 427 831 Imp.
471 765 732 814 Alexander
772 766 823 811 A.
866 763 1058 823 Supero.
1138 763 1186 807 Si
1227 763 1426 808 libellum
1469 763 1525 808 de

191 827 407 875 communi
437 837 570 869 causa
599 828 649 866 tu
677 821 904 877 fraterque
932 823 1037 864 tuus
1066 818 1247 864 dedistis
1259 821 1291 874 2,
1327 820 1523 876 quamvis

188 885 449 939 rescriptum
477 879 531 923 ad
560 878 690 922 unius
719 889 955 933 personam
984 875 1200 920 directum
1230 875 1308 931 sit,
1347 876 1524 932 utrique

187 943 332 984 tamen
374 936 658 994 prospectum
701 937 781 977 est.
853 931 908 976 D.
947 931 1009 975 id.
1048 930 1135 976 Iul.
1174 931 1522 1041 Alexaipdro22221.

188 1008 307 1039 cons.
1352 1002 1392 1032 a.

243 1047 273 1094 2
304 1046 455 1092 Idem⁸
483 1048 534 1089 A.
568 1043 827 1103 Epaqatlzo.
886 1044 1021 1089 Falso
1056 1043 1341 1088 adseveratur
1369 992 1524 1089 aucto}

187 1106 360 1150 ritatem
397 1101 711 1156 rescriptorum
751 1100 952 1145 devoluto
993 1100 1136 1156 spatio
1185 1100 1290 1144 anni
1328 1100 1527 1144 obtinere

186 1161 434 1205 firmitatem
463 1169 588 1201 suam
617 1170 707 1201 non
736 1159 953 1213 oportere,
986 1169 1087 1200 cum
1117 1169 1181 1210 ea,
1219 1168 1333 1212 quae
1370 1156 1428 1199 ad
1455 1156 1525 1200 ius

189 1215 505 1266 rescribuntur,
536 1213 748 1268 perennia
777 1226 874 1258 esse
903 1212 1077 1265 debent,
1109 1211 1148 1256 si
1176 1211 1306 1256 modo
1338 1215 1525 1268 tempus,

188 1273 306 1316 intra
335 1269 453 1326 quod
488 1269 682 1325 adlegari
711 1269 780 1313 vel
809 1269 954 1313 audiri
983 1268 1155 1321 debeat,
1195 1280 1285 1311 non
1319 1268 1378 1312 sit
1407 1281 1526 1312 com-

186 1328 462 1384 prehensum.
535 1324 591 1369 D.
631 1336 703 1368 1⁷11
735 1324 779 1369 lc.
810 1325 924 1370 Nov.
955 1323 1258 1369 Antiochiano
1297 1328 1342 1368 et
1372 1322 1526 1424 Orgito

188 1396 329 1428 conss.
1355 1393 1395 1424 a.
1457 1384 1508 1424 70

243 1436 272 1485 3
305 1436 450 1496 Impp.
490 1435 804 1481 Diocletianus
845 1440 891 1480 et
925 1434 1238 1480 Maoeimianus
1273 1383 1363 1479 AA[.
1413 1384 1528 1480 Cris}

181 1494 294 1555 pino
330 1492 536 1552 praesidi
570 1491 838 1552 provinciae
880 1490 1118 1535 Phoenice.
1192 1491 1439 1545 Sancimus,
1478 1497 1531 1536 ut

187 1550 442 1596 authentica
475 1549 576 1605 ipsa
605 1553 737 1605 atque
767 1547 997 1603 originalia
1023 1547 1242 1604 rescripta
1273 1552 1316 1592 et
1344 1550 1530 1593 nostra⁴

186 1620 319 1653 manu
358 1606 632 1661 subscripta,
668 1618 760 1648 non
798 1604 997 1660 exempla
1032 1616 1197 1657 eorum,
1235 1604 1528 1649 insinuentur.

186 1663 241 1708 D.
278 1662 403 1721 prid.
447 1661 491 1706 lc.
536 1660 683 1720 April.
729 1659 1069 1704 Hannibaliano
1122 1665 1169 1704 et
1208 1660 1528 1761 Asclepiocgogo

1357 1731 1397 1761 a.
1458 1721 1482 1760 9

243 1773 275 1820 4
308 1772 440 1832 “Imp.
486 1770 806 1817 Constantinus
839 1771 891 1816 A.
933 1771 995 1816 ad
1032 1771 1288 1818 Lusitanos,
1340 1721 1405 1817 [Si
1472 1721 1531 1817 usJi

187 1829 401 1876 beneficia
429 1828 713 1886 personalia⁶
741 1828 837 1872 sine
866 1827 936 1872 die
967 1832 1011 1872 et
1041 1829 1223 1873 consule
1258 1829 1424 1874 fuerint
1485 1841 1529 1873 e-

187 1887 425 1944 prehensa,
465 1885 730 1930 auctoritate
769 1888 964 1928 careant.
1023 1883 1079 1928 D.
1119 1897 1193 1929 VII
1225 1884 1269 1929 lc.
1299 1887 1414 1944 Auq.
1447 1884 1531 1929 Sa-

188 1943 341 1988 variae
368 1941 600 1986 Probiano
631 1946 675 1985 et
703 1939 887 1984 Iuliano
918 1953 1063 1984 conss.
1342 1945 1400 1994 [a.
1432 1945 1529 1994 322]

244 1997 273 2045 5
306 1997 406 2056 Imp
476 2032 485 2042 .
529 1996 874 2042 Valentinianus
914 1995 1191 2041 Theodosius
1228 2001 1275 2042 et
1305 1997 1533 2042 Arcadius

187 2056 319 2101 AAA.
351 2012 664 2098 asqvieetium
694 2053 986 2119 praefectum
1015 2066 1235 2097 annonae.
1305 2053 1532 2108 Sacrilegii

188 2112 331 2156 instar
359 2114 427 2155 est
455 2109 611 2154 divinis
641 2121 775 2165 super
814 2109 1162 2164 quibuscumque
1189 2109 1531 2154 administratio-

188 2168 319 2212 nibus
362 2166 431 2211 vel
475 2165 761 2221 dignitatibus
805 2165 1132 2222 promulgandis
1177 2165 1354 2210 obviare
1397 2166 1530 2210 bene-

188 2223 312 2268 ficiis.
380 2221 436 2267 D.
477 2221 520 2266 lc.
559 2221 688 2266 Febr.
729 2220 981 2265 Mediolani
1013 2221 1212 2266 Arcadio
1241 2223 1293 2266 A.
1334 2226 1380 2266 et
1406 2222 1532 2266 Bau-

191 2286 292 2325 tone
321 2291 465 2323 conss.
1344 2278 1400 2333 [a.
1433 2280 1529 2332 385]

242 2334 274 2383 6
303 2333 454 2390 ι’Ἶφημ
481 2329 572 2374 Leo
602 2330 654 2374 A.
687 2329 934 2375 Hilariano
963 2332 1180 2387 maqistro
1210 2333 1471 2390 officiorum
1496 2339 1540 2378 et

187 2389 397 2448 patricio.
443 2387 569 2432 Sacri
584 2386 777 2440 adfatus,
808 2400 1105 2443 quoscumque
1134 2391 1312 2432 nostrae
1327 2401 1531 2433 mansue-

190 2445 356 2490 tudinis
404 2443 451 2487 in
504 2455 780 2499 quacumque
829 2448 958 2499 parte
999 2444 1262 2509 paginarum
1306 2445 1534 2501 scripserit

191 2500 456 2554 auctoritas,
497 2513 586 2544 non
622 2499 709 2543 alio
745 2500 871 2543 vultu
909 2506 1084 2556 penitus
1124 2504 1203 2543 aut
1247 2501 1406 2556 colore,
1447 2501 1533 2544 nisi

191 2569 415 2614 purpurea
443 2555 746 2599 tantummodo
772 2556 1012 2612 scriptione
1040 2556 1331 2609 illustrentur,
1362 2557 1534 2601 scilicet

191 2619 244 2658 ut
281 2613 395 2657 cocti
432 2612 612 2656 muricis
651 2616 695 2654 et
723 2612 818 2654 triti
847 2612 1063 2668 conchylii
1091 2612 1250 2656 ardore
1280 2613 1531 2669 signentur:

193 2681 332 2725 eaque
369 2667 670 2711 tantummodo
708 2667 777 2710 fas
814 2667 873 2712 sit
906 2668 1096 2723 proferri
1126 2673 1170 2712 et
1198 2668 1285 2712 dici
1313 2670 1534 2725 rescripta

192 2725 239 2768 in
269 2724 617 2780 quibuscumque
645 2723 832 2776 iudiciis,
868 2736 981 2779 quae
1009 2724 1055 2767 in
1084 2724 1250 2768 chartis
1280 2725 1370 2769 sive
1399 2738 1533 2769 mem-

193 2780 346 2823 branis
383 2779 636 2822 subnotatio
665 2783 843 2822 nostrae
879 2780 1220 2835 subscriptionis
1247 2780 1533 2836 impresserit.

198 2840 218 2878 1
278 2834 407 2877 Hanc
436 2839 582 2877 autem
611 2834 728 2877 sacri
756 2834 957 2878 encausti
991 2836 1312 2880 confectionem
1339 2836 1449 2879 nulli
1477 2837 1536 2880 sit

195 2889 365 2934 licitum
408 2894 486 2932 aut
529 2902 787 2932 concessum
827 2889 991 2934 habere
1035 2895 1114 2934 aut
1153 2903 1362 2947 quaerere
1402 2896 1480 2935 aut
1507 2904 1536 2935 a

226 2957 418 3000 uoquam
460 2957 660 3000 sperare:
705 2957 757 2988 eo
799 2944 1023 3000 videlicet,
1068 2946 1144 3002 qui
1181 2947 1268 2990 hoe
1299 2947 1535 3002 adgressus

197 2958 330 3044 ‘finem
367 3000 601 3057 tyrannico
637 2999 818 3055 spiritu,
857 3005 960 3057 post
997 3002 1363 3058 proscriptionem
1396 3003 1535 3048 bono-

197 3070 295 3101 rum
325 3057 516 3100 omnium
545 3056 724 3112 capitali
753 3069 842 3100 non
869 3057 1086 3102 immerito
1113 3071 1259 3114 poena
1286 3059 1533 3116 plectendo.

197 3111 251 3157 D.
291 3123 342 3156 Vl
365 3111 410 3156 lc.
439 3113 479 3156 A
514 3112 584 3155 ril.
616 3111 816 3156 Iordane
844 3119 890 3157 et
917 3113 1081 3158 Severo
1112 3127 1256 3158 conss.
1347 3119 1404 3168 [a.
1436 3119 1534 3168 470]

255 3164 283 3213 7
315 3166 429 3226 Imp.
485 3181 569 3212 eno
584 3167 635 3211 A.
653 3166 920 3212 Sebastiano
936 3182 1021 3227 pp.
1065 3170 1281 3214 Universa
1303 3171 1534 3228 rescripta,

198 3224 286 3269 sive
323 3224 370 3267 in
406 3236 640 3280 personam
674 3223 950 3279 precantium
988 3225 1080 3269 sive
1117 3225 1175 3269 ad
1203 3227 1441 3283 quemlibet
1467 3228 1536 3270 iu-

198 3280 339 3324 dicem
380 3279 675 3332 manaverint,
720 3291 834 3335 quae
874 3280 942 3324 vel
985 3281 1212 3326 adnotatio
1251 3283 1321 3326 vel
1386 3284 1535 3328 uaevis

197 3349 279 3393 pra
309 3336 497 3379 matica⁷
541 3335 710 3379 sanctio
754 3335 1024 3391 nominetur,
1070 3338 1153 3382 sub
1190 3350 1243 3382 ea
1279 3351 1362 3383 con
1394 3339 1537 3384 icione

198 3405 278 3448 pro
303 3392 387 3435 erri
415 3391 722 3447 praecipimus,
754 3392 790 3435 si
818 3405 974 3447 preces
998 3394 1184 3438 veritate
1207 3393 1422 3450 nituntur,
1453 3408 1536 3440 nec

199 3448 386 3503 aliquem
414 3447 607 3491 fructum
635 3451 840 3503 precator
869 3450 1038 3492 oraculi
1057 3450 1277 3506 percipiat
1297 3451 1535 3516 impetrati,

198 3504 303 3548 licet
327 3503 373 3546 in
401 3503 562 3547 iudicio
593 3504 768 3547 adserat
795 3504 1045 3559 veritatem,
1085 3506 1169 3550 nisi
1203 3510 1402 3573 quaestio
1432 3507 1536 3552 fidei

204 3564 222 3603 1
266 3571 446 3615 precum
459 3559 676 3614 imperiali
690 3559 901 3603 beneficio
927 3566 1195 3605 monstretur
1209 3568 1387 3607 mserta.
1419 3563 1536 3608 Nam

201 3619 246 3659 et
272 3615 338 3679 vii·
364 3615 623 3670 magnificus
654 3620 859 3671 quaestor
886 3619 932 3660 et
946 3617 1026 3660 viri
1050 3619 1312 3673 spectabiles
1337 3620 1536 3675 magistri

200 3671 481 3725 scrimorum,
524 3671 600 3727 qui
639 3672 731 3715 sine
765 3672 967 3728 praefata
1003 3674 1247 3718 adiectione
1310 3675 1534 3720 ualecum-

200 3739 285 3784 que
324 3726 515 3770 divinum
552 3740 812 3783 responsum
850 3728 1129 3784 dictaverint,
1168 3736 1211 3774 et
1238 3732 1285 3775 iu
1319 3731 1421 3785 ‘ces‚
1460 3732 1535 3788 qui

200 3783 499 3839 susceperint,
538 3784 920 3839 reprehensionem
949 3786 1160 3829 subibunt
1189 3791 1244 3840 et,
1284 3788 1360 3844 qui
1385 3788 1536 3832 illicite

200 3838 366 3883 dictata
415 3839 610 3883 scribere
662 3840 758 3883 ausi
809 3839 975 3884 fuerint
1018 3842 1330 3899 cuiuscumque
1385 3844 1536 3889 scrinii

200 3894 472 3940 memoriales
517 3908 596 3939 seu
637 3896 963 3951 pragmaticarii
1005 3897 1074 3941 vel
1117 3898 1339 3943 adiutores
1382 3900 1535 3956 primi-

201 3955 226 3994 2
257 3953 317 4005 (1)
348 3951 466 4004 cerii,
497 3951 728 3995 amissione
760 3952 921 4007 cinguli
948 3952 1173 3999 ferientur.
1230 3955 1534 4012 Pragmaticas

200 4011 430 4063 praeterea
458 4007 707 4051 sanctiones
736 4022 825 4052 non
853 4008 911 4051 ad
927 4009 1197 4064 singulorum
1221 4025 1375 4068 preces
1402 4025 1536 4068 super

200 4062 381 4118 privatis
419 4063 603 4119 negotiis
632 4064 842 4119 proferri,
881 4065 959 4109 sed
994 4066 1032 4109 si
1062 4067 1234 4122 quando
1266 4081 1428 4125 corpus
1457 4072 1537 4112 aut

202 4118 354 4162 schola
390 4119 458 4162 vel
494 4119 688 4163 officium
725 4120 793 4164 vel
834 4121 956 4164 curia
984 4121 1050 4165 vel
1082 4122 1232 4167 civitas
1260 4125 1330 4168 vel
1357 4125 1534 4181 provin·

203 4174 273 4219 cia
314 4174 383 4219 vel
424 4175 639 4231 quaedam
683 4176 945 4221 universitas
988 4177 1212 4222 hominum
1254 4180 1311 4224 ob
1356 4193 1536 4225 causam

535 4315 590 4368 (2)
619 4316 825 4367 fraterque
851 4318 880 4356 t.
905 4316 1072 4358 dedistis
1100 4320 1252 4373 scripsi
1277 4336 1362 4362 cum
1379 4320 1436 4372 B,
1451 4320 1534 4361 fra-

203 4373 346 4430 terque
376 4371 572 4421 (fraterne
603 4369 675 4421 Pb)
721 4374 750 4411 t.
781 4372 1023 4414 vendidistis
1053 4374 1293 4424 (vendidisti
1323 4374 1393 4428 P⁶,
1423 4379 1535 4417 attu-

200 4419 286 4462 listi
309 4420 373 4462 vel
397 4421 544 4463 dedisti
563 4421 641 4473 Pv)
660 4422 709 4474 P,
737 4423 912 4465 fraterve
933 4428 961 4465 t.
989 4425 1138 4465 dedisti
1161 4426 1233 4467 CR
1318 4430 1373 4481 (3)
1404 4430 1543 4470 debuit

204 4491 284 4539 esse
299 4477 394 4536 imp.
407 4477 606 4520 Claudius
664 4479 717 4530 (4)
735 4482 775 4518 et
790 4483 929 4521 nostra
942 4483 1047 4533 edd„
1064 4495 1111 4522 cx
1121 4484 1259 4523 nostra
1278 4485 1319 4536 Ο,
1338 4497 1387 4526 ex
1403 4487 1543 4525 nostra

203 4533 382 4593 etiamR
481 4538 535 4585 (5)
566 4555 621 4570 =
653 4535 728 4577 Th.
749 4537 865 4587 1,1,1
954 4538 1009 4590 (6)
1039 4538 1073 4578 si
1104 4550 1185 4590 qua
1211 4541 1379 4592 posthac
1410 4540 1543 4582 edicta

203 4599 287 4627 sive
314 4590 624 4631 constitutiones
641 4591 716 4633 Th.
789 4592 858 4643 (6¹)
886 4596 938 4647 cf.
956 4595 1014 4634 acl
1034 4596 1229 4647 12,19,10
1302 4598 1357 4649 (7)
1388 4610 1542 4649 quaeve

204 4641 413 4682 adnotatio
439 4657 590 4695 quaeve
617 4648 870 4700 pragmatica
888 4649 1108 4690 Mommsen
1182 4652 1238 4702 (8)
1267 4656 1323 4692 sic
1340 4654 1394 4693 M
1397 4652 1428 4704 ὁ,
1456 4665 1539 4693 ma-

204 4316 314 4367 (1)B
338 4323 373 4368 2,
401 4325 421 4357 5

2263 600 2376 648 1111.

1865 679 1944 721 DE
1972 600 2302 733 STATUISX{T
2331 679 2683 722 IMAGINIBUS.

1668 762 1691 808 1
1731 760 1914 827 ¹⁰Impp.
1931 763 2155 808 Arcadius
2181 769 2228 809 et
2246 762 2482 808 Honorius
2496 761 2588 806 AA.
2609 759 2844 806 Theodoro
2858 774 2944 820 pp.
3032 748 3034 751 ⁵
3091 763 3094 771 ’

1610 820 1656 863 Si
1693 817 1791 874 quis
1829 817 2022 862 iudicum
2060 820 2286 876 accepisse
2324 831 2483 864 aeneas
2516 818 2586 862 vel
2621 820 2850 883 argenteas
2877 816 2948 861 vel

1607 886 1876 919 marmoreas
1905 878 2075 920 statuas
2106 881 2232 920 extra
2259 875 2486 932 imperiale
2504 873 2768 918 beneficium
2794 872 2842 917 in
2868 871 2946 917 ad-

1607 930 1929 975 ministratione
1971 931 2142 987 positus
2185 932 2432 987 detegetur,
2478 930 2790 982 emolumenta,
2833 940 2949 985 quae

1610 986 1832 1042 acceperit
1859 985 1906 1030 in
1934 999 1988 1030 ea
2014 988 2185 1043 positus
2215 987 2437 1044 dignitate,
2478 999 2611 1043 quam
2643 985 2816 1042 polluit,
2847 997 2948 1030 cum

1610 1043 1793 1087 extortis
1822 1042 1964 1087 titulis
1981 1043 2050 1087 vel
2077 1044 2372 1100 praesumptis
2394 1044 2441 1087 in
2455 1044 2487 1069 ¹¹
2518 1041 2814 1098 quadruplum
2837 1039 2948 1086 fisco

1609 1103 1760 1143 nostro
1796 1098 1959 1142 inferat
1995 1099 2210 1155 simulque
2247 1099 2419 1144 noverit
2462 1097 2797 1143 existimationis
2842 1107 2950 1142 suae

1609 1168 1797 1212 poenam
1828 1167 1876 1198 se
1905 1154 2168 1199 subiturum.
2227 1168 2310 1200 nee
2340 1168 2417 1200 eos
2446 1167 2554 1199 sane
2583 1168 2610 1199 a
2637 1153 2838 1211 periculo
2866 1165 2950 1210 pu-

1611 1212 1729 1256 doris
1769 1211 1925 1255 haberi
1952 1211 2153 1254 volumus
2181 1210 2418 1266 immunes,
2460 1211 2535 1266 qui
2563 1209 2775 1254 adulandi
2802 1208 2949 1254 studio

1612 1273 1690 1312 aut
1724 1271 1844 1311 metu
1882 1266 2154 1311 inconstanti
2190 1267 2364 1322 ignavia
2391 1266 2580 1311 transire
2610 1279 2723 1323 quae
2751 1270 2857 1310 sunt
2885 1265 2952 1310 in-

1610 1324 1800 1368 terdicta
1841 1322 2164 1379 temptaverint.
2238 1321 2294 1366 D.
2336 1334 2434 1372 XII,
2463 1321 2507 1366 lc.
2556 1321 2656 1367 Ian.
2703 1320 2954 1367 Mediolani

1613 1380 1822 1425 Honorio
1852 1380 1905 1423 A.
1939 1390 2030 1422 ιη]
2054 1382 2101 1422 et
2129 1376 2416 1436 Eutychiano
2447 1391 2592 1422 conss.
2763 1381 2821 1431 [a.
2853 1379 2952 1430 398]

1668 1434 1700 1482 2
1737 1435 1885 1494 ¹2Imp.
1930 1433 2208 1479 Theodosius
2235 1435 2286 1478 A.
2328 1439 2374 1478 et
2411 1433 2753 1478 Valentinianus
2787 1431 2955 1482 osae-

1614 1494 1675 1538 tio
1712 1506 1795 1551 pp.
1869 1490 1916 1536 Si
1960 1490 2134 1547 quando
2177 1494 2358 1535 nostrae
2408 1493 2583 1534 statuae
2624 1490 2695 1534 vel
2743 1486 2956 1545 imagines

1614 1550 1842 1605 eriguntur
1870 1560 1950 1592 seu
1979 1546 2149 1600 diebus,
2178 1550 2231 1590 ut
2259 1546 2444 1599 adsolet,
2484 1545 2610 1590 festis
2641 1546 2731 1591 sive
2761 1557 2955 1590 commu-

1612 1606 1756 1659 nibus,
1787 1604 1904 1648 adsit
1931 1603 2065 1647 iudex
2094 1603 2187 1647 sine
2216 1602 2486 1647 adorationis
2507 1601 2740 1647 ambitioso
2764 1600 2955 1658 fastigio,

1613 1666 1663 1706 ut
1692 1664 1999 1705 ornamentum
2028 1659 2115 1703 diei
2128 1659 2197 1703 vel
2217 1659 2316 1704 loco
2343 1663 2388 1703 et
2412 1663 2590 1703 nostrae
2612 1656 2958 1704 recordationi&

1614 1718 1684 1762 sui
1725 1717 1886 1773 probet
1929 1715 2170 1760 accessisse
2245 1715 2510 1759 raesentiam
2526 1715 2575 1758 ¹⁴.
2646 1714 2703 1760 D.
2743 1725 2812 1758 111
2850 1726 2955 1758 non.

1613 1773 1723 1819 Mai.
1744 1772 1994 1818 Theodosio
2010 1773 2060 1815 A.
2078 1783 2138 1815 XI
2150 1775 2196 1815 et
2250 1771 2528 1816 alentiniano
2543 1769 2586 1815 C.
2603 1784 2747 1816 conss.
2783 1773 2841 1823 [a.
2857 1771 2957 1823 425]

1673 1827 1702 1877 3
1735 1828 1882 1888 Impp.
1925 1828 1966 1872 T
1961 1827 2204 1873 heodosius
2241 1831 2287 1872 et
2337 1826 2679 1871 Valentinianus
2715 1827 2808 1871 AA.
2851 1825 2958 1870 Flo-

1613 1886 1760 1931 rentio
1782 1898 1868 1952 pp.
1927 1884 1980 1928 In
2008 1887 2188 1928 nostrae
2216 1883 2463 1928 serenitatis
2491 1882 2754 1940 imaginibus
2783 1894 2838 1927 ac
2866 1885 2958 1927 sta-

1614 1943 1703 1987 tuis
1742 1941 1960 1998 erigendis
2001 1941 2200 1996 privatae
2240 1939 2488 1984 collationis
2525 1938 2732 1983 iniuriam
2775 1937 2960 1995 propul-

1616 2000 1705 2043 sari
1733 1998 2042 2055 praecipimus,
2072 2009 2129 2040 ne
2159 1996 2263 2052 quid
2292 1996 2339 2039 in
2369 2008 2420 2040 eo
2445 2008 2574 2039 suum
2597 1995 2825 2041 collatora
2854 2006 2958 2039 nos-

1617 2060 1700 2100 cat.
1759 2054 1815 2099 D.
1849 2066 1917 2097 III
1942 2067 2045 2098 non.
2073 2052 2219 2111 April.
2247 2051 2498 2096 Theodosio
2527 2051 2580 2096 A.
2611 2063 2727 2096 XVII
2753 2055 2798 2096 et
2863 2055 2959 2095 esto

1616 2125 1760 2156 conss.
2771 2110 2828 2160 [a.
2859 2109 2959 2159 439]

1671 2166 1703 2213 4
1735 2165 1861 2211 Idem
1889 2165 1981 2209 AA.
2028 2163 2089 2208 ad
2131 2162 2325 2208 Nomum
2369 2164 2572 2209 comitem
2616 2168 2661 2208 et
2694 2162 2961 2221 maqistrum

1617 2223 1891 2282 officiorum.
1950 2221 2013 2263 Et
2042 2220 2252 2263 virtutum
2290 2220 2488 2276 praemia
2526 2218 2663 2264 tribui
2690 2218 2960 2264 merentibus

1618 2279 1821 2324 convenit
1860 2281 1903 2321 et
1942 2277 2129 2320 aliorum
2165 2275 2358 2320 honores
2398 2276 2493 2320 aliis
2533 2276 2795 2320 damnorum
2831 2287 2960 2320 occa-

1617 2336 1785 2380 sionem
1812 2333 1909 2378 fieri
1937 2345 2027 2376 non
2057 2336 2246 2387 oportet.
2312 2331 2478 2376 idcirco
2519 2332 2722 2387 quotiens
2750 2331 2820 2376 vel
2846 2330 2961 2375 iudi-

1617 2392 1742 2435 cibus
1786 2389 1950 2434 nostris
1989 2387 2058 2432 vel
2102 2387 2284 2431 cuilibet
2322 2387 2400 2431 alii
2436 2391 2588 2432 statua
2630 2387 2766 2432 fuerit
2793 2399 2822 2431 a
2851 2399 2960 2454 quo-

1618 2459 1804 2502 cumque
1843 2443 2026 2500 collegio
2067 2455 2146 2488 seu
2185 2442 2334 2487 officio
2365 2443 2436 2487 vel
2472 2444 2520 2488 in
2548 2444 2633 2488 hac
2663 2443 2964 2488 sacratissima

1617 2504 1796 2547 civitate
1824 2501 1893 2545 vel
1934 2500 1982 2544 in
2024 2498 2263 2556 provinciis
2298 2500 2545 2565 postulata,
2590 2511 2870 2557 nequaquam
2907 2506 2963 2544 ex

1618 2558 1904 2615 discriptione
1933 2559 2135 2612 sumptus
2166 2555 2312 2611 colligi
2340 2556 2549 2613 patimur,
2581 2556 2660 2601 sed
2688 2555 2797 2610 eius,
2836 2555 2962 2600 cuius

1617 2616 1673 2660 ad
1701 2616 1916 2660 honorem
1944 2612 2124 2669 petitur,
2156 2612 2360 2668 expensis
2390 2613 2581 2669 propriis
2604 2615 2799 2658 statuam
2825 2611 2962 2657 collo·

1618 2671 1711 2716 cari
1751 2669 2061 2728 praecipimus.
2143 2667 2199 2712 D.
2253 2680 2284 2712 V
2328 2668 2371 2713 k.
2416 2669 2562 2728 April.
2615 2667 2865 2714 Theodosio
2907 2669 2959 2714 A.

1619 2737 1756 2772 iri-111
1785 2739 1907 2775 cons.
2773 2728 2830 2777 [a.
2862 2727 2962 2777 444]

2213 2895 2364 2944 XXV.

1730 2978 1808 3019 DE
1837 2976 1932 3018 ms
1963 2976 2062 3024 QUI
2090 2977 2166 3017 AD
2196 2976 2439 3018 STATUAS
2471 2976 2849 3021 CONFUGIUNT.

1681 3059 1703 3106 1
1744 3057 1959 3118 ¹⁵Imppp.
2001 3056 2344 3103 Valentinianus
2374 3056 2652 3104 Theodosius
2679 3064 2726 3104 et
2738 3059 2965 3106 Arcadius

1619 3116 1749 3161 ΑΑΑ.
1771 3114 1966 3173 Cyneqio
1980 3128 2063 3182 pp.
2124 3113 2210 3169 Qui
2237 3114 2296 3158 ad
2324 3118 2497 3159 statuas
2525 3115 2594 3159 vel
2621 3115 2791 3160 vitandi
2817 3119 2962 3161 metus

1618 3173 1688 3217 vel
1730 3171 1949 3216 creandae
1990 3170 2182 3215 mvidiae
2223 3183 2361 3215 causa
2403 3170 2705 3227 confugerint,
2748 3172 2788 3218 si
2817 3175 2963 3217 certas

1618 3227 1857 3273 habuerint
1893 3239 2072 3280 causas,
2111 3226 2270 3282 quibus
2311 3225 2549 3292 confugere
2587 3227 2644 3271 ad
2677 3227 2963 3284 imperatoria

1619 3284 1857 3329 simulacra
1886 3283 2128 3335 debuerint,
2168 3282 2263 3327 iure
2296 3294 2351 3327 ac
2379 3282 2550 3348 legibus
2579 3282 2866 3328 vindicentur.
2924 3283 2964 3329 si

1619 3354 1727 3386 vero
1757 3339 1936 3397 probati
1951 3340 1986 3366 ¹⁶
2023 3338 2188 3382 fuerint
2216 3338 2387 3383 artibus
2422 3351 2513 3383 suis
2541 3339 2747 3384 invidiam
2774 3339 2963 3385 inimicis
2986 3362 2987 3365 ¹

1620 3410 1770 3442 creare
1806 3395 2011 3449 voluisse,
2055 3394 2194 3438 ultrix
2234 3394 2282 3438 in
2325 3407 2400 3439 eos
2436 3395 2657 3440 sententia
2693 3395 2960 3452 proferatur.

1619 3453 1674 3499 D.
1696 3452 1822 3512 prid.
1862 3465 1966 3496 non.
2007 3449 2095 3496 Iul.
2140 3449 2532 3509 Constantinopoli
2560 3451 2770 3498 Honorio
2799 3465 2875 3512 np.
2918 3455 2966 3497 et

1621 3509 1801 3554 Euodio
1832 3521 1974 3553 conss
2775 3511 2832 3562 [a.
2863 3510 2961 3561 386]

2203 3676 2418 3727 XXVI.¹'¹

1712 3762 1789 3803 DE
1820 3760 2046 3803 OFFICIO
2075 3759 2532 3802 PRAEFECTORUM
2559 3760 2873 3804 PRAETORIO

1954 3816 2218 3859 ORLENTIS
2253 3817 2328 3858 ET
2355 3815 2625 3858 ILLYRICI.

1681 3899 1704 3946 1
1749 3897 1863 3957 Imp.
1903 3898 2167 3964 Alexander
2204 3902 2255 3944 A.
2297 3897 2560 3964 Theodoto..
2608 3898 2804 3944 Libellus
2828 3911 2960 3966 prae·

1618 3956 1736 4001 fecto
1774 3959 1999 4012 praetorio
2037 3956 2167 4001 datus
2206 3969 2287 4012 pro
2325 3957 2647 4000 contestatione
2686 3955 2842 4000 haberi
2868 3966 2960 4000 non

1619 4015 1777 4069 potest.
1850 4010 1905 4055 D.
1941 4011 2067 4070 prid.
2120 4011 2163 4056 lc.
2213 4012 2305 4058 Oct.
2343 4011 2561 4070 Aqricola
2605 4015 2652 4056 et
2694 4008 2911 4056 Clemente
2925 4012 2961 4039 ¹⁸

1620 4081 1866 4169 cogn-Mem
1893 4123 1945 4168 A.
1976 4119 2215 4169 Restituto.
2284 4122 2490 4167 Formam
2520 4134 2550 4186 a
2575 4068 2958 4186 praefectgl‘pigg!

1620 4179 1735 4223 torio
1766 4178 1927 4233 datam,
1959 4183 2003 4225 et
2031 4180 2070 4224 si
2085 4180 2120 4207 ¹⁹
2147 4179 2364 4236 generalis
2393 4178 2464 4233 sit,
2493 4189 2669 4222 minime
2695 4176 2864 4234 legibus
2889 4178 2960 4224 vel

1616 4333 1715 4361 nere
1748 4319 1923 4362 CRMa?
2094 4321 2151 4374 (9)
2181 4319 2329 4361 armati
2357 4319 2514 4372 scripsi,
2551 4317 2730 4359 basilisci
2758 4330 2795 4359 11
2823 4318 2865 4360 et
2891 4331 2963 4361 ai·-v

1616 4375 1734 4417 matii
1763 4376 1864 4417 Hal.
1989 4377 2065 4431 (10)
2095 4379 2213 4430 {unqe
2243 4378 2282 4427 8,
2311 4383 2360 4428 11,
2391 4382 2430 4416 13
2555 4375 2620 4427 (11)
2653 4386 2776 4425 quam
2803 4373 2960 4428 polluit

1618 4432 1790 4473 extortis
1811 4431 1948 4472 titulis
1963 4431 2029 4474 vel
2052 4431 2338 4486 praesumptis,
2365 4429 2412 4470 in
2427 4428 2646 4471 Mommsen
2719 4431 2792 4484 (12)
2807 4450 2865 4467 ==
2883 4432 2956 4473 Th.

1623 4490 1686 4538 15,
1716 4496 1750 4538 4,
1781 4496 1799 4529 1
1922 4488 1997 4541 (13)
2026 4490 2086 4530 sic
2119 4488 2206 4540 Th„
2235 4485 2531 4528 recordationis
2561 4486 2657 4528 libri
2794 4486 2869 4539 (14)
2897 4488 2957 4529 sic

1623 4543 1710 4595 Th„
1739 4544 1970 4596 praesentia
2001 4544 2097 4585 libri
2185 4545 2259 4598 (15)
2287 4561 2345 4579 ει
2378 4539 2450 4582 Th·
2481 4543 2519 4595 9,
2550 4550 2608 4593 44,
2637 4551 2658 4584 4
2757 4544 2830 4594 (16)
2860 4555 2956 4595 pro-

1619 4598 1698 4640 diti
1731 4599 1803 4640 ΤΙι.
1931 4601 2007 4651 (ιτ)
2037 4597 2075 4641 Β
2103 4607 2139 4651 e,
2167 4607 2200 4640 4.
2233 4622 2284 4628 —
2318 4595 2379 4651 cf.
2409 4596 2510 4652 Dae'y.
2540 4606 2572 4650 1,
2603 4606 2638 4639 n
2766 4599 2841 4652 (18)
2872 4597 2956 4639 cle-

1620 4655 1755 4695 mente
1770 4655 1928 4709 scripsi,
1945 4653 2191 4696 clementino
2207 4653 2307 4695 Hal.
2367 4653 2441 4706 (19)
2457 4651 2532 4693 etei
2553 4653 2638 4705 GR,
2652 4653 2688 4694 si
2704 4654 2795 4696 dete.
2813 4669 2896 4696 cum
2912 4651 2951 4693 B

3132 4475 3138 4514 Ι.
