3094 4732
188 174 288 226 XII
324 178 387 226 63

213 325 235 363 3
294 316 641 375 ἐξορισθήσεται,
673 322 745 360 καὶ
778 321 804 374 ἡ
831 315 952 370 τάξις
980 315 1030 360 δὲ
1057 310 1308 377 κινδυνεύει.
1362 307 1506 379 ’ρίὴτε

293 373 540 443 διαγραφὴν
562 373 777 431 γενέσθαι
793 372 1013 430 προφάσει
1034 370 1207 414 τούτων
1234 383 1330 434 τροις
1346 381 1506 432 αἰτιων

292 428 400 486 ὑπερ
428 430 505 471 τοῦ
568 427 592 482 ὴ
619 428 667 477 ἒξ
693 428 875 484 χρυσούς
886 430 916 480 ²,
980 425 1053 469 τ’τε
1078 430 1136 467 cos
1158 438 1279 488 παρα
1307 437 1506 486 εκοντριν

291 482 440 539 μηδέν,
470 481 523 525 ἀλ
551 483 577 524 ἀ
605 482 685 524 τὸν
711 481 911 536 λαβόντα
934 446 1108 525 gibbam
1132 494 1184 520 το
1209 473 1503 542 τετραπλουν.

210 545 234 583 4
293 540 410 582 Καὶ3
431 534 557 592 ἡνίκα
587 536 636 580 δὲ
659 537 702 579 οἱ
729 535 907 580 πολῖται
934 534 1174 592 βούλονται
1203 532 1382 597 &aurove
1411 528 1504 573 ὁια-

289 594 457 652 γράψαι
495 592 628 646 τυχὸν
656 589 682 646 ἢ
717 594 775 634 εἰς
811 594 941 650 ἔργον
980 589 1007 633 δ
1033 586 1192 644 μόσιον
1207 603 1256 652 „⁷7
1285 587 1346 629 εἰς
1374 601 1504 629 σιτω-

291 655 406 702 νίαν,
452 647 480 703 ἢ
521 650 691 691 αἰτοῦσι
711 657 717 669 ‘
738 648 860 703 παρὰ
895 650 1003 701 βασι
1034 648 1113 710 ἕως
1150 658 1282 709 τουτο
1323 643 1503 708 ἐπιτρα-

292 707 441 758 πῆναι,
471 701 520 747 οὗ
550 703 630 757 χοὴ
660 703 843 757 ζημιοῦν
872 698 1030 742 αὐτοὺς
1058 695 1188 741 ουὸὲν
1216 699 1329 754 υπὲρ
1358 713 1504 751 τουτο,

292 762 363 803 ἵνα
390 758 450 816 μὴ
477 760 519 802 οἱ
545 745 627 814 μὲν
656 758 779 816 ἱερεῖς
806 753 1162 814 ἀγανακτῶνται,
1194 753 1239 795 οἱ
1271 751 1320 795 δὲ
1349 753 1502 811 ἄρχον-

289 830 357 858 τες
384 818 456 858 καὶ
485 816 557 868 τῆς
586 811 712 872 ἀρχῆς
740 815 990 855 ἐκπίπτωσι
1014 814 1088 852 καὶ
1115 810 1405 867 ἐξορίζωνται
1430 812 1503 851 καὶ

292 868 578 926 ὃημεύωνται.
626 868 651 923 ἡ
678 867 727 911 δὲ
755 866 875 918 τάξις
903 868 963 910 εἰς
1001 867 1132 920 σῶμα
1160 868 1432 920 τιμωρεῖται,
1465 866 1504 907 εἰ

182 1075 228 1121 (1)
262 1076 280 1119 §
312 1079 345 1113 8.
376 1078 396 1111 4
423 1088 477 1104 =
509 1070 544 1119 1,
575 1077 608 1118 4,
639 1075 697 1118 26,
727 1076 767 1108 15
853 1068 905 1118 (2)
938 1066 1024 1106 hiat
1053 1066 1193 1114 oratio,
1225 1064 1278 1115 cf.
1311 1063 1336 1104 l.
1365 1079 1465 1118 qem.

182 1211 204 1249 3
262 1217 436 1261 quoque
456 1201 756 1261 periclitatur.
817 1199 936 1244 Neve
957 1198 1198 1257 descriptio
1229 1198 1309 1242 sub
1340 1198 1501 1243 harum

180 1272 414 1305 causarum
444 1262 690 1315 praetextu
725 1257 808 1305 fiat
843 1255 964 1299 ultra
1011 1268 1096 1299 sex
1132 1253 1443 1319 solidos-neve
1472 1270 1501 1300 a

178 1320 335 1373 sponte
370 1311 638 1357 solventibus
677 1311 849 1368 quidem
893 1311 1131 1368 quicquam
1169 1312 1499 1368 [accipiaturYL

178 1377 203 1415 4
257 1369 336 1414 sed
362 1369 440 1426 qui
468 1367 709 1425 acceperit,
769 1365 1040 1424 uadruplum
1077 1364 1249 1410 reddat.
1308 1365 1500 1420 Quando

177 1431 321 1470 autem
360 1425 474 1469 cives
511 1424 638 1480 forte
676 1436 727 1467 ve
777 1429 973 1480 propter
1013 1435 1128 1478 opus
1163 1422 1397 1480 publicum
1433 1424 1503 1469 vel

169 1487 360 1541 propter
391 1479 608 1537 frumenti
646 1478 964 1535 coemptionem
999 1492 1046 1522 se
1088 1479 1215 1535 ipsos
1253 1478 1502 1525 describere

175 1537 330 1583 volunt
365 1535 434 1580 vel
469 1533 524 1578 ab
561 1534 833 1592 imperatore
869 1539 921 1577 ut
962 1533 1048 1578 Ιιοο
1085 1534 1170 1577 sibi
1247 1535 1502 1580 ermittatur

170 1597 351 1652 petunt,
389 1590 563 1634 minime
600 1603 676 1633 eos
701 1602 790 1647 pro
825 1588 910 1633 lzoc
947 1589 1109 1634 damno
1140 1589 1201 1633 ad
1235 1591 1276 1634 ci
1305 1597 1499 1649 oportet,

130 1648 132 1650 ’
175 1654 226 1693 ut
250 1646 501 1691 sacerdotes
527 1644 879 1702 indiqnationem
907 1646 1166 1698 incurrant,
1188 1647 1429 1704 praesides
1457 1653 1503 1693 et

175 1704 440 1760 maqistratu
467 1706 778 1745 removeantur
805 1708 851 1745 et
869 1700 1116 1758 publicatis
1145 1701 1273 1745 bonis
1301 1703 1499 1759 releqen-

180 1768 273 1803 tur:
303 1758 501 1814 officium
531 1762 676 1801 autem
705 1758 914 1815 corporis
938 1771 1132 1815 poenam
1161 1758 1293 1811 subit,
1330 1760 1417 1803 nisi
1445 1774 1499 1804 ea

1487 157 1591 217 488

2323 174 2596 215 PUBLICAE
2629 176 2928 218 LAETITIAE

1622 315 1646 354 5
1704 325 1832 365 μονα.
1897 306 2129 360 Ἐξουσιάν
2166 308 2250 368 γὰρ
2289 311 2463 364 ἔχουσιν
2501 311 2546 354 οἱ
2583 309 2930 373 διαγραφόμενοι

1705 362 1952 422 ἀντιλέγειν
1979 368 2071 408 τοῖς
2099 363 2442 424 διαγράφουσιν·
2481 367 2520 409 εἰ
2549 364 2599 409 δὲ
2625 368 2686 424 μὴ
2713 367 2931 414 δύνανται

1704 421 1837 462 τοῦτο
1866 423 2025 474 ποιεῖν,
2056 421 2373 466 ἐπικαλεῖσθαι
2393 422 2475 465 τὸν
2496 419 2691 480 ἄρχοντα
2704 428 2779 467 καὶ
2801 429 2929 481 βασι·

1622 479 1647 519 6
1706 474 1774 518 zet
1798 474 1997 531 μηνύειν.
2057 474 2118 520 Οὐ
2148 476 2230 534 χρὴ
2271 474 2321 520 δὲ
2349 475 2450 520 οὔτε
2478 478 2580 521 τοὺς
2608 482 2803 539 πατέρας
2829 478 2932 524 οὔτε

1704 530 1806 574 τούς
1837 532 2032 574 σιτῶνας
2067 529 2094 586 ἢ
2134 532 2340 576 §minois
2368 530 2616 578 ἀποδέκτας
2645 539 2855 594 παρέχειν
2882 537 2931 579 ἐκ

1703 589 1801 630 τῶν
1840 583 1990 629 οὐσῶν
2027 589 2077 644 ἐν
2111 594 2234 648 χερσὶ
2276 587 2518 649 προσόδων
2552 587 2665 645 μηδὲ
2702 591 2933 646 ποσότητα

1705 638 2017 711 φυλάττεσθαι
2038 644 2098 702 τῇ
2121 642 2413 706 ἀφωρισμένῃ
2436 651 2576 704 χρείᾳ.
2620 647 2659 689 εἰ
2684 646 2733 690 δὲ
2747 647 2933 706 παραβῇ
2964 664 2975 673 ··

1702 714 1724 740 ο
1765 696 1930 757 ἄρχων,
1970 700 2152 743 οἴκοθεν
2190 703 2336 745 ταῦτα
2373 700 2656 756 καταβάλλει.
2729 701 2811 761 χρὴ
2876 699 2932 761 ἀρ

1702 750 1903 852 ἇμετίῖωτα
1941 752 1998 796 τά
2027 771 2077 797 τε
2113 753 2306 812 δημόσια
2335 761 2409 800 καὶ
2445 758 2504 800 τὰ
2531 756 2741 802 πολιτικὰ
2770 776 2829 816 φυ
2870 755 2930 802 ’τ-

1702 824 1782 852 τεσ
1825 827 1884 853 αι.

1590 865 1644 910 D.
1686 878 1780 909 νη]
1805 865 1848 910 lc.
1881 864 1967 910 Iul.
2019 866 2295 914 Chalcedone
2324 869 2576 928 Lampadio
2606 875 2651 915 et
2682 869 2837 915 Oreste
2864 885 2930 916 vv.
2980 914 2990 923 ,

1554 1066 1608 1117 (3)
1639 1068 1716 1105 καί
1744 1066 1849 1106 delet
1876 1065 2060 1106 Hercher

290 944 348 981 μη
376 926 554 1070 ιῆηνυθῇ
593 923 766 981 βασιλεῖ
792 923 847 966 τὰ
877 921 999 981 παρὰ
1035 920 1119 975 τὴν
1151 918 1355 970 διάταξιν
1383 918 1501 979 γινό·
1591 935 1651 965 cc.
1684 935 1827 966 conss.
2743 931 2800 980 [a.
2832 929 2930 980 530]

193 1150 2919 1181 ww

1587 1214 1704 1257 quae
1743 1206 1902 1245 contra
1945 1202 2309 1247 constitutionem
2349 1206 2482 1261 facta
2517 1213 2625 1251 sunt
2663 1207 2932 1267 imperatori

1590 1263 1614 1300 5
1673 1257 1885 1301 nuntiata
1901 1258 2099 1314 fuerint.
2161 1257 2414 1317 Descriptis
2443 1263 2558 1306 enim
2589 1263 2739 1309 licebit
2764 1264 2930 1311 descri-

1587 1312 1790 1356 bentibus
1817 1327 1867 1357 se
1897 1327 2149 1371 opponere:
2187 1316 2312 1372 quod
2344 1317 2386 1360 si
2419 1319 2578 1375 facere
2606 1332 2699 1364 non
2737 1321 2929 1376 valeant,

1589 1373 1613 1412 6
1672 1369 1908 1426 appellare
1928 1369 2189 1427 praesidem
2214 1377 2260 1416 et
2287 1372 2555 1430 imperatori
2572 1377 2794 1422 nuntiare.
2840 1377 2930 1423 Ne-

1587 1439 1673 1481 que
1692 1432 1858 1483 patres
1886 1439 2030 1490 neque
2056 1426 2232 1470 sitonas
2255 1441 2398 1485 neque
2413 1431 2722 1487 provinciales
2749 1438 2964 1493 suscep-‘⁷

1589 1488 1710 1525 tores
1738 1495 1799 1526 ex
1827 1481 2046 1526 reditibus
2074 1496 2190 1540 quos
2219 1497 2366 1541 penes
2401 1499 2450 1530 se
2487 1485 2653 1532 habent
2689 1490 2929 1548 quicquam

1583 1537 1803 1594 praebere
1833 1542 2028 1596 oportet,
2058 1543 2111 1582 ut
2136 1540 2371 1603 quantitas
2398 1541 2461 1586 ad
2486 1556 2614 1587 usum
2630 1545 2928 1602 praefinitum

1586 1607 1678 1637 non
1702 1600 1916 1639 servetur.
1963 1594 2087 1651 quod
2108 1608 2146 1638 si
2164 1609 2357 1660 praeses
2371 1598 2639 1655 neqlexerit,
2669 1599 2724 1645 de
2751 1614 2834 1646 suo
2870 1615 2928 1647 ea

1584 1650 1803 1694 restituit:
1838 1650 2072 1694 imminuta
2110 1665 2226 1694 enim
2265 1659 2310 1697 et
2341 1653 2520 1710 fiscalia
2549 1660 2594 1700 et
2618 1669 2694 1701 res
2711 1656 2951 1716 publicae*

1585 1706 1814 1750 civitatum
1844 1707 2018 1751 servari
2047 1705 2217 1755 debent.
