3080 4770
164 170 282 221 VIII
319 169 399 217 26.
436 167 501 216 27

158 328 254 360 nem
298 311 575 365 susceperat,
618 304 884 356 intercessit,
939 307 990 347 ut
1031 303 1143 346 idem
1187 297 1350 362 fundus
1378 295 1474 358 ,tibi

155 367 347 427 pignoris
366 364 538 409 nomine
557 365 771 409 teneatur,
803 359 1021 413 ¹quamvis
1051 354 1273 417 personali
1300 354 1475 394 actione

156 421 388 477 expertus²
425 417 581 462 feceris
616 414 1033 461 condemnationem,
1072 412 1266 472 pignoris
1301 404 1476 449 tamen³

156 482 180 522 2
238 477 371 519 habes
409 471 767 529 persecutionem.
817 469 883 511 Ac
922 469 960 511 si
998 468 1042 509 in
1070 473 1350 527 possessione
1379 459 1474 524 fue-

154 533 213 576 ris
244 531 526 578 constitutus,
568 525 653 568 nisi
691 536 743 566 ea
775 535 947 577 quoque
975 518 1271 583 pecunia-tibi
1300 529 1327 559 a
1356 516 1476 560 debi-

153 594 247 631 tore
277 585 486 628 reddatur
514 582 580 624 vel
610 579 834 630 offeratur,
869 589 981 631 quae
1010 575 1103 618 sine
1132 571 1476 637 pignore.debe-·

153 646 249 693 tur,
290 653 383 684 eam
421 637 651 681 restituere
688 635 868 688 propter
904 631 1207 684 exceptionem
1246 627 1336 672 doli
1375 626 1478 669 mali

153 710 241 740 non
284 694 463 750 cogeris.
536 692 630 733 iure
671 688 793 731 ‘enim
844 685 1071 730 contendis
1115 684 1337 728 debitores
1381 694 1479 726 eam

153 753 291 797 solam
319 749 560 805 pecuniam,
593 744 715 788 cuius
746 742 920 786 nomine
949 741 1136 796 pignora
1163 740 1477 805 obligaverunt,

153 808 380 851 offerentes
423 802 564 846 audiri
607 813 695 844 non
739 803 961 853 oportere,
1008 797 1091 839 nisi
1130 809 1212 852 pro
1241 796 1318 839 illa
1346 799 1480 859 etiam

153 860 462 910 satisfecerint,
506 869 634 912 quam
672 860 870 898 mutuam
914 853 1168 908 simpliciter
1211 854 1477 906 acceperint.

154 923 177 961 3
236 916 359 971 Quod
387 915 432 957 in
462 912 652 956 secundo
684 910 900 954 creditore
927 909 1073 952 locum
1098 921 1185 951 non
1211 908 1367 950 habet:
1397 918 1479 970 nec

153 973 261 1017 enim
293 970 530 1014 necessitas
561 968 600 1010 ei
638 966 879 1022 imponitur
909 964 1316 1018 chirographarium
1350 967 1481 1005 etiam

153 1028 343 1071 debitum
372 1025 506 1080 priori
537 1022 742 1067 creditori
772 1020 944 1065 offerre.
993 1018 1085 1063 ΡΡ.
1116 1019 1175 1062 id.
1201 1017 1338 1063 Mart.
1369 1015 1481 1060 Gor-

153 1083 287 1127 diano
316 1083 366 1126 A.
397 1087 441 1125 et
468 1079 628 1123 Aviola
658 1091 802 1121 conss.
1294 1078 1351 1126 [a.
1383 1075 1480 1124 239]

563 1192 746 1239 XXVI!
786 1187 1072 1255 (XXVIII).⁴

391 1275 465 1315 DE
495 1273 905 1314 DISTRACTIONE
934 1270 1244 1312 PIGNORUM.

208 1358 230 1404 1
269 1355 380 1414 Imp.
411 1354 672 1399 Alexander
702 1356 752 1397 A.
785 1353 996 1397 Pacatae.
1067 1352 1272 1395 Fundum
1311 1351 1485 1406 pignori

151 1414 400 1468 obligatum,
431 1411 469 1454 si
500 1410 689 1454 creditor
717 1422 770 1452 ex
800 1409 1020 1453 fructibus
1051 1408 1245 1452 debitum
1276 1418 1484 1462 persecu-

150 1475 219 1512 tus
260 1472 347 1520 est,
388 1480 486 1510 cum
515 1467 612 1521 ipso
643 1465 738 1509 iure
768 1466 926 1521 pignu's
957 1464 1223 1519 obligatione
1251 1464 1485 1526 liberatum

149 1525 219 1579 sit,
244 1523 487 1567 distrahere
513 1522 686 1565 minime
707 1527 866 1576 potest.
911 1519 1006 1565 ΡΡ.
1024 1520 1082 1563 id.
1103 1519 1198 1563 Ian.
1218 1518 1425 1563 Maximo
1444 1529 1488 1561 11

149 1585 193 1624 et
220 1579 408 1623 Aeliano
439 1591 581 1621 conss.
1297 1579 1352 1626 [a.
1385 1577 1483 1625 223]

206 1633 237 1680 2
277 1632 402 1678 Idem
444 1635 495 1677 A.
541 1631 760 1676 Maximo.
830 1631 1046 1683 Creditor,
1091 1630 1165 1686 qui
1208 1631 1485 1687 hypothecae

128 1704 227 1735 vseu
255 1690 429 1745 pignori
458 1701 551 1732 rem
580 1688 664 1732 sibi
703 1700 861 1731 nexam
892 1687 1152 1740 vendiderit,
1192 1699 1284 1730 rem
1323 1686 1485 1741 litigio-

150 1759 244 1790 sam
274 1758 362 1789 non
391 1745 561 1788 videtur
590 1743 791 1797 vendere,
821 1744 924 1799 quia
952 1743 1155 1799 precario
1186 1742 1358 1786 debitor
1381 1754 1485 1798 pos-

153 1801 276 1845 sidet.
349 1799 444 1843 PP.
493 1811 572 1843 111
621 1799 666 1843 lc.
715 1797 806 1844 Oct.
862 1798 1067 1843 Maoeimo
1116 1810 1181 1841 ην
1209 1806 1252 1842 et
1295 1798 1485 1841 Aeliano

153 1869 294 1900 conss.
1299 1858 1355 1905 [a.
1387 1857 1485 1904 223]

209 1909 238 1958 3
280 1909 404 1954 Idem
440 1911 491 1954 A.
533 1909 747 1953 Luciano.
816 1909 1086 1966 Hypothecis
1123 1908 1190 1952 vel
1226 1909 1487 1964 pignoribus

153 1980 181 2011 a
225 1966 442 2011 creditore
480 1965 752 2009 venumdatis
795 1965 841 2008 in
878 1965 924 2008 id
960 1965 1076 2020 quod
1116 1965 1240 2008 deest
1277 1965 1492 2008 adversus

152 2035 274 2066 reum
302 2021 371 2064 vel
399 2021 703 2065 fideiussorem
733 2021 848 2064 actio
880 2021 1100 2076 competit.
1161 2019 1253 2063 ΡΡ.
1288 2031 1356 2063 111
1381 2034 1486 2064 non.

154 2078 266 2122 Nov.
298 2076 504 2120 Maximo
536 2088 581 2119 ΙΙ
613 2083 656 2120 et
682 2077 870 2120 Aeli-ano
901 2090 1044 2121 conss.
1301 2080 1356 2128 [a.
1389 2079 1487 2128 223]

210 2132 241 2178 4
286 2131 409 2176 Idem
449 2134 498 2175 A.
543 2131 775 2176 Crescenti.
850 2132 1049 2176 Creditor
1087 2132 1360 2188 hypothecas
1398 2132 1489 2175 sive

184 2189 310 2243 ignus
355 2200 453 2230 cum
496 2187 753 2242 proscribit,
802 2194 953 2230 notum
997 2187 1185 2231 debitori
1227 2187 1396 2240 facere,
1450 2187 1489 2230 si

152 2203 270 2288 {ona
307 2242 394 2285 fide
423 2255 515 2285 rem
544 2242 657 2297 gerit
670 2245 699 2295 ⁵,
735 2246 779 2286 et
809 2243 986 2297 quando
1016 2243 1120 2286 licet
1148 2247 1310 2286 testato
1342 2243 1488 2286 dicere

153 2299 293 2342 debet.
353 2297 392 2340 si
422 2298 527 2352 quid
556 2298 704 2351 itaque
733 2310 813 2352 per
847 2297 1046 2340 fraudem
1075 2299 1119 2340 in
1149 2298 1332 2352 pignore
1360 2298 1489 2340 villae

153 2354 351 2397 venditae
405 2352 683 2395 commissum
729 2353 920 2407 probare
972 2355 1123 2407 potes,
1179 2357 1229 2395 ut
1271 2352 1488 2396 inferatur

149 2409 288 2460 actio,
329 2420 440 2462 quae
469 2419 521 2451 eo
551 2407 726 2450 nomine
757 2408 985 2464 competit,
1026 2407 1099 2450 adi
1137 2420 1236 2450 eum
1276 2408 1405 2451 cuius
1434 2407 1489 2451 de

151 2477 204 2508 ea
246 2476 295 2507 re
339 2463 460 2507 notio
504 2465 585 2507 est.
657 2461 751 2506 ΡΡ.
795 2462 839 2507 lc.
885 2461 984 2506 Iun.
1031 2463 1177 2506 Fusco
1221 2469 1266 2507 et
1308 2462 1487 2507 Deaetro

1300 2522 1356 2571 [a.
1389 2522 1487 2570 225]

206 2574 236 2621 5
270 2573 393 2618 Idem
423 2575 475 2617 A.
510 2572 739 2617 Sossiano,
799 2572 844 2616 Si
884 2574 1107 2617 residuum
1138 2573 1275 2617 debiti
1304 2577 1488 2630 paratus

151 2643 198 2675 es
227 2630 409 2681 solvere,
440 2641 621 2684 praeses
651 2629 902 2684 provinciae
933 2630 1057 2672 dabit
1083 2630 1299 2673 arbitrum
1310 2631 1339 2683 ⁶,
1370 2630 1489 2685 apud

153 2699 292 2741 quem,
324 2690 537 2740 quantum
566 2685 626 2728 sit
654 2684 772 2739 quod
802 2691 1004 2740 superest
1034 2698 1088 2729 ex
1118 2685 1286 2737 debito,
1324 2687 1488 2729 exami-

151 2742 351 2785 nabitur:
386 2746 430 2784 et
458 2741 549 2783 sive
578 2739 635 2783 ad
664 2740 851 2783 iudicem
881 2741 1029 2784 venire
1061 2741 1232 2784 diversa
1260 2754 1365 2796 pars
1394 2754 1488 2785 ces-

153 2797 343 2840 saverit⁷
381 2797 471 2839 sive
511 2796 660 2840 oblato
698 2795 922 2850 superfluo
963 2797 1019 2839 ad
1058 2797 1351 2841 venditionem
1384 2810 1488 2853 pro-

154 2852 341 2905 siluerit,
378 2851 437 2894 im
470 2851 579 2895 roba
608 2851 815 2894 alienatio
851 2852 1136 2907 proprietatis
1166 2856 1271 2896 tuae
1299 2853 1370 2897 ius
1401 2866 1490 2897 non

153 2908 337 2952 auferet.
447 2906 497 2950 P.
543 2919 622 2950 xl!
657 2905 700 2950 lc.
741 2908 855 2964 Auq.
898 2907 1177 2966 Pompeiano
1217 2915 1261 2953 et
1297 2908 1489 2966 Peliqno

153 2977 294 3007 conss.
1319 2978 1359 3008 a.
1392 2967 1467 3007 231

210 3015 241 3065 6
273 3017 386 3076 Imp.
420 3016 675 3062 Gordianus
703 3020 754 3062 A.
786 3017 981 3076 Roqato.
1042 3019 1260 3074 Quamdiu
1297 2968 1387 3064 i[ion
1423 2968 1492 3064 est]:

150 3074 322 3128 integra
346 3074 535 3129 pecunia
558 3074 767 3117 creditori
791 3077 1035 3125 numerata,
1062 3076 1233 3119 etiamsi
1256 3089 1337 3132 pro
1361 3078 1491 3131 parte

151 3130 315 3174 maiore
344 3142 440 3173 eam
469 3135 730 3173 consecutus
761 3130 841 3182 sit,
882 3130 1157 3175 distrahendi
1192 3144 1284 3175 rem
1323 3132 1411 3176 obli
1442 3144 1489 3175 a·

151 3190 241 3228 tam
270 3198 360 3228 non
389 3185 552 3229 amittit
579 3185 849 3229 facultatem.
918 3185 1011 3229 ΡΡ.
1044 3199 1147 3230 ΧΗ]
1172 3187 1215 3230 lc.
1249 3187 1371 3245 Sept.
1445 3188 1489 3232 io

155 3246 198 3283 et
227 3239 453 3284 Pontiano
485 3254 626 3284 conss.
1301 3249 1356 3296 [a.
1390 3246 1488 3296 238]

213 3292 239 3339 7
276 3294 398 3339 Idem
427 3297 477 3338 A.
513 3295 639 3339 Caro.
710 3296 758 3340 Si
798 3302 999 3342 cessante
1039 3298 1259 3343 solutione
1300 3298 1490 3343 creditor

156 3362 245 3392 non
283 3350 526 3394 reluctante
563 3352 657 3406 lege
691 3358 945 3398 contractus
975 3366 1028 3398 ea
1088 3367 1172 3399 uae
1201 3355 1374 3411 pignori
1404 3354 1491 3399 sibi

154 3417 270 3448 nexa
300 3406 671 3470 erant-distraxit,
703 3409 929 3451 revocari⁸
968 3423 1048 3453 ven
1082 3410 1262 3455 itionem
1290 3411 1489 3467 iniquum

156 3465 236 3509 est,
268 3474 380 3513 cum,
411 3474 449 3503 si
478 3461 581 3516 quid
610 3462 654 3504 in
685 3475 736 3505 ea
764 3476 813 3506 re
851 3464 1156 3510 fraudulenter
1190 3466 1360 3518 fecerit,
1400 3480 1489 3511 non

156 3519 327 3571 emptor
355 3529 383 3559 a
410 3520 476 3566 te,
518 3517 595 3559 sed
627 3518 818 3562 creditor
847 3522 1170 3565 conveniendus
1201 3522 1271 3566 sit.
1333 3521 1427 3569 ΡΡ.
1466 3534 1496 3568 V

157 3571 198 3615 lc.
232 3570 342 3616 Nov.
374 3570 460 3615 Pio
490 3580 535 3616 et
563 3571 789 3616 Pontiano
820 3587 961 3618 conss.
1302 3583 1358 3633 [α.
1392 3583 1489 3632 238]

213 3624 242 3674 8
275 3625 399 3692 Iflem
427 3628 478 3670 Α.
511 3626 730 3692 Maximo:
790 3629 838 3673 Si
872 3631 1016 3688 prius,
1058 3649 1188 3691 quam
1224 3636 1490 3680 distrahere-

156 3685 242 3747 tur·
267 3687 502 3737 pignorata
539 3696 786 3742 possessio,
831 3691 1061 3742 pecuniam
1106 3692 1315 3735 creditori
1360 3693 1488 3736 obtu-

155 3738 272 3793 listi,
308 3751 447 3796 eoque
486 3755 575 3785 non
614 3742 858 3797 accipiente
897 3747 1217 3791 contestatione
1245 3748 1365 3791 facta
1395 3760 1491 3791 eam

160 3796 401 3852 deposuisti
441 3800 485 3840 et
526 3797 771 3853 hodieque⁹
805 3798 851 3842 in
891 3800 1040 3844 eadem
1083 3815 1218 3846 causa
1248 3805 1489 3858 permanet,

156 3852 351 3950 ἓέἒῖἳξῗ
391 3852 1087 3962 3235&233..¹1¹.t{{‚.}'3¹{{..3.32‘¹
1121 3859 1490 3959 Βῇοῗῖῑὲῗέὲἑὶἱᾞ

157 3940 507 4025 sistiere’vocari
555 3978 644 4008 non
690 3965 820 4009 debet
834 3966 880 4007 ¹⁰.
951 3927 1153 4014 PR'JilJ
1198 3983 1303 4014 non.
1343 3970 1490 4028 April.

160 4015 389 4062 Gordiano
419 4021 470 4063 A.
502 4026 547 4063 et
574 4020 735 4064 Aviola
765 4033 909 4064 conss.
1302 4030 1359 4078 [a.
1393 4029 1490 4077 239]

214 4071 244 4119 9
276 4071 422 4133 Impp.
450 4074 759 4120 Diocletianus
788 4081 832 4120 et
854 4074 1164 4124 Maximianus
1185 4081 1277 4125 AA.
1309 4081 1491 4138 Cyrillo.

157 4127 277 4181 Quae
307 4130 555 4183 specialiter
583 4130 707 4176 vobis
737 4131 932 4187 obligata
963 4137 1085 4186 sunt,
1117 4135 1388 4180 debitoribus
1419 4136 1493 4180 de-

158 4185 453 4228 tractantibus
484 4186 745 4230 solationem
783 4188 899 4231 bona
930 4188 1015 4231 fide
1044 4189 1212 4234 debetis
1244 4197 1287 4235 et
1317 4192 1493 4235 sollem-

151 2533 293 2563 607188.

160 4325 210 4374 (ι)
235 4325 419 4374 quamvis
436 4356 444 4364 .
465 4356 472 4364 .
491 4356 500 4365 .
517 4327 840 4378 persecutionem
856 4330 1052 4370 iterantur
1069 4331 1108 4370 in
1125 4333 1163 4381 8,
1182 4341 1234 4382 13,
1252 4342 1271 4373 8
1351 4334 1405 4384 (2)
1421 4331 1493 4373 ad·

161 4389 299 4419 versus
328 4392 441 4420 reum
481 4381 545 4422 vel
574 4382 827 4424 fideiussores
855 4397 927 4424 seu
957 4384 1212 4427 mandatores
1242 4387 1331 4428 eius
1360 4390 1434 4430 ins.
1467 4388 1491 4428 l.

163 4448 258 4484 aem.
373 4436 427 4486 (3)
457 4436 591 4478 adhuc
622 4440 696 4479 ins.
729 4441 754 4479 l.
784 4455 883 4493 qem.
984 4442 1036 4488 (4)
1069 4440 1114 4481 Β
1142 4443 1209 4491 25,
1241 4452 1275 4491 7,
1306 4452 1350 4486 28
1383 4458 1492 4495 seqq.

184 4509 215 4515 -—
243 4489 303 4539 cs.
322 4489 419 4543 Diq.
437 4492 504 4541 20,
521 4502 541 4533 5
626 4496 681 4544 (5)
700 4494 734 4533 si
765 4524 774 4533 .
794 4524 803 4534 .
822 4525 832 4535 .
861 4495 971 4546 gerit
995 4496 1037 4541 C,
1067 4514 1112 4536 u
1143 4527 1152 4536 .
1172 4526 1180 4535 .
1199 4525 1211 4537 .
1242 4501 1356 4549 geret
1382 4499 1494 4548 Mai',

166 4543 205 4578 et
233 4543 309 4605 sibi
437 4558 576 4595 gerere
609 4549 659 4597 R,
691 4553 730 4588 et
760 4580 769 4589 .
788 4580 795 4588 .
814 4580 823 4588 .
853 4563 993 4601 gerere
1023 4548 1093 4589 Mb
1187 4554 1243 4604 (6)
1273 4555 1330 4594 sic
1366 4551 1494 4602 ΟΜΝ,

169 4594 381 4636 arbitrium
411 4600 569 4642 PC⁰R⁰
641 4604 695 4653 (7)
720 4605 778 4643 sic
797 4605 883 4654 PR,
909 4604 1228 4647 dissimulaverit
1256 4609 1291 4649 G
1357 4610 1415 4659 (s)
1438 4610 1495 4648 sic

1459 143 1566 201 346

2022 127 2122 197 'nn
2157 138 2562 195 DiernAcrionn
2596 152 2887 193 mononem

1556 293 1672 335 niter
1701 291 1911 336 vendere:
1940 293 2004 337 ita
2033 294 2146 338 enim
2176 293 2360 349 parebit,
2397 304 2455 334 an
2484 303 2539 334 ex
2564 292 2709 390 gretio
2738 292 2890 348 pigno·

1557 347 1619 390 ris
1649 346 1798 390 debito
1828 347 2030 392 satisfieri
2060 352 2218 405 potest.
2273 347 2391 403 quod
2420 346 2458 390 si
2487 347 2562 401 qui
2621 347 2772 400 deerit,
2803 359 2892 390 non

1558 402 1852 458 prohibemini
1903 404 2034 447 etiam
2086 408 2232 448 cetera
2287 406 2402 447 bona
2455 402 2550 445 iure
2595 402 2893 447 conventionis

1561 457 1782 511 consequi.
1841 455 1936 503 ΡΡ.
1968 471 2071 503 ΧΗ]
2097 460 2140 504 lc.
2158 459 2257 503 lun.
2283 457 2566 501 Diocletiano
2591 467 2658 501 ιιι
2684 463 2728 502 et
2741 456 2894 502 Maaei-

1559 514 1710 556 miano
1741 514 1833 556 AA.
1864 525 2009 557 conss.
2708 516 2765 564 [a.
2796 515 2894 564 287]

1621 567 1682 614 10
1715 566 1842 611 Idem
1870 570 1963 612 AA.
1993 569 2173 626 Rufino.
2242 570 2304 612 Et
2343 568 2418 624 qui
2456 568 2540 611 sub
2570 567 2758 621 imagine
2787 567 2896 611 alte-

1560 624 1652 667 rius
1682 634 1912 678 personae,
1945 637 2075 681 quam
2105 629 2413 681 supposuerat,
2443 624 2603 678 iugiter
2630 626 2766 675 tenet,
2797 634 2897 667 cum

1563 678 1648 723 sibi
1691 679 1914 733 negotium
1985 685 2101 733 erat,
2154 682 2371 725 alienasse
2411 692 2500 723 non
2544 678 2728 722 videtur.
2801 676 2899 721 iure

1563 735 1678 778 enim
1707 733 1902 789 pignoris
1932 748 1957 778 o
1990 736 2171 791 ligatum
2201 736 2428 792 praedium
2459 746 2598 790 neque
2627 734 2666 777 si
2689 745 2770 789 per
2793 732 2899 776 sub·

1562 792 1723 834 iectam
1743 802 1978 844 personam
2007 792 2199 836 creditor
2230 791 2549 847 comparaverit
2576 801 2721 844 neque
2749 788 2789 832 si
2816 786 2903 831 sibi

1563 846 1793 899 addixerit,
1824 845 2012 890 debitori
2040 848 2187 892 adfert
2210 847 2542 903 praeiudicium,
2574 845 2651 889 sed
2676 845 2721 887 in
2750 843 2902 888 eadem

1565 914 1702 945 causa
1737 906 1988 958 permanet,
2027 902 2075 945 in
2113 916 2201 959 qua
2237 904 2324 947 fuit
2352 908 2455 947 ante
2483 900 2735 944 huiusmodi
2763 898 2903 944 collu-

1570 962 1587 1001 1
1649 957 1832 1001 sionem.
1902 957 2018 1001 Sane
2055 959 2091 1001 si
2130 959 2328 1004 debitore
2369 958 2642 1002 distrahente
2673 966 2902 1011 compara-

1565 1014 1689 1066 verit,
1721 1024 1941 1056 consensu
1967 1014 2230 1069 emptionem
2255 1015 2511 1070 perfectam,
2544 1012 2582 1056 si
2606 1023 2748 1067 neque
2775 1010 2904 1054 dolus

1566 1069 1809 1112 adversarii
1836 1081 1982 1123 neque
2009 1074 2154 1113 metus
2184 1083 2320 1114 causa
2349 1073 2474 1125 gesta
2495 1070 2749 1123 arguentur,
2779 1078 2904 1110 revo-

1568 1129 1592 1168 2
1652 1125 1745 1169 cari
1774 1124 1974 1180 exemplo
2003 1137 2135 1179 grave
2165 1131 2244 1168 est.
2296 1127 2342 1170 Si
2370 1126 2506 1181 igitur
2534 1123 2699 1180 poteris
2730 1121 2905 1166 eviden-

1566 1181 1686 1224 tibus
1724 1180 2062 1236 probationibus
2100 1184 2347 1225 monstrare
2386 1181 2647 1225 creditorem
2686 1190 2766 1235 per
2801 1190 2907 1234 sup·

1566 1237 1759 1292 positam
1794 1235 2042 1291 imaginarii
2080 1237 2288 1291 emptoris
2326 1249 2561 1293 personam
2603 1246 2777 1291 semper
2803 1245 2908 1289 pos·

1569 1292 1809 1336 sessionem
1851 1292 2048 1336 tenuisse
2091 1305 2174 1335 nec
2217 1293 2396 1336 vendita
2435 1294 2553 1338 bona
2595 1291 2682 1335 fide
2724 1289 2910 1346 praedia

1564 1352 1723 1403 postea
1762 1348 1994 1392 sinceriter
2024 1361 2326 1403 comparasse,
2367 1354 2494 1404 potes
2536 1347 2688 1392 oblata
2717 1343 2910 1401 pecunia

1570 1417 1670 1447 cum
1708 1404 1854 1448 usuris
1892 1404 1951 1447 ad
1983 1403 2307 1448 restitutionem
2337 1404 2599 1449 creditorem
2629 1401 2908 1458 compellere.

1569 1459 1663 1504 ΡΡ.
1684 1471 1751 1503 111
1774 1473 1879 1504 non.
1896 1460 1989 1505 Oct.
2016 1460 2130 1518 ipsis
2153 1471 2243 1503 III!
2267 1469 2311 1504 ec
2336 1472 2403 1503 ιι]
2426 1462 2518 1504 AA.
2543 1472 2687 1504 conss,
2736 1463 2792 1510 [a.
2811 1459 2909 1508 290]

1629 1514 1686 1561 11
1725 1514 1850 1559 Idem
1887 1516 1979 1560 AA.
2019 1523 2062 1561 et
2105 1514 2181 1559 CC.
2222 1514 2428 1572 Rufinae.
2498 1516 2660 1559 Mulier
2696 1515 2802 1558 licet
2838 1524 2911 1556 res

1571 1571 1824 1626 specialiter
1866 1572 2040 1627 pignori
2084 1571 2256 1615 dederit
2302 1585 2385 1627 pro
2430 1571 2539 1624 alio,
2592 1570 2786 1615 creditor
2837 1579 2944 1618 eas⁴

1570 1627 1843 1671 distrahendi
1868 1641 1957 1672 non
1982 1628 2119 1671 habet
2144 1627 2417 1680 facultatem,
2439 1628 2525 1671 nisi
2546 1625 2911 1676 dissimulatione,

1569 1684 1727 1727 marito
1765 1683 1988 1739 obligante
2026 1684 2145 1728 velut
2211 1684 2407 1739 roprias,
2447 1683 2679 1727 creditoris
2707 1682 2914 1737 ignoran-

1570 1739 1679 1783 tiam
1709 1739 2116 1795 circumscripserit.
2218 1739 2270 1783 Ρ.
2307 1752 2336 1782 V
2360 1739 2402 1783 lc.
2419 1738 2529 1783 Mai.
2558 1739 2799 1784 Heracliae
2815 1738 2913 1844 {¹93¹}

1571 1808 1714 1839 conss.
2727 1798 2783 1847 [a.

1633 1849 1695 1895 12
1726 1849 1852 1895 Idem
1882 1852 1974 1895 AA.
2007 1857 2051 1895 et
2083 1850 2160 1895 CC.
2196 1851 2364 1895 Zotico.
2432 1851 2480 1895 Si
2509 1851 2684 1896 debitor
2713 1861 2804 1893 rem
2834 1847 2915 1891 tibi

1571 1907 1667 1949 iure
1696 1907 1890 1962 pignoris
1918 1907 2155 1962 obligatam
2179 1912 2223 1950 te
2249 1920 2339 1951 non
2367 1907 2669 1951 consentiente
2695 1904 2914 1952 distraxit.

1574 1961 1811 2006 dominium
1849 1976 1950 2006 cum
1987 1976 2068 2006 sua
2109 1975 2245 2006 causa
2284 1963 2513 2007 transtulit
2554 1962 2612 2005 ad
2656 1964 2899 2016 emptorem

1574 2017 1619 2061 S.
1684 2018 1768 2061 rid.
1800 2017 1841 2061 lc.
1874 2017 1983 2062 Mai.
2016 2018 2257 2063 Heracliae
2285 2020 2377 2063 AA.
2410 2031 2552 2063 conss.
2726 2022 2782 2069 [a.
2815 2019 2913 2067 293,

1667 2071 1696 2120 3
1737 2073 1862 2117 Idem
1901 2075 1994 2118 AA.
2036 2082 2080 2118 et
2120 2074 2198 2119 CC.
2233 2074 2273 2118 Τ
2268 2074 2500 2118 keodotae.
2569 2073 2653 2128 Qui
2685 2071 2916 2129 praedium

1574 2129 1814 2184 obligatum
1844 2142 1872 2172 a
1903 2130 2120 2174 creditore
2150 2130 2434 2186 comparavit,
2465 2130 2503 2173 si
2531 2129 2578 2172 in
2603 2140 2788 2173 vacuam
2812 2139 2916 2183 pos·

1573 2185 1814 2284 {esbsionem
1841 2185 2047 2230 inductus
2078 2199 2167 2230 non
2197 2192 2278 2238 est,
2309 2186 2478 2229 nullam
2504 2185 2551 2228 in
2579 2197 2672 2228 rem
2697 2183 2918 2290 actioi21e1313

1606 2252 1632 2283 a
1665 2245 1721 2283 et.
2730 2243 2786 2292 [a.
2846 2243 2884 2281 9.

1633 2294 1695 2340 14
1737 2294 1862 2339 Idem
1902 2296 1994 2339 AA.
2035 2301 2079 2340 et
2118 2296 2195 2340 CC.
2237 2295 2457 2340 Modesto.
2526 2288 2572 2339 Si
2609 2296 2654 2339 in
2683 2295 2769 2340 hoc
2799 2293 2919 2351 quod

1572 2351 1669 2394 iure
1699 2350 1885 2395 debetur
1914 2351 1995 2394 tibi
2032 2352 2312 2396 satisfactum
2350 2365 2440 2396 non
2477 2351 2583 2404 fuit,
2622 2354 2669 2396 et
2707 2349 2917 2398 debitori-

1574 2406 1658 2449 bus
1699 2419 1770 2449 res
1807 2407 2026 2461 obligatas
2065 2409 2320 2452 tenentibus
2351 2408 2499 2452 aditus
2530 2420 2709 2463 praeses
2739 2409 2930 2463 provin--

1575 2462 1670 2505 ciae
1708 2462 1790 2506 tibi
1830 2462 2105 2507 distrahendi
2143 2464 2313 2508 iubebit
2348 2464 2446 2508 fieri
2483 2464 2759 2509 facultatem.
2825 2462 2920 2508 ΡΡ.

1576 2529 1668 2560 XVI
1694 2516 1737 2560 lc.
1771 2517 1876 2562 Dec.
1911 2519 2048 2562 Sirmi
2077 2520 2170 2564 AA.
2203 2534 2346 2565 conss.
2730 2525 2787 2574 [a.
2820 2523 2918 2572 293]

1632 2571 1695 2619 15
1730 2571 1855 2617 Idem
1884 2574 1977 2619 AA.
2018 2582 2063 2619 et
2101 2574 2179 2620 CC.
2210 2577 2424 2621 Avianae.
2491 2575 2709 2630 Obligatis
2747 2576 2920 2634 pignori

1573 2629 1805 2685 mancipiis
1844 2643 1872 2673 a
1911 2630 2129 2675 creditore
2168 2632 2394 2676 distractis
2434 2645 2489 2676 ac
2527 2632 2706 2677 traditis
2747 2633 2786 2677 si
2818 2638 2922 2688 post

1575 2684 1747 2729 debitor
1777 2686 1997 2740 quondam
2027 2687 2138 2730 haec
2169 2687 2483 2742 sollicitaverit,
2519 2701 2609 2732 non
2639 2688 2920 2742 venditori¹¹,

1576 2740 1655 2784 sed
1706 2741 1892 2796 emptori
1942 2747 2099 2786 contra
2141 2743 2439 2800 possidentem
2481 2744 2527 2787 in
2571 2758 2665 2789 rem
2710 2743 2920 2801 competit

1575 2797 1708 2840 actio.
1769 2797 1823 2840 D.
1855 2796 1898 2841 lc.
1930 2797 2066 2843 Mart.
2101 2798 2238 2842 Sirmi
2270 2800 2347 2843 CC.
2380 2812 2525 2843 conss.
2731 2806 2788 2853 [a.
2822 2802 2919 2852 294]

1636 2849 1700 2898 16
1740 2850 1865 2896 Idem
1904 2854 1997 2897 AA.
2039 2861 2083 2898 ec
2124 2854 2202 2898 CC.
2236 2853 2435 2898 Silvano.
2507 2855 2627 2901 Unus
2672 2869 2727 2900 ex
2769 2855 2921 2900 multis

1577 2907 1790 2952 debitoris
1828 2908 1903 2962 qui
1941 2909 2128 2964 pignora
2157 2909 2402 2954 tradiderat
2431 2911 2681 2965 heredibus,
2714 2911 2832 2968 quod
2861 2911 2919 2954 ab

1577 2975 1629 3008 eo
1667 2963 1893 3019 personali
1930 2965 2106 3010 actione
2167 2967 2225 3010 eti
2254 2967 2425 3022 potuit,
2462 2968 2672 3013 solvendo
2706 2980 2778 3012 res
2809 2967 2920 3011 obli-

1574 3022 1702 3074 gatas
1742 3019 2016 3084 distrahendi
2058 2979 2267 3066 creditori
2302 3021 2563 3068 facultatem
2608 3037 2698 3068 non
2742 3022 2918 3067 ademit.

1576 3074 1622 3119 S.
1654 3086 1724 3120 ΠΙ
1749 3089 1854 3119 non.
1886 3078 1926 3119 A
1962 3077 2032 3120 rzl.
2067 3077 2145 3121 CC.
2179 3091 2325 3124 conss.
2731 3083 2788 3132 [a.
2821 3081 2919 3132 294]

1633 3129 1696 3176 17
1730 3130 1857 3176 Idem
1926 3132 1977 3175 A.
2010 3139 2053 3176 et
2086 3133 2162 3177 CC.
2196 3135 2237 3180 A
2271 3150 2400 3194 apae.
2460 3135 2543 3179 Rei
2581 3134 2773 3179 creditor
2809 3133 2919 3179 obli·

1573 3193 1703 3242 gatae
1730 3187 1928 3242 generali
1958 3188 2048 3253 sive
2078 3190 2231 3245 specie.
2251 3192 2262 3202 '
2305 3192 2594 3236 conventione
2622 3203 2702 3246 per
2732 3190 2920 3235 credito-

1574 3255 1666 3286 rem
1711 3243 1867 3297 alium,
1909 3256 1983 3287 cui
2022 3257 2112 3288 non
2153 3247 2301 3292 fuerat
2339 3260 2474 3302 nexa,
2513 3246 2803 3291 venumdatae
2830 3259 2921 3290 non

2236 3303 2291 3348 D.
2330 3303 2454 3361 prid.
2501 3316 2606 3347 non.
2647 3302 2792 3411 Apriil.
2821 3301 2918 3410 2ng

2748 3371 2789 3402 a.
2877 3362 2902 3401 4

1634 3408 1697 3458 18
1730 3408 1854 3454 Idem
1886 3413 1979 3457 AA.
2024 3419 2070 3458 et
2115 3413 2190 3459 CC.
2241 3413 2431 3458 Gaiano.
2504 3413 2588 3468 Qui
2631 3426 2659 3456 a
2702 3413 2920 3458 creditore

1574 3465 1750 3522 pignori
1793 3466 2038 3525 obligatum
2079 3470 2176 3514 iure
2221 3471 2346 3522 emit,
2391 3470 2477 3526 de·
2521 3469 2761 3525 roprietate
2802 3468 2921 3513 vinci

1576 3537 1664 3569 non
1688 3526 1850 3580 potest.
1897 3524 2164 3583 Subscripta
2191 3538 2237 3568 V!
2260 3525 2302 3568 lc.
2320 3525 2430 3569 Mai.
2452 3524 2486 3569 C
2509 3525 2528 3567 ἶ
2550 3538 2693 3568 conss.
2743 3529 2799 3577 [a.
2819 3528 2918 3577 294]

1635 3578 1700 3627 19
1740 3579 1866 3624 Idem
1904 3584 1997 3624 AA.
2041 3589 2087 3625 et
2134 3581 2210 3625 CC.
2251 3580 2417 3625 Liviae.
2492 3580 2539 3623 Si
2583 3580 2770 3624 maritus
2814 3585 2919 3624 tuus

1575 3640 1796 3688 mutuam,
1837 3635 1942 3679 licet
1976 3641 2122 3690 tuam,
2160 3636 2281 3680 dedit
2315 3636 2570 3692 pecuniam,
2609 3648 2774 3690 eorum,
2805 3647 2920 3692 quae

1575 3691 1771 3747 pignoris
1800 3692 1930 3735 titulo
1961 3692 2157 3747 accepit,
2199 3692 2238 3736 si
2267 3691 2308 3736 ei
2338 3705 2426 3736 non
2457 3692 2726 3742 successisti,
2757 3691 2919 3736 distra-

1575 3747 1712 3791 hendi
1749 3747 1923 3791 nomine
1962 3753 2039 3792 tuo
2078 3748 2246 3791 nullam
2285 3748 2422 3792 habes
2453 3748 2725 3791 facultatem.
2787 3746 2832 3791 S.
2872 3758 2922 3791 Vt

1575 3801 1635 3847 id.
1667 3802 1781 3847 Νου.
1814 3802 2058 3847 Heracliae
2091 3803 2168 3847 CC.
2201 3817 2343 3847 conss.
2444 3832 2447 3835 ,
2730 3807 2786 3855 [a.
2820 3806 2918 3854 294]

1633 3855 1701 3906 20
1740 3856 1867 3902 Idem
1903 3859 1995 3902 AA.
2034 3867 2078 3903 et
2119 3858 2196 3903 CC.
2239 3858 2420 3903 Sabino.
2481 3858 2728 3902 Secundum
2764 3857 2918 3914 placiti

1575 3913 1721 3965 fidem,
1751 3914 1788 3957 si
1819 3913 1929 3956 nihil
1961 3914 2165 3958 convenit
2194 3928 2214 3958 s
2249 3915 2456 3968 ecialiter,
2487 3914 2745 3970 pignoribus
2771 3927 2798 3957 a
2823 3924 2915 3956 cre-

1578 3970 1722 4013 ditore
1757 3969 1923 4012 maiore
1961 3983 2093 4026 quam
2132 3970 2174 4014 ei
2243 3971 2458 4014 ebebatur
2497 3970 2638 4025 pretio
2678 3969 2916 4013 distractis.

1576 4025 1681 4068 licet
1717 4037 1771 4068 ex
1811 4037 1861 4068 eo
1900 4025 2064 4069 fundus
2104 4032 2385 4082 comparatus
2427 4025 2506 4075 sit,
2543 4037 2632 4069 non
2669 4036 2802 4089 super
2829 4024 2913 4067 hoc

1576 4081 1622 4123 in
1661 4093 1775 4133 rem,
1820 4080 1898 4123 sed
1937 4082 1984 4125 in
2027 4094 2284 4136 personam,
2329 4082 2374 4125 id
2413 4086 2482 4125 est
2516 4079 2816 4136 pignoraticia,
2862 4078 2916 4122 de

1577 4149 1629 4179 su
1664 4135 1802 4179 erfluo
1820 4137 1854 4161 ¹²
1877 4137 2088 4191 competit
2113 4137 2243 4182 actio.
2291 4136 2336 4181 S.
2362 4149 2450 4180 1111
2478 4137 2534 4179 id.
2555 4137 2665 4180 on.
2684 4134 2914 4192 Byzantio

1580 4190 1617 4235 C
1650 4225 1658 4234 .
1689 4204 1833 4235 conss.
2726 4199 2780 4245 [a.
2814 4195 2910 4244 294]

1575 3299 1738 3342 amittit
1789 3300 2154 3354 persecutionem.

1574 3368 1717 3399 conss.

1584 4329 1691 4382 0⁶3,
1720 4330 1929 4371 vendicari
1960 4332 2009 4381 P,
2039 4331 2240 4373 *swa-*cari
2276 4331 2330 4374 0⁶
2433 4329 2490 4380 (9)
2521 4331 2560 4369 et
2590 4327 2806 4379 hodieque]
2838 4329 2914 4380 Po,

1578 4390 1618 4428 et
1646 4385 1769 4426 hodie
1799 4384 1912 4438 P0R,
1943 4386 2146 4438 hodieque
2180 4387 2216 4427 C
2341 4387 2417 4437 (ιο)
2446 4388 2505 4424 sic
2538 4384 2579 4427 C.
2612 4396 2800 4424 revocare
2831 4397 2914 4425 non

1578 4441 1699 4483 debes
1734 4440 1814 4482 PR
1955 4443 2024 4494 (ti)
2062 4443 2122 4483 sic
2156 4438 2278 4483 P⁰C⁰
2316 4455 2398 4481 cum
2443 4439 2503 4487 Β,
2542 4438 2718 4478 debitori
2756 4438 2915 4481 121>C⁰R

1578 4498 1654 4548 (12)
1690 4497 1739 4536 de
1779 4508 1826 4536 su
1858 4496 1986 4537 erfluo
2025 4495 2101 4547 12⁶,
2139 4495 2188 4538 de
2226 4494 2476 4547 superfluum
2512 4492 2588 4542 12⁰,
2629 4495 2832 4544 superfluo
2865 4495 2912 4546 P,

1578 4551 1775 4604 superflui
1848 4582 1859 4603 ‚
1886 4550 2085 4603 supcrfilii
2108 4552 2214 4593 (1⁰8.-
2240 4543 2443 4606 ἀνάγεται
2466 4547 2540 4589 ἐπὶ
2563 4547 2630 4601 τῷ
2655 4549 2849 4604 περιττῷ
2869 4551 2913 4592 Β
