3080 4770
1578 141 1611 198 2
1928 159 1975 198 si
2013 159 2215 197 AmnNA
2253 157 2352 195 nus
2387 155 2620 196 Plenonr
2657 159 2802 197 DATA
2847 159 2928 196 sm·

194 166 311 218 vm
351 165 425 213 15.
470 163 530 213 15
1502 141 1573 205 34

690 362 779 410 xv
817 361 1006 422 (wi

346 447 396 488 SI
427 445 638 487 ALIENA
666 441 771 482 RES
801 441 1034 482 PIGNORI
1065 437 1214 479 ,DATA
1242 435 1340 475 SIT.

239 528 261 576 1
298 527 443 592 Impp.
474 525 661 570 Severus
699 528 743 566 et
771 523 1027 566 Antoninus
1054 520 1144 564 AA.
1180 516 1341 583 Carpo.
1400 515 1512 562 Pro-

182 589 359 630 curator
373 582 484 626 'citra
500 578 661 626 domini
677 578 945 621 voluntatem
962 577 1135 619 domum
1155 587 1328 630 pignori
1344 572 1513 616 frustra

182 641 311 685 dedit.
371 639 407 682 si
444 641 588 681 tamen
625 633 858 689 pecuniam
891 631 1122 674 creditoris
1151 631 1197 672 in
1226 643 1317 673 rem
1349 628 1514 672 domini

179 708 345 741 versam
387 690 646 742 constabit²‚
675 699 775 733 'non
813 687 984 731 inutilis
1023 687 1105 730 erit
1145 686 1345 741 exceptio
1387 685 1509 728 dum-

179 757 303 796 taxat
332 749 446 805 quod
474 749 748 791 numeratum
783 748 851 788 est
880 742 1045 802 exsolvi
1076 742 1356 786 desideranti.
1418 739 1509 783 ΡΡ.

182 821 238 852 X!
262 807 303 851 lc.
336 806 445 849 Nov.
478 803 640 847 Severo
671 801 721 844 A.
756 812 800 843 JJ
827 809 867 844 et
899 798 1059 842 Albino
1091 812 1233 842 conss.
1324 802 1379 850 [a.
1418 800 1510 848 194]

235 862 266 909 2
305 861 426 905 Idem
462 860 552 903 AA.
595 856 797 900 Latinae.
872 855 919 899 Si
972 855 1233 910 probaveris
1287 852 1513 910 praesidi³

180 921 328 962 hortos
359 917 410 959 de
440 914 598 970 quibus
628 913 843 967 agebatur
871 914 973 955 tuos
1004 923 1115 965 esse,
1154 910 1368 966 intellegis
1401 908 1510 953 obli-

177 975 268 1030 gari
298 986 371 1017 eos
402 969 608 1015 creditori
638 969 693 1012 ab
719 969 805 1012 alio
829 981 918 1012 non
943 968 1155 1023 potuisse,
1188 967 1226 1010 si
1251 980 1340 1011 non
1366 965 1511 1010 sciens

178 1032 261 1073 hoc
304 1028 371 1083 agi
414 1027 460 1070 in
507 1025 707 1069 fraudem
745 1024 975 1068 creditoris
1018 1023 1262 1078 ignorantis
1308 1021 1510 1066 dissimu-

177 1085 288 1130 lasti.
347 1082 439 1126 PP.
462 1081 585 1140 prid.
618 1080 676 1124 id.
713 1081 803 1124 Oct.
837 1080 1066 1124 Antonino
1097 1081 1147 1122 A.
1182 1091 1226 1121 J!
1254 1084 1297 1122 et
1329 1077 1438 1121 Geta
1469 1088 1516 1120 ΙΙ

178 1154 317 1185 conss.
1323 1139 1378 1186 [a.
1413 1136 1509 1185 205]

232 1194 260 1241 3
293 1194 404 1252 Imp.
434 1192 691 1237 Antoninus
712 1194 762 1235 A.
790 1190 1004 1234 Marciae.
1061 1190 1252 1234 Curator
1281 1189 1419 1233 adulti
1445 1189 1511 1232 vel

175 1257 294 1295 tutor
322 1249 478 1305 pupilli
507 1248 729 1304 propriam
759 1260 850 1290 rem
879 1247 1084 1290 mobilem
1118 1247 1236 1299 eius,
1278 1246 1403 1289 cuius
1434 1257 1510 1287 ne-

174 1308 292 1363 gotia
319 1310 490 1356 tuetur,
527 1303 718 1360 pignoris
749 1303 844 1346 iure
875 1303 1069 1357 obligare
1098 1316 1185 1346 non
1216 1306 1386 1357 potest,
1427 1301 1512 1344 nisi

174 1365 218 1407 in
260 1376 352 1406 rem
395 1361 489 1405 eius
534 1359 764 1415 pecuniam
807 1363 1003 1402 mutuam
1048 1359 1253 1414 accipiat.
1323 1357 1416 1400 ΡΡ.
1466 1368 1515 1464 Vri

1324 1418 1378 1466 [a.
1413 1417 1491 1456 212

1152 1469 1246 1513 Nec
1290 1470 1328 1513 si
1371 1469 1512 1513 maior

174 1419 212 1462 lc.
248 1418 373 1462 Febr.
406 1416 578 1460 duobus
608 1418 670 1459 As
683 1415 769 1458 nis
798 1428 939 1458 conss.

229 1474 260 1520 4
305 1473 417 1531 Imp.
463 1473 642 1515 Alexan
676 1485 724 1514 er
764 1473 815 1515 A.
858 1469 1076 1514 Secundo.

173 1530 300 1574 annis
325 1528 477 1585 viginti
502 1529 693 1584 quinque
718 1526 878 1570 fuisset
900 1525 1016 1569 filius
1042 1530 1159 1578 tuus,
1193 1526 1269 1581 qui
1291 1526 1338 1570 in
1363 1530 1511 1581 potes-

173 1591 262 1630 tate
299 1590 378 1629 tua
416 1587 531 1637 erat,
569 1586 617 1626 te
654 1583 791 1627 invito
831 1595 923 1625 rem
964 1587 1087 1626 tuam
1126 1583 1320 1638 obligare
1351 1582 1511 1638 potuit.

173 1641 265 1685 ΡΡ.
303 1654 330 1683 V
354 1641 396 1684 lc.
425 1640 535 1684 Nov.
560 1639 767 1683 Maximo
795 1651 841 1682 Π
867 1645 911 1682 et
933 1638 1123 1683 Aeliano
1150 1652 1294 1682 conss.
1337 1643 1394 1691 [a.
1413 1641 1510 1690 223]

129 1710 131 1712 ’
229 1697 257 1743 5
293 1696 437 1755 Impp.
455 1695 764 1739 Diocletianus
788 1693 1157 1738 etMaoeimianus
1175 1696 1264 1738 AA.
1287 1694 1509 1751 Eutycho.

175 1755 283 1797 Cum
308 1766 394 1805 res,
421 1764 534 1807 quae
558 1750 745 1794 necdum
769 1751 814 1794 in
839 1750 966 1794 bonis
993 1750 1203 1794 debitoris
1228 1755 1307 1804 est,
1339 1750 1513 1806 pignori

175 1810 278 1853 data
314 1811 370 1854 ab
412 1821 462 1851 eo
499 1810 655 1863 postea
683 1807 727 1849 in
757 1806 884 1851 bonis
915 1806 1009 1849 eius
1041 1819 1137 1850 esse
1166 1807 1363 1862 incipiat,
1396 1806 1511 1850 ordi-

176 1866 340 1909 nariam
381 1863 554 1919 quidem
592 1862 809 1906 actionem
841 1874 974 1917 super
1003 1862 1186 1918 pignore
1214 1876 1306 1906 non
1336 1875 1512 1918 compe-

175 1927 268 1965 tere
307 1920 588 1963 manifestum
627 1921 714 1972 est,
754 1919 831 1962 sed
871 1921 1017 1961 tamen
1048 1919 1316 1974 aequitatem
1347 1918 1510 1971 facere,

178 1982 226 2020 ut
251 1977 383 2020 facile
411 1975 531 2019 utilis
563 1974 808 2030 persecutio
846 1976 1045 2029 exemplo
1086 1975 1404 2029 pignoraticiae
1434 1974 1511 2017 da-

175 2037 311 2077 retur.
379 2030 470 2075 PP.
511 2043 612 2074 XJJJ
652 2029 694 2073 lc.
738 2028 838 2073 Iun.
883 2029 1090 2074 Maximo
1124 2042 1169 2073 Η
1211 2035 1256 2074 et
1297 2030 1512 2087 Aquilino

177 2102 318 2133 conss.
1325 2090 1381 2138 [a.
1414 2090 1511 2138 286]

232 2142 263 2190 6
300 2142 426 2187 Idem
461 2143 553 2186 AA.
595 2147 639 2186 et
679 2140 758 2186 CC.
792 2141 983 2185 Zosimo.
1051 2142 1173 2196 Quae
1206 2143 1438 2197 praedium
1466 2142 1512 2184 in

175 2200 287 2243 filios
318 2212 345 2242 a
375 2210 422 2242 se
451 2197 579 2241 titulo
610 2197 858 2241 donationis
895 2198 1159 2241 translatum
1192 2198 1400 2242 creditori
1429 2210 1511 2240 suo

175 2255 251 2298 dat
288 2254 483 2310 pignori,
524 2266 570 2296 se
609 2253 746 2307 magis
785 2254 1037 2297 contrario⁴
1075 2254 1361 2308 pigneraticio
1400 2253 1511 2297 obli-

172 2310 289 2365 gavit
329 2309 512 2360 iudicio,
553 2321 683 2363 quam
722 2309 953 2363 quicquam
990 2308 1178 2352 dominis
1215 2313 1368 2361 nocet,
1413 2322 1512 2352 cum

173 2365 381 2408 Serviana
419 2364 551 2407 etiam
591 2363 707 2407 actio
750 2363 948 2406 declarat
977 2364 1203 2407 evidenter
1231 2365 1327 2407 iure
1356 2365 1510 2420 pigno-

170 2422 228 2464 ris
265 2419 406 2464 teneri
443 2433 532 2462 non
567 2431 722 2474 posse,
762 2419 849 2462 nisi
888 2432 1000 2474 quae
1039 2419 1277 2474 obligantis
1306 2420 1353 2463 in
1384 2420 1510 2464 bonis

171 2476 356 2529 fuerint,
402 2478 446 2518 et
489 2488 567 2530 per
609 2474 744 2517 alium
788 2475 974 2518 alienam
1017 2488 1108 2518 rem
1152 2476 1288 2519 invito
1334 2475 1509 2520 domino

170 2532 340 2632 poilgnIorli
380 2531 565 2631 ophllilgari
601 2544 694 2629 nop
721 2543 865 2630 {2⁸⁸³
906 2531 1201 2575 certissimum
1237 2536 1336 2641 est.[
1390 2531 1513 2640 {933⁷

170 2602 229 2631 ι.
289 2602 347 2632 u.
451 2600 498 2630 it
568 2599 690 2630 oot
804 2600 990 2632 .conss.
1338 2602 1377 2633 a.
1468 2617 1476 2628 .

227 2642 256 2689 7
298 2642 424 2688 Idem
451 2601 543 2687 Ap.
584 2601 629 2686 g}
660 2641 737 2686 CC.
772 2641 1017 2687 Corneliae.
1086 2642 1134 2687 Si
1172 2644 1217 2686 in
1257 2657 1348 2687 rem
1385 2656 1511 2687 suam

173 2704 356 2755 accepta
380 2699 568 2754 pecunia
594 2704 746 2741 mutua
771 2705 893 2742 tutor
916 2699 1181 2754 mancipium
1196 2706 1323 2743 tuum
1338 2700 1511 2756 pignori

174 2756 292 2798 dedit
331 2767 413 2798 nec
451 2755 554 2797 huic
593 2759 693 2808 post
733 2754 976 2809 perfectam
1016 2759 1206 2799 aetatem
1245 2768 1510 2800 consensum

174 2810 526 2862 accommodasti,
558 2810 728 2866 pignori
757 2823 827 2854 res
854 2810 1038 2865 obligari
1065 2825 1154 2855 non
1181 2812 1340 2868 potuit.
1384 2811 1428 2855 S.
1466 2824 1514 2854 VJ

173 2867 213 2910 lc.
248 2866 346 2910 Ian.
377 2867 467 2910 AA.
499 2879 642 2910 conss.
1322 2872 1377 2920 [a.
1412 2871 1509 2919 293]

230 2920 260 2970 8
293 2921 455 2981 ⁵Impp.
483 2921 720 2966 Honorius
744 2927 788 2966 et
807 2921 1083 2966 Theodosius
1099 2923 1190 2966 AA.
1210 2921 1408 2968 Iohanni
1424 2938 1509 2981 pp.

172 2979 343 3022 Nexum
372 2992 461 3022 non
488 2977 598 3021 facit
621 2978 903 3033 praediorum
930 2979 1016 3022 nisi
1039 2992 1244 3034 persona,
1275 2992 1390 3035 quae
1413 2980 1511 3023 iure

172 3035 318 3090 potuit
360 3035 567 3089 obligare.
639 3034 748 3090 “per
798 3046 971 3079 servum
1021 3036 1127 3078 aut⁷
1175 3040 1511 3091 procuratorem

173 3092 375 3135 colonum
405 3092 470 3134 vel
508 3093 701 3134 actorem
737 3102 818 3134 seu
848 3090 1161 3136 conductorem
1191 3092 1511 3148 praeiudicium

172 3146 439 3202 possessioni
460 3146 596 3190 invito
622 3146 690 3190 vel
714 3146 854 3191 inscio
879 3147 1056 3191 domino
1083 3148 1250 3203 imponi
1273 3162 1362 3193 non
1378 3161 1510 3205 posse

173 3207 217 3245 et
239 3203 367 3260 riuress
396 3205 440 3246 et
477 3202 622 3258 legum
651 3202 992 3247 auctoritatibus
1023 3203 1301 3249 decantatur.
1345 3204 1426 3250 12⁹
1448 3204 1509 3250 id.

176 3257 260 3301 Iul.
297 3258 537 3303 Ravennae
575 3258 784 3303 Honorio
824 3271 927 3303 XIII
964 3264 1011 3304 et
1048 3259 1298 3305 Theodosio
1340 3273 1377 3305 Χ
1415 3261 1509 3306 AA.

176 3327 316 3356 conss.
1321 3322 1378 3370 [a.
1410 3321 1508 3369 422]

654 3430 765 3478 xvl
803 3430 1039 3493 (xvn).¹⁰

177 3510 328 3556 QUAE
370 3509 474 3550 RES
515 3509 751 3552 PIGNORI
794 3512 1061 3554 OBLIGARI
1105 3515 1352 3556 POSSUNT
1396 3515 1509 3556 VEL

225 3566 342 3606 NON
371 3566 444 3606 ΕΤ
474 3566 759 3611 QUALITER
787 3569 992 3608 l'IGNUS
1024 3570 1451 3612 CONTRAHATUR.

231 3645 255 3692 1
292 3645 437 3705 Impp.
466 3646 656 3692 Severus
684 3653 729 3692 et
750 3648 1006 3693 Antoninus
1029 3652 1120 3696 AA.
1143 3651 1322 3711 Optato,
1353 3654 1509 3697 Alum-

174 3715 256 3747 nos
286 3705 388 3747 tuos
418 3707 462 3746 et
492 3708 660 3747 ceteras
689 3716 781 3757 res,
819 3717 927 3759 quas
957 3708 1175 3752 neminem
1204 3709 1413 3754 credibile
1441 3713 1511 3755 est

174 3759 348 3814 pignori
391 3759 642 3815 specialiter
685 3759 888 3804 daturum
932 3761 1090 3818 fuisse,
1144 3766 1341 3820 generali
1387 3767 1510 3822 pacti

176 3815 475 3868 conventione,
507 3828 620 3870 quae
651 3816 704 3859 de
731 3817 857 3861 bonis
880 3817 968 3861 tuis
992 3818 1113 3863 facta
1143 3826 1223 3872 est,
1253 3822 1298 3865 in
1330 3834 1510 3867 causam

173 3871 368 3969 pignoris
398 3884 486 3915 non
515 3871 700 3916 fuisse¹¹
728 3871 912 3917 rationis
934 3878 1014 3918 est.
1072 3874 1166 3921 ΡΡ.
1191 3888 1272 3921 ΧΗ
1297 3877 1340 3922 lc.
1361 3878 1508 3937 April.

215 3932 401 3971 aterano
431 3932 476 3971 et
502 3926 670 3984 Rufino
701 3941 844 3973 conss.
1321 3937 1377 3987 [a.
1414 3937 1508 3988 197]

233 3980 263 4027 2
296 3982 419 4026 Idem
450 3984 541 4027 AA.
580 3982 778 4041 Roqato.
847 3983 957 4028 Cum
995 3990 1168 4033 constet
1202 3989 1362 4046 pignus
1402 4003 1510 4036 con-

176 4050 306 4083 sensu
335 4038 561 4094 contrahi,
601 4052 691 4084 non
723 4039 974 4085 dubitamus
1004 4055 1117 4098 eum,
1155 4045 1231 4101 qui
1267 4046 1509 4102 emptiones

176 4178 225 4227 (1)
256 4179 292 4219 Β
317 4180 383 4231 25,
406 4189 425 4219 4
511 4182 566 4231 (2)
593 4179 796 4221 constabit
827 4181 869 4230 C,
896 4183 1112 4223 constituit
1136 4185 1186 4236 P,
1212 4186 1445 4227 constiterit
1466 4187 1508 4228 R

178 4237 230 4285 (3)
260 4234 440 4286 praesidi
475 4235 518 4285 C,
547 4236 714 4287 praedia
744 4237 859 4289 PRa,
888 4237 1055 4289 praedia
1085 4240 1148 4280 vel
1177 4239 1240 4281 R&
1325 4244 1380 4294 (4)
1410 4255 1508 4283 con-

176 4290 305 4330 trario
327 4291 368 4339 0,
396 4303 418 4331 e
437 4293 567 4331 contr.
588 4290 698 4343 PRb,
721 4305 762 4332 se
789 4295 920 4333 contr.
947 4294 1011 4334 R‘*
1089 4297 1144 4347 (5)
1160 4317 1215 4332 -τ
1235 4298 1308 4340 Th.
1327 4300 1369 4346 2,
1386 4307 1446 4349 30,
1464 4307 1506 4339 2:

177 4347 295 4409 iunqe
324 4347 364 4396 2,
394 4355 447 4397 as,
475 4355 509 4387 2.
541 4349 581 4397 4,
611 4356 644 4398 4,
674 4356 702 4389 1.
736 4349 775 4398 4,
800 4356 860 4401 26,
884 4357 938 4391 1³.
975 4351 1037 4402 12,
1061 4358 1122 4399 eo,
1149 4360 1170 4393 4
1253 4352 1311 4404 (6)
1340 4368 1507 4407 sequen-

180 4410 236 4440 tia
266 4411 493 4454 repetuntur
522 4403 563 4443 in
600 4406 661 4454 ll,
693 4413 750 4452 48,
781 4413 820 4446 17
940 4405 996 4457 (7)
1024 4407 1099 4446 aut
1131 4407 1217 4458 Th„
1246 4412 1384 4450 autem
1414 4410 1511 4452 libri

178 4456 234 4504 (8)
263 4455 366 4496 iuris
404 4458 476 4498 Th.
604 4461 661 4510 (9)
700 4472 724 4498 v
755 4461 829 4500 ins.
862 4460 967 4514 leqes
996 4461 1221 4514 itcnqendae

180 4513 247 4557 25,
263 4521 298 4561 5,
314 4521 357 4553 20
372 4527 545 4565 seqq.—-
565 4514 626 4565 Cfi
640 4515 736 4568 Diq.
755 4517 856 4567 20,3
916 4518 986 4567 (ιι)
1003 4517 1122 4557 ivisse
1137 4533 1213 4559 scr.
1272 4521 1346 4571 (12)
1361 4522 1507 4574 pigne-

181 4576 270 4604 rare
301 4567 394 4607 libri
503 4570 572 4617 (13)
605 4571 722 4623 iunye
753 4572 791 4621 8,
821 4581 874 4621 1¹1,
905 4582 925 4614 5

183 4623 255 4668 (15)
296 4621 577 4662 intercessores
618 4637 643 4663 a
684 4626 910 4667 rectoribus
951 4625 1256 4680 provinciarum
1296 4630 1381 4671 dati
1434 4633 1504 4671 Th.

1349 4466 1427 4516 (10)
1466 4466 1507 4506 Β
1588 4464 1861 4517 stantinopoli
1890 4467 1965 4506 ins.
1999 4466 2063 4517 11,
2095 4473 2157 4516 59,
2185 4473 2226 4507 13

1039 4572 1114 4625 (14)
1143 4590 1197 4605 =
1227 4575 1299 4616 Th.
1330 4578 1369 4627 2,
1400 4586 1459 4626 30,
1490 4586 1505 4617 1
1591 4577 1740 4617 thecam
1781 4578 1842 4617 his
1879 4580 2010 4619 verbis
2049 4577 2239 4618 constitui
2276 4575 2456 4616 indicant
2489 4573 2534 4614 B

1592 306 1795 349 agrorum
1851 306 2028 339 suorum
2083 295 2253 352 pignori
2311 293 2482 350 posuit,
2545 294 2600 339 de
2650 296 2759 354 ipsis
2813 295 2930 353 agris

1593 349 1837 404 obligandis
1860 352 2090 407 cogitasse.
2139 351 2234 396 ΡΡ.
2267 363 2296 394 V
2319 350 2362 394 lc.
2382 349 2468 394 Iul.
2495 352 2621 408 Apro
2651 358 2696 397 et
2721 352 2930 398 Maximo

1594 418 1738 449 conss.
1763 430 1767 433 Δ
2744 413 2800 461 [a.
2832 411 2930 461 207]

1650 458 1679 506 3
1718 458 1787 504 Im
1823 496 1832 504 .
1874 463 2130 507 Antoninus
2164 466 2215 507 A.
2258 462 2496 506 Restituto.
2566 461 2614 506 Si
2648 467 2931 509 monumento

1594 528 1754 572 corpus
1816 516 1902 560 liae
1929 520 2034 563 tuae
2061 519 2262 567 intulisti,
2293 517 2546 572 religiosum
2574 517 2620 560 id
2648 517 2813 564 fecisti:
2844 533 2931 576 quo

1592 572 1712 616 facto
1751 572 1936 627 obligari
1975 586 2003 618 a
2041 589 2260 632 quoquam
2295 573 2559 630 prohibente
2586 573 2694 616 iuris
2723 575 2934 631 religione

1592 642 1682 673 non
1722 640 1856 683 posse
1889 629 1936 672 in
1971 630 2153 675 dubium
2184 645 2272 675 non
2303 630 2433 674 venit.
2493 628 2587 672 ΡΡ.
2620 640 2689 672 JJJ
2714 628 2757 672 k.
2787 631 2931 690 April.

1594 685 1735 728 Laeto
1767 696 1815 727 II
1843 684 2022 730 Cereale
2051 700 2193 731 conss.
2746 688 2804 738 [a.
2834 689 2934 742 215]

1651 739 1682 785 4
1729 739 1843 798 Imp.
1886 741 2147 787 Alexander
2187 746 2224 787 A
2229 776 2448 786 ......
2497 745 2695 785 evocato.
2763 739 2937 786 Nomen

1595 809 1769 852 quoque
1806 795 2016 846 debitoris
2085 798 2276 854 ignerari
2295 801 2328 826 ¹²
2368 802 2412 842 et
2449 796 2712 853 generaliter
2753 798 2798 840 et
2835 807 2936 853 spe·

1595 852 1766 896 cialiter
1800 864 1933 908 posse
1971 812 2139 908 pridem
2177 856 2357 910 placuit.
2427 866 2564 909 quare
2608 853 2646 896 si
2685 851 2861 897 debitor
2895 853 2936 897 is

1594 909 1701 952 satis
1732 921 1821 951 non
1851 907 1982 962 facit,
2024 909 2094 952 cui
2131 913 2182 954 tu
2213 911 2455 961 credidisti,
2493 910 2584 962 ille,
2620 909 2746 952 cuius
2775 921 2938 953 nomen

1592 965 1673 1007 tibi
1704 964 1876 1019 pignori
1906 964 2057 1007 datum
2086 969 2166 1020 est,
2197 967 2281 1011 nisi
2313 967 2352 1010 ei
2382 966 2451 1010 cui
2484 965 2635 1009 debuit
2669 965 2799 1009 solvit
2825 978 2936 1009 non-

1594 1021 1696 1063 dum
1729 1021 1889 1064 certior
1919 1032 1947 1063 a
1975 1022 2019 1063 te
2050 1021 2103 1064 de
2133 1022 2401 1078 obligatione
2430 1028 2509 1065 tua
2544 1022 2712 1075 factus,
2753 1020 2938 1064 utilibus

1592 1077 1843 1120 actionibus
1882 1077 1990 1120 satis
2026 1076 2107 1119 tibi
2147 1078 2293 1122 facere
2333 1091 2475 1134 usque
2514 1077 2571 1121 ad
2600 1077 2669 1130 id,
2711 1077 2829 1133 quod
2857 1075 2940 1122 tibi

1594 1132 1745 1176 deberi
1774 1145 1801 1174 a
1830 1132 2047 1176 creditore
2075 1133 2168 1177 eius
2194 1135 2463 1190 probaveris,
2497 1134 2798 1190 compelletur,
2828 1145 2938 1189 qua-

1593 1193 1723 1232 tenus
1753 1191 1901 1231 tamen
1929 1188 2026 1244 ipse
2057 1187 2200 1233 debet.
2260 1189 2354 1235 ΡΡ.
2389 1190 2513 1248 prid.
2545 1189 2587 1234 lc.
2619 1189 2757 1234 Mart.
2789 1188 2938 1233 Fusco

1594 1251 1638 1288 et
1668 1244 1844 1288 Dextro
1877 1258 2021 1288 conss.
2750 1248 2806 1298 [a.
2838 1247 2938 1298 225]

1650 1300 1679 1346 5
1719 1300 1880 1344 ¹³Idem
1909 1301 1960 1344 A.
1994 1299 2224 1357 Septimio.
2286 1301 2418 1357 Spem
2448 1315 2600 1346 eorum
2630 1300 2938 1358 praemiorum,

1595 1370 1708 1412 quae
1746 1370 1828 1413 pro
1870 1356 2046 1400 coronis
2085 1356 2263 1401 athletis
2299 1358 2564 1414 pensitanda
2602 1364 2727 1409 sunt,
2768 1356 2943 1413 privata

1594 1414 1798 1469 pactione
1827 1413 2059 1468 pignerare
2088 1413 2266 1456 minime
2296 1414 2614 1458 admittendum
2646 1417 2734 1458 est:
2769 1418 2814 1457 et
2840 1412 2940 1457 ideo

1594 1483 1676 1513 nec
1718 1470 1754 1513 si
1792 1469 1996 1525 generale
2034 1472 2211 1525 pactum
2257 1469 2311 1513 de
2349 1471 2553 1514 omnibus
2592 1471 2720 1514 bonis
2768 1468 2941 1526 pignori

1595 1526 1843 1582 obligandis
1896 1525 2203 1578 intervenerit,
2261 1530 2396 1569 tenet.
2480 1525 2573 1570 ΡΡ.
2622 1538 2689 1569 JJJ
2739 1524 2782 1570 lc.
2828 1524 2939 1570 Mai.

1594 1581 1803 1626 Maximo
1835 1594 1880 1625 J]
1907 1587 1952 1626 et
1979 1580 2180 1626 Paterno
2213 1595 2356 1625 conss.
2752 1584 2809 1636 [a.
2842 1584 2946 1634 233]

1653 1636 1684 1684 6
1716 1637 1814 1696 Imp
1832 1652 1860 1680 1.
1896 1638 2207 1682 Diocletianus
2246 1642 2291 1681 et
2317 1637 2631 1682 Maximianus
2661 1638 2752 1682 AA.
2785 1642 2830 1682 et
2861 1636 2940 1682 CC.

1595 1693 1737 1751 Rufo.
1808 1653 1892 1748 ᾧιιί
1935 1695 2049 1738 filios
2089 1698 2258 1737 vestros
2303 1695 2373 1738 vel
2416 1695 2577 1739 liberos
2622 1694 2822 1739 homines
2859 1707 2942 1750 pro

1595 1750 1785 1806 pecunia
1815 1763 1945 1806 quam
1975 1750 2100 1794 vobis
2132 1751 2341 1794 credebat
2367 1750 2566 1806 pignoris
2596 1751 2728 1795 titulo
2756 1749 2942 1806 accepit,

1597 1806 1944 1850 dissimulatione
1982 1805 2091 1850 iuris
2131 1819 2179 1850 se
2218 1807 2523 1859 circumvenit,
2570 1821 2667 1850 cum
2708 1806 2767 1850 sit
2800 1805 2942 1850 mani-

1594 1863 1757 1906 festum
1797 1863 2107 1918 obligationem
2144 1863 2340 1918 pignoris
2380 1876 2469 1906 non
2509 1863 2755 1907 consistere
2782 1862 2868 1906 nisi
2896 1862 2942 1905 in

1595 1919 1690 1974 his,
1729 1931 1841 1978 quae
1882 1918 1979 1974 quis
2020 1918 2074 1962 de
2110 1919 2238 1962 bonis
2279 1918 2372 1962 suis
2408 1919 2518 1962 facit
2552 1918 2759 1962 obnoxia.
2819 1917 2866 1962 S.
2896 1917 2940 1962 lc.

1595 1973 1705 2018 Mai.
1740 1975 1980 2019 Heracliae
2009 1975 2100 2018 AA.
2134 1988 2277 2018 conss,
2753 1977 2810 2027 [a.
2842 1977 2940 2025 293]

1654 2028 1682 2075 7
1730 2030 1835 2074 1¹¹Im
1873 2066 1880 2073 .
1925 2029 2246 2074 Constantinus
2286 2031 2339 2074 A.
2387 2030 2447 2073 ad
2484 2030 2719 2074 universos
2750 2030 2942 2088 provin-

1597 2086 1743 2131 ciales.
1855 2089 2113 2130 xsecutores
2153 2098 2180 2128 a
2221 2099 2498 2142 quocumque
2533 2086 2680 2129 iudice
2710 2085 2849 2129 dati¹⁵
2884 2084 2944 2128 ad

1597 2142 1810 2197 exigenda
1840 2143 1990 2186 debita
2020 2155 2083 2196 ea,
2125 2154 2238 2197 quae
2270 2142 2455 2185 civiliter
2483 2145 2752 2197 poscuntur,
2791 2153 2942 2185 servos

1597 2204 1799 2242 aratores
1830 2203 1910 2242 aut
1938 2199 2071 2242 boves
2102 2197 2321 2241 aratorios
2358 2200 2440 2240 aut
2467 2197 2810 2240 instrumentum
2841 2209 2941 2240 ara·

1594 2254 1809 2298 torium¹⁶
1846 2253 2044 2310 pignoris
2089 2266 2226 2297 causa
2271 2253 2323 2296 de
2366 2252 2726 2309 possessionibus
2769 2253 2942 2297 abstra-

1604 2314 1618 2351 1
1682 2310 1815 2360 hunt,
1857 2322 1912 2352 ex
1951 2322 2038 2364 quo
2077 2309 2347 2352 tributorum
2382 2308 2521 2352 illatio
2560 2308 2822 2352 retardatur.
2896 2307 2944 2352 Si

1598 2365 1694 2419 quis
1739 2365 1874 2420 igitur
1921 2364 2191 2408 intercessor
2236 2369 2314 2407 aut
2352 2364 2543 2409 creditor
2580 2365 2648 2408 vel
2691 2364 2943 2421 praefectus

1596 2420 1697 2476 pagi
1726 2421 1790 2464 vel
1821 2421 1956 2463 vici¹⁷
1985 2420 2055 2463 vel
2083 2420 2262 2464 decurio
2294 2420 2340 2463 in
2370 2421 2456 2464 hac
2485 2433 2535 2464 re
2563 2421 2699 2465 fuerit
2727 2421 2942 2475 detectus,

1596 2476 1868 2521 aestimando
1909 2489 1937 2520 a
1973 2476 2118 2520 iudice
2148 2477 2368 2533 supplicio
2385 2480 2418 2505 ¹⁸
2456 2477 2731 2532 subiugetur.
2789 2476 2844 2522 D.
2876 2487 2954 2522 ΙΙΙ

1595 2545 1700 2577 ηοη.
1733 2531 1834 2576 Iun.
1868 2531 2007 2576 Sirmi
2039 2531 2335 2577 Constantino
2366 2535 2417 2577 A.
2450 2545 2542 2578 HJJ
2576 2539 2621 2578 et
2649 2533 2824 2578 Licinio
2854 2543 2946 2578 111!

1597 2601 1739 2632 conss.
2769 2603 2810 2634 a.
2843 2593 2922 2634 315

1654 2642 1684 2691 8
1735 2643 1918 2703 ¹⁹Impp.
1967 2644 2204 2688 Honorius
2247 2650 2292 2689 et
2337 2644 2613 2690 Theodosius
2654 2593 2769 2690 ΑΑ.[
2787 2592 2942 2690 Probo]

1597 2701 1750 2744 comiti
1777 2714 2015 2744 sacrarum
2045 2701 2351 2758 larqitioitum.
2421 2701 2659 2758 Pignorum
2687 2701 2833 2758 gratia
2861 2701 2943 2745 ali-

1597 2756 1702 2812 quid
1746 2756 1864 2811 quod
1907 2756 1965 2800 ad
2010 2757 2231 2800 culturam
2273 2757 2367 2812 agri
2405 2758 2598 2812 pertinet
2645 2758 2812 2802 auferri
2853 2771 2943 2801 non

1597 2812 1814 2856 convenit.
1875 2812 1930 2856 D.
1964 2813 2079 2856 11120
2107 2812 2167 2855 id.
2200 2811 2342 2855 Iun.²¹
2378 2812 2619 2858 Constante
2648 2820 2692 2858 et
2722 2814 2942 2859 Constan-

1598 2868 1660 2912 tio
1692 2881 1835 2913 conss.
2752 2873 2809 2922 [a.
2841 2872 2941 2922 414]

1652 2921 1684 2971 9
1730 2922 1844 2982 Imp.
1890 2924 2174 2968 Iustinianus
2215 2924 2267 2968 A.
2313 2923 2475 2968 Menae
2510 2938 2593 2982 pp.
2668 2924 2714 2968 Si
2758 2924 2856 2981 quis
2894 2925 2941 2968 in

1597 2980 1914 3035 cuiuscumque
1953 2983 2210 3024 contractus
2253 2980 2545 3024 instrumento
2590 2993 2643 3024 ea
2685 2981 2821 3025 verba
2858 2992 2940 3037 po-

1596 3036 1755 3080 suerit:
1799 3036 1909 3080 ‘fide
1939 3042 1983 3080 et
2009 3036 2210 3093 periculo
2240 3048 2387 3080 rerum
2417 3036 2475 3079 ad
2505 3048 2574 3079 me
2602 3036 2939 3092 pertinentium’

1595 3094 1663 3136 vel
1702 3095 1805 3149 ‘per
1845 3105 1996 3136 earum
2035 3093 2311 3137 exactionem
2349 3092 2556 3136 satisfieri
2585 3093 2666 3136 tibi
2694 3093 2903 3149 permitto
2913 3093 2940 3148 ',

1596 3148 1802 3193 sufficere
1847 3161 1898 3192 ea
1942 3149 2077 3193 verba
2121 3149 2177 3192 ad
2219 3161 2366 3192 rerum
2410 3154 2500 3191 tam
2547 3161 2699 3192 earum
2743 3161 2855 3205 quas
2894 3149 2940 3192 in

1594 3205 1817 3260 praesenti
1861 3205 2036 3249 debitor
2073 3205 2209 3248 habet
2254 3218 2383 3260 quam
2428 3204 2680 3248 futurarum
2724 3205 2940 3262 hypothe·
2971 3224 2980 3227 s

1596 3274 1716 3316 cam,
1758 3274 1839 3305 nec
1884 3274 1937 3305 ex
1980 3261 2201 3317 prioribus
2247 3261 2553 3312 sanctionibus
2594 3261 2738 3305 minus
2775 3261 2940 3305 habere

1595 3317 1779 3373 speciali
1807 3318 2084 3374 hypothecae
2112 3317 2323 3362 memoria
2335 3319 2373 3345 ²²
2395 3317 2547 3370 videri,
2572 3330 2669 3361 cum
2693 3318 2751 3361 sit
2774 3318 2940 3360 iustum

1595 3374 1844 3418 voluntates
1875 3374 2232 3417 contrahentium
2253 3373 2393 3429 magis
2419 3386 2549 3429 quam
2575 3374 2813 3418 verborum'
2834 3386 2939 3417 con-

1598 3433 1617 3472 1
1679 3430 1925 3487 ceptionem
1963 3430 2196 3486 inspicere.
2263 3429 2406 3485 Super
2444 3442 2530 3485 qua
2564 3429 2762 3483 generali
2797 3429 2938 3486 hypo-

1573 3487 1724 3530 ,theca
1761 3486 1871 3529 illud
1908 3499 2084 3542 quoque
2120 3486 2178 3530 ad
2208 3485 2555 3529 conservandam
2586 3486 2939 3529 contrahentium

1594 3543 1867 3586 voluntatem
1907 3542 2152 3594 sancimus,
2192 3548 2243 3585 ut
2271 3546 2318 3585 et
2329 3542 2378 3594 ²³,
2421 3542 2457 3584 si
2487 3545 2582 3585 ‘res
2613 3541 2742 3585 suas’
2773 3553 2937 3597 suppo-

1595 3611 1700 3643 nere
1744 3599 1918 3642 debitor
1957 3598 2138 3650 dixerit,
2184 3611 2273 3642 non
2312 3597 2486 3641 adiecto
2528 3601 2641 3640 ‘tam
2680 3602 2936 3653 praesentes

1596 3668 1727 3710 quam
1754 3655 1969 3708 futuras'‚
1999 3655 2068 3698 ius
2093 3657 2242 3698 tamen
2265 3653 2484 3708 generalis
2506 3653 2538 3696 h
2599 3653 2782 3698 ethecae
2804 3653 2938 3697 etiam

1596 3711 1652 3754 ad
1681 3711 1857 3755 futuras
1885 3723 1956 3754 res
1986 3710 2273 3766 producatur.
2331 3708 2386 3754 D.
2413 3721 2480 3753 ιη
2505 3709 2523 3752 2⁰
2556 3709 2690 3754 ,Dea
2720 3709 2938 3754 Constan-

1597 3767 1789 3825 tinopoli
1818 3766 1890 3810 dn.
1926 3765 2178 3810 Iustiniano
2207 3768 2259 3810 A.
2281 3779 2366 3825 pp.
2399 3777 2444 3809 Π
2471 3778 2592 3810 cons.
2750 3766 2806 3820 [a.
2838 3767 2935 3816 528]

1592 4188 1670 4240 (16)
1700 4187 1774 4228 aut
1801 4185 1920 4227 instr.
1950 4187 2055 4228 arat.
2087 4201 2159 4228 om.
2197 4186 2269 4227 Th.
2369 4185 2443 4237 (17)
2473 4183 2571 4239 pagi
2599 4181 2663 4223 vel
2693 4181 2792 4233 vici]
2821 4183 2933 4235 pacis

1597 4243 1669 4284 Th.
1700 4258 1782 4283 cum
1819 4243 1859 4284 B
1888 4236 2142 4299 εἰρήναρχοε
2279 4243 2355 4294 (18)
2385 4239 2635 4281 aestimando
2663 4251 2688 4278 a
2715 4238 2744 4278 i.
2774 4239 2932 4292 suppli-

1591 4299 1673 4349 cio]
1713 4311 1737 4338 a
1773 4298 2003 4338 rectoribus
2040 4298 2348 4349 provinciarum
2387 4295 2557 4349 capitali
2586 4294 2813 4334 sententiae
2857 4295 2930 4336 Th.

1591 4354 1665 4405 (19)
1693 4355 1923 4395 Hermann
1949 4362 2053 4394 recte
2078 4355 2208 4407 iunyit
2240 4356 2300 4404 ll,
2324 4362 2384 4403 48,
2405 4361 2458 4394 15.
2489 4353 2551 4401 ll,
2575 4359 2636 4397 59,
2661 4358 2698 4391 13
2773 4350 2854 4403 (20)
2878 4363 2931 4391 111

1598 4413 1658 4458 11,
1690 4419 1749 4459 59,
1780 4418 1831 4458 13,
1863 4422 1918 4451 111
1946 4409 2011 4451 vel
2038 4422 2085 4449 xv
2125 4410 2170 4458 V,
2200 4421 2248 4449 vx
2280 4409 2394 4459 Hal„
2425 4422 2495 4447 om.
2527 4406 2570 4447 P
2707 4406 2781 4455 (21)
2821 4406 2930 4447 Con-

2333 4463 2415 4516 (22)
2442 4463 2502 4503 sic
2543 4462 2587 4512 V,
2617 4461 2805 4513 specialis
2834 4463 2930 4515 hyp.

1589 4521 1826 4561 memoriam
1858 4522 1955 4562 CR:
1984 4521 2225 4575 ρεπεν-(116111,
2254 4535 2332 4561 non
2357 4527 2400 4559 ut
2425 4526 2544 4559 antea
2571 4518 2783 4570 specialem
2806 4519 2930 4612 113]ch

2674 4575 2751 4625 (23)
2782 4577 2822 4613 et
2857 4575 2892 4615 C

1591 4646 1674 4672 cum
1711 4633 1761 4684 B,
1793 4647 1867 4673 om.
1908 4634 1944 4673 V
