3080 4770
211 171 285 213 DE
319 168 619 210 AEDIFICIIS
655 169 904 210 PRIVATIS

205 306 378 355 πόλεως
402 311 452 351 ἐν
474 315 564 353 τοῖς
583 314 731 368 μέσοις
754 310 854 354 τῶν
865 305 1033 352 κιόνων
1048 305 1202 353 τόποις
1222 311 1545 367 κατασκευαζό·

202 381 318 422 μενα
358 365 646 425 ἐργαστήρια,
686 364 898 423 καθάπερ
934 362 992 408 ἂν
1033 362 1280 421 δοκιμάσειε
1315 371 1372 424 τῆ
1417 370 1546 413 πόλει

203 425 444 480 συμφέρειν
472 419 498 476 ἡ
535 423 590 478 σὴ
623 421 981 482 μεγαλοπρέπεια
1015 424 1088 462 καὶ
1117 424 1196 464 τοῦ
1223 415 1386 481 με’τρόυ
1415 430 1544 468 ἕνεκα

201 481 276 519 καὶ
312 480 393 520 τοῦ
433 476 624 536 τρόπον,
663 476 1081 530 κατασκευάζεσθαι
1118 479 1419 534 θεσπίζομεν·
1468 485 1546 535 τῆς

201 531 406 586 ἰσότητος
449 533 618 589 δηλαδὴ
656 537 767 579 πᾶσι
811 532 1163 592 φυλαττομένης,
1209 534 1327 578 ὥστε
1368 537 1431 593 μὴ
1468 541 1547 581 ἐπί

199 605 345 631 τινων
384 591 604 648 γειτόνων
647 592 896 648 ἐπιτραπέν
939 588 1042 655 ἐφἐι
1061 590 1227 647 ἑτέρων
1270 593 1544 637 κωλύεσθαι.

201 648 224 687 7
285 643 478 690 Κᾶκεῖνο
517 645 567 690 δὲ
605 646 961 702 νομοθετοῦμεν,
1004 660 1122 688 ωστε
1148 647 1210 702 μὴ
1237 648 1314 690 τὰς
1342 651 1442 691 τῶν
1470 662 1543 690 συ·

199 705 444 759 κοφαντῶν
493 707 777 756 κακοτεχνίας
827 706 919 744 τοῖς
973 704 1181 746 ἐπιεικέσι
1229 703 1543 750 λυμαίνεσθαι.

199 756 355 800 πολλοὶ
393 759 478 818 γὰρ
516 758 682 816 φθόνῳ
720 755 844 800 δίκας
882 755 961 800 οὐκ
998 753 1285 813 ἀδικήματός’
1304 775 1425 803 τινος
1451 764 1545 803 τοῖς

198 813 448 871 οἰκοδομεῖν
489 814 772 871 βουλομένοις
811 811 1076 871 ὑφαίνοντες
1120 813 1362 871 ἀναβολῶν
1407 816 1542 858 αἴτιοι

200 866 348 913 αὐτοῖς
374 876 592 930 γίνονται,
625 866 743 912 ὥστε
770 868 852 912 τὸν
880 870 1130 925 οἰκοδομεῖν
1154 870 1415 930 ἀρξάμενον,
1446 872 1542 914 εἶτα

197 924 467 969 κωλυθέντα
494 930 569 969 καὶ
598 925 651 969 τὸ
681 928 812 984 ἔργον
841 922 988 968 ἀτελὲς
1023 927 1286 972 καταλιπεῖν
1323 929 1541 986 ἠναγκασ-

196 985 335 1036 μένον
357 986 431 1026 καὶ
456 982 567 1040 πρὸς
587 981 640 1025 τὸ
665 979 952 1040 δικαστήριον
974 981 1282 1041 (ἐφελκόμενον
1305 983 1358 1026 τὸ
1382 985 1540 1043 χρῆμα,

196 1037 246 1087 ἐξ
284 1036 334 1081 οῦ
375 1037 459 1091 τὴν
493 1040 642 1081 οἰκίαν
681 1041 867 1107 ἐγείρειν
906 1038 1114 1092 ἤλπισεν,
1154 1039 1412 1083 ἀναλίσκειν
1440 1042 1541 1096 περὶ

195 1093 281 1146 τὴν
323 1091 465 1148 δίκην,
509 1098 584 1137 καὶ
628 1093 682 1137 τὸ
727 1111 918 1139 παντων
960 1093 1281 1148 ἀτοπώτατον,
1334 1093 1446 1152 μετὰ
1487 1093 1540 1136 τὸ

197 1148 348 1207 ψήφου
387 1147 580 1204 νικώσης
619 1153 844 1204 ἐπιτυχεῖν
880 1154 948 1193 ἔτι
990 1149 1202 1209 καθάπερ
1239 1149 1415 1194 ἀλύτοις
1450 1154 1542 1193 τισὶ

196 1204 540 1261 συμπεπλέχθαι
590 1204 787 1263 δεσμοῖς,
841 1210 919 1249 τοῦ
971 1206 1255 1251 κωλύσαντος
1303 1208 1357 1250 τὸ
1412 1208 1543 1266 ἔργον

195 1259 475 1318 προσχήματι
501 1264 587 1318 μὲν
615 1268 808 1320 ἐφέσεως
837 1264 914 1306 τὰς
942 1271 1091 1322 κυρίας
1119 1261 1443 1320 ἀναμένοντος,
1473 1265 1539 1316 τῷ

195 1315 245 1359 δὲ
273 1316 487 1373 ἐμποδών
513 1321 729 1378 γίνεσθαι
759 1321 813 1382 τῇ
844 1319 1077 1376 οἰκοδομίᾳ
1107 1323 1180 1362 ἐπὶ
1210 1325 1308 1362 ταῖς
1339 1321 1416 1362 τοῦ
1456 1324 1541 1378 γεί-

195 1377 218 1414 7
223 1388 250 1416 a
306 1388 435 1417 τονος
472 1379 719 1433 συμφοραῖς
757 1380 1119 1434 ευφραινομένου.
1193 1375 1544 1434 Προστάττομεν

189 1434 361 1487 τοίνυν,
403 1433 477 1473 ἐπὶ
515 1433 613 1473 τῶν
648 1431 870 1474 τοιούτων
902 1429 1175 1475 ὑποθέσεων
1202 1434 1242 1472 εἰ
1271 1433 1420 1488 ἔφεσις
1447 1434 1542 1474 ἐπι·

193 1483 353 1540 δοθείη
397 1485 511 1528 κατὰ
555 1489 653 1529 τῶν
697 1490 1016 1532 τυπωθέντων
1058 1487 1182 1545 παρὰ
1225 1490 1305 1530 τοῦ
1350 1483 1541 1545 διαγνώ-

191 1556 343 1596 μονος,
372 1539 466 1598 ἅμα
494 1545 561 1584 τῶ
593 1541 790 1596 δοθῆναι
820 1543 943 1601 παρα
972 1546 1052 1585 τοῦ
1082 1541 1295 1585 δικαστοῦ
1324 1543 1407 1595 τὴν
1435 1539 1542 1584 ἀνα·

193 1597 337 1656 φορὰν
365 1598 464 1651 ἢτοι
494 1585 640 1643 τύπον
670 1601 895 1658 ἔγγραφον
923 1604 998 1641 καὶ
1026 1598 1087 1652 μὴ
1112 1598 1543 1667 παραφυλαχθείσης

191 1660 342 1711 κυρίας
370 1655 535 1704 ἐξεῖναι
574 1657 640 1709 τῷ
681 1654 932 1706 νενικηκότι
969 1658 1042 1696 καὶ
1072 1657 1140 1707 τῷ
1172 1657 1419 1708 ηττηθέντι
1450 1651 1542 1707 ἅμα

193 1707 218 1762 ἢ
246 1709 501 1766 καταμόνας
530 1712 590 1752 εἰς
617 1709 669 1753 τὸ
699 1707 989 1767 δικαστήριον
1017 1712 1093 1763 τῆς
1130 1712 1206 1762 σῆς
1245 1713 1430 1752 εἰσιέναι
1466 1727 1540 1765 με·

191 1765 536 1824 γαλοπρεπείας,
578 1770 652 1807 καὶ
692 1768 772 1807 τοῦ
811 1763 1041 1807 ἀντιδίκου
1070 1764 1318 1818 κληθέντος
1346 1764 1458 1807 κατὰ
1490 1765 1541 1808 τὸ

191 1822 396 1875 συνηθές,
437 1823 476 1863 εἰ
505 1822 680 1872 ἄπεστι,
719 1821 802 1863 τὸν
833 1817 942 1877 ὅρον
969 1823 1049 1863 τοῦ
1080 1819 1313 1874 διαιτητοῦ
1344 1821 1542 1879 φανερὸν

190 1881 350 1928 ποιεῖν,
387 1878 461 1918 ἵνα
500 1877 644 1930 πάσης
679 1874 902 1931 ἀναβολῆς
938 1879 1195 1929 ἐκκοπείσης
1223 1874 1415 1932 νόμιμον
1445 1881 1540 1920 ἐπι-

189 1934 346 1983 τεθείη
375 1936 514 1990 πέρας
540 1933 596 1984 τῆ
626 1929 859 1983 ὑποθέσει,
889 1936 964 1974 καὶ
992 1932 1054 1988 μὴ
1077 1934 1306 1987 χειμῶνος,
1337 1934 1377 1974 εἰ
1399 1931 1540 1986 τύχοι,

187 1985 412 2047 παρόντος
447 1984 476 2040 ἢ
514 1976 858 2041 πλησιάζοντος,
898 1991 981 2031 ἕως
1011 1992 1298 2045 περιμένουσι
1328 1987 1430 2030 τοὺς
1458 2006 1539 2042 μα-

187 2043 315 2102 κροὺς
365 2045 464 2086 τῶν
516 2045 855 2102 ἐμπροθέσμων
899 2043 1104 2102 χρόνους,
1158 2043 1240 2086 τὸν
1290 2043 1540 2100 οἰκοδομεῖν

187 2100 475 2156 βουληθέντα
513 2104 587 2142 καὶ
623 2099 685 2156 μὴ
725 2098 909 2143 δικαίως
947 2099 1218 2142 κωλυθέντα
1249 2102 1404 2156 ζημίας
1432 2099 1539 2159 ἀφο-

188 2157 240 2200 7b
299 2155 455 2214 ρῆτους
491 2153 744 2212 ὑπομένειν.
816 2157 1145 2215 Παραπλήσιον
1185 2155 1246 2208 δέ,
1286 2158 1326 2199 εἰ
1363 2163 1442 2200 καί
1475 2172 1542 2201 τις

192 2212 408 2256 ὗποθέσει
436 2209 621 2270 τοιαύτῃ
654 2215 825 2268 ἐφεῖναι
854 2212 1101 2267 βουληθείη
1139 2211 1421 2269 μεμφόμενος
1449 2218 1540 2256 τοῖς

190 2268 314 2326 παρὰ
349 2270 426 2321 τῆς
460 2269 538 2321 σῆς
581 2267 965 2326 μεγαλοπρεπείας
1009 2271 1349 2326 ἐψηφισμένοις,
1395 2285 1539 2328 παρα-

187 2326 335 2380 χρῆμα
377 2324 461 2377 τὴν
504 2323 778 2378 καλουμένην
823 2325 1153 2368 consultationa
1199 2327 1415 2383 γίνεσθαι
1465 2330 1539 2368 καὶ

191 2378 408 2423 δίδοσθαι
450 2383 525 2422 καὶ
570 2378 694 2434 αύτῷ
739 2384 813 2422 καὶ
858 2382 924 2434 τῷ
970 2380 1223 2433 νενικηκότι
1263 2382 1541 2424 σκοπεῖσθαι

189 2435 304 2479 κατὰ
331 2436 385 2479 τὸ
416 2434 581 2479 εἰωθὸς
609 2435 693 2489 τὴν
723 2438 877 2494 ψῆφον
905 2439 956 2478 ἐν
982 2439 1050 2491 τῷ
1088 2439 1207 2490 θείῳ
1239 2433 1366 2492 ήμῶν
1397 2437 1539 2481 παλα-

190 2581 242 2631 (1)
271 2575 543 2630 τελεσθῆναι
575 2581 648 2620 ins.
680 2581 927 2633 Auyustinus
1041 2579 1096 2630 (2)
1127 2593 1177 2619 τε
1208 2579 1285 2619 del.
1317 2580 1502 2620 Hert-her

189 2758 295 2790 vero
324 2745 373 2788 in
401 2745 506 2789 aliis
533 2745 658 2789 urbis
679 2745 893 2803 partibus
920 2746 1039 2789 inter
1065 2745 1299 2789 columnas
1326 2745 1540 2789 tabernae

191 2803 548 2854 constituuntur,
588 2802 960 2858 quemadmodum
996 2801 1098 2845 urbi
1135 2802 1388 2845 conducere
1423 2802 1539 2845 iudi-

191 2857 361 2902 caverit
386 2863 464 2902 tua
487 2858 824 2915 maqnisicentia
841 2857 996 2915 quoad
1015 2871 1269 2902 mensuram
1285 2863 1331 2901 et
1342 2858 1537 2910 modum,

191 2914 346 2958 extrui
371 2913 624 2957 sancimus:
661 2914 936 2971 aequalitate
974 2914 1181 2959 videlicet
1213 2914 1416 2957 omnibus
1443 2927 1538 2958 ser-

191 2976 318 3022 vata,
357 2984 436 3022 ne,
509 2969 602 3014 uod
629 2971 733 3013 aliis
762 2970 920 3014 vicinis
939 2972 1239 3028 permittitur,
1275 2971 1379 3014 aliis
1408 2970 1538 3014 dene-

193 3030 213 3070 '1
272 3030 417 3084 qetur.
507 3026 604 3070 llud
631 3028 765 3070 etiam
796 3027 894 3083 leqe
924 3028 1274 3085 complectimur,
1313 3041 1370 3071 ne
1396 3027 1539 3085 probi

190 3082 393 3126 homines
421 3082 796 3126 calumniatorum
822 3083 1070 3139 fraudibus
1100 3083 1354 3127 laedantur.
1409 3083 1539 3126 multi

190 3139 307 3182 enim
343 3138 515 3181 invidia
555 3139 655 3182 lites
691 3139 820 3182 nulla
857 3139 1029 3182 iniuria
1069 3146 1255 3196 accepta
1295 3139 1539 3195 aedificare

189 3193 440 3237 volentibus
467 3199 692 3237 struentes
719 3207 873 3238 morae
910 3195 1024 3251 ipsis
1062 3202 1274 3238 auctores
1298 3196 1433 3250 fiunt,
1472 3196 1538 3239 ita

189 3256 254 3302 ut,
286 3250 364 3306 qui
392 3255 607 3306 coeperat
634 3248 890 3304 aedificare,
930 3249 1088 3293 deinde
1108 3249 1373 3307 prohibitus
1403 3264 1538 3308 opus-

191 3319 278 3362 que
314 3306 629 3362 imperfectum
667 3305 922 3361 relinquere
959 3312 1144 3348 coactus
1176 3311 1220 3348 et
1248 3306 1295 3347 in
1324 3305 1538 3349 iudicium

194 3366 456 3419 protractus
486 3360 747 3415 pecuniam,
778 3374 840 3404 ex
869 3375 960 3416 qua
989 3364 1201 3404 extruere
1229 3361 1407 3404 domum
1437 3375 1536 3419 spe-

190 3418 338 3468 rabat,
368 3416 416 3459 in
445 3415 567 3459 litem
596 3423 852 3468 consumat,
892 3419 1105 3473 quodque
1144 3417 1340 3460 omnium
1381 3415 1538 3459 absur-

192 3473 421 3516 dissimum
451 3480 538 3523 est,
578 3472 802 3515 sententia
831 3472 1012 3516 victrice
1041 3472 1223 3516 obtenta
1252 3471 1373 3516 velut
1399 3472 1538 3515 indis-

190 3528 456 3572 solubilibus
485 3529 673 3572 vinculis
701 3528 952 3580 irretiatur,
992 3528 1096 3572 dum
1128 3529 1169 3571 is
1198 3528 1277 3585 qui
1296 3527 1540 3585 prohibuit

193 3597 309 3643 opus
348 3584 530 3628 obtentu
559 3584 884 3641 appellationis
918 3585 1094 3640 fatales
1129 3584 1225 3627 dies
1253 3590 1467 3642 expectat
1494 3590 1540 3628 et

190 3655 239 3684 se
274 3640 590 3698 impedimento
632 3640 760 3697 operi
794 3641 942 3696 fuisse
980 3654 1079 3684 cum
1115 3640 1251 3684 vicini
1281 3641 1538 3684 calamitate

193 3701 249 3740 7a
305 3695 485 3760 qaudet.
557 3696 876 3740 Constituimus
913 3697 1090 3753 itaque,
1130 3703 1194 3749 ut,
1231 3697 1273 3739 si
1306 3697 1355 3738 in
1384 3695 1536 3738 liuius-

191 3751 311 3796 modi
351 3752 502 3795 causis
547 3751 797 3809 appellatio
845 3751 1059 3796 adversus
1101 3752 1282 3796 decreta
1332 3752 1536 3808 coqnito-

191 3810 258 3853 ris
294 3808 566 3865 interposita
607 3807 688 3859 sit,
733 3808 1004 3872 simulatque
1042 3808 1204 3852 relatio
1243 3808 1335 3852 sive
1378 3808 1536 3864 forma

191 3865 365 3923 scripta
405 3878 434 3907 a
471 3864 618 3906 iudice
655 3863 766 3906 data
797 3864 964 3920 fuerit,
1004 3877 1086 3908 nec
1125 3863 1361 3908 observato
1394 3864 1537 3919 fatali

194 3923 327 3965 liceat
357 3920 518 3964 victori
556 3925 600 3962 et
637 3920 754 3963 victo
793 3933 886 3962 una
920 3933 1020 3963 cum
1049 3920 1313 3964 adversario
1344 3919 1412 3963 vel
1448 3919 1536 3962 soli

192 3979 240 4021 in
288 3975 648 4033 maqnificentiae
698 3980 801 4019 tuae
841 3974 1042 4019 tribunal
1078 3977 1255 4033 inqredi
1298 3981 1343 4020 et
1380 3974 1536 4019 adver-

192 4034 317 4078 sario
370 4033 504 4075 solito
559 4043 683 4074 more
736 4037 923 4083 vocato,
975 4032 1016 4074 si
1054 4031 1195 4083 absit,
1235 4031 1396 4075 iudicis
1437 4045 1536 4074 sen-

195 4091 378 4134 tentiam
410 4087 700 4143 manifestam
726 4087 899 4142 facere,
928 4092 981 4130 ut
1008 4088 1129 4130 omni
1157 4086 1375 4132 dilatione
1435 4101 1535 4130 rae-

194 4146 288 4190 cisa
313 4145 537 4202 leqitimus
549 4143 666 4241 linis
690 4155 854 4187 causae
875 4142 1137 4200 imponatur
1159 4157 1317 4200 neque,
1340 4143 1382 4187 si
1412 4143 1537 4186 tiems

190 4203 320 4258 forte
348 4200 470 4244 adsit
497 4213 547 4244 ve
594 4198 945 4256 appropinquet,
974 4199 1080 4242 dum
1118 4198 1257 4255 lonqa
1290 4204 1538 4256 expectant

188 4257 409 4314 fatalium
440 4262 658 4313 tempora,
687 4255 740 4307 is,
771 4256 850 4311 qui
879 4253 1121 4310 aedificare
1145 4255 1287 4299 voluit
1309 4263 1354 4299 et
1374 4260 1535 4298 contra

191 4315 266 4356 ius
295 4311 558 4371 prohibitus
603 4315 693 4363 est,
743 4309 1049 4353 intolerabilia
1092 4310 1257 4354 damna
1299 4311 1533 4354 sustineat.

197 4368 249 4411 ‘lb
309 4367 453 4412 Simili
480 4367 629 4419 modo,
659 4367 701 4410 si
729 4367 831 4423 quis
852 4366 901 4408 in
929 4366 1010 4408 tali
1035 4367 1343 4411 controversia
1403 4379 1535 4410 rovo-

195 4437 301 4468 care
329 4423 522 4468 voluerit
547 4424 762 4467 incusans
789 4435 857 4474 ea,
890 4435 1008 4478 quae
1035 4435 1066 4464 a
1096 4427 1173 4465 tua
1200 4380 1535 4480 maqnisfcentia

194 4479 374 4523 decreta
415 4486 544 4532 sunt,
587 4478 826 4535 confestim
870 4476 1142 4521 consultatio
1186 4491 1304 4535 quae
1345 4484 1536 4523 vocatur

194 4537 302 4589 fiat,
341 4535 386 4578 et
425 4542 515 4579 tam
559 4536 651 4594 ipsi
700 4547 834 4592 quam
884 4533 1047 4578 victori
1089 4546 1213 4577 more
1254 4533 1390 4578 solito
1434 4548 1534 4578 sen-

200 4591 383 4634 tentiam
422 4591 470 4633 in
511 4605 644 4635 sacro
684 4597 842 4633 nostro
882 4589 1060 4647 palatio
1099 4589 1365 4633 examinare
1402 4590 1538 4634 liceat

199 4650 250 4690 ‘lc
307 4647 428 4689 omni
450 4646 667 4691 dilatione
692 4650 902 4691 cessante.
952 4645 1170 4688 Noverint
1194 4651 1341 4689 autem
1368 4658 1533 4697 omnes,

323 4716 366 4750 H.

1548 156 1658 217 33?

2736 166 2857 217 VIII
2904 171 2963 216 10

1629 319 1681 359 70
1737 321 1844 370 τίω,
1881 311 2094 371 μηδεμιᾶς
2131 312 2349 371 ἀναβολῆς
2375 322 2619 377 γινομένης.
2681 324 2964 362 sumamus,-

1628 386 1715 414 σαν
1751 370 1801 414 δὲ
1839 371 2021 423 πάντες,
2061 368 2160 414 ὅσοι
2197 374 2382 417 κωλύειν
2422 377 2692 433 ἐπιχειροῦσι
2726 375 2828 417 τους
2856 377 2967 416 οἰκο-

1627 427 1897 495 δομοῦντας,
1951 424 2010 470 οἷς
2061 425 2334 481 ἡττηθέντες
2386 434 2460 473 καὶ
2502 430 2580 472 τὰς
2623 435 2778 485 ζημίας
2821 430 2968 472 αὐτοῖς

1627 498 1772 528 πασας
1800 483 1877 526 τὰς
1907 482 2136 539 συμβάσας
2165 485 2474 539 καταθήσουσι
2509 490 2583 527 καὶ
2613 486 2696 537 τὴν
2723 487 2820 528 τῶν
2847 485 2969 527 ὑλῶν

1627 537 1779 593 τιμήν,
1820 537 1870 582 ἃς
1909 540 2020 582 εἰκὸς
2058 537 2374 597 διαφθαρῆναι
2409 539 2436 595 ἢ
2473 547 2542 594 χεί
2568 555 2640 583 ους
2677 541 2890 599 γίνεσθαι
2919 545 2970 581 ἐν

1625 596 1692 648 τῷ
1732 597 1809 647 τῆς
1847 594 1968 648 δίκης
2002 595 2174 654 χρόνῳ·
2214 602 2287 639 καὶ
2323 599 2420 640 τῶν
2455 596 2506 638 οὐ
2541 557 2726 639 δικαίως
2755 599 2969 650 ἐπιχειρη-

1627 650 1809 692 σάντων
1837 649 2099 705 οἰκοδομεῖν,
2139 653 2178 693 εἰ
2206 654 2462 707 ηττηθεῖεν,
2500 656 2574 694 καὶ
2610 651 2688 692 τὰς
2718 655 2873 704 ζημίας
2901 653 2968 703 τῷ

1625 704 1893 748 κεκωλυκότι
1922 707 1974 748 τὸ
2004 705 2278 763 οἰκοδόμημα
2307 713 2381 750 καὶ
2412 705 2540 759 δίκην
2569 707 2712 748 εἰπεῖν
2739 708 2842 761 περὶ
2871 705 2969 746 τού-

1627 766 1650 803 8
1708 776 1805 802 των
1843 759 2164 819 ἠναγκασμένα)
2204 763 2564 805 κατατιθέντων.
2627 762 2791 802 Πᾶσαν
2818 763 2971 813 μέντοι

1623 815 1839 867 τοιαύτην
1869 814 1997 868 δίκην
2027 818 2074 866 ἐξ
2112 815 2380 874 ἀποφάσεως
2406 814 2546 872 μόνου
2575 818 2654 857 τοῦ
2686 813 2971 870 δικαστηρίου

1624 874 1702 912 τοῦ
1735 873 1813 912 σοῦ
1842 873 2061 928 μεγέθους
2090 873 2330 925 κρίνεσθαι
2359 870 2613 925 κελεύομεν,
2654 874 2728 912 καὶ
2757 871 2868 925 μήτε
2897 870 2970 911 ἁλ-

1625 925 1704 970 λον
1741 924 1844 967 τινὰ
1882 927 1980 967 τῶν
2021 925 2222 976 ἐνδόξων
2257 925 2492 982 ἀρχόντων
2528 925 2844 982 ἀκροάσασθαι
2882 942 2970 968 τοι·

1626 980 1759 1035 αύτης
1786 979 2052 1025 ὑποθέσεως
2078 979 2190 1036 μήτε
2220 982 2345 1024 τινας
2379 983 2477 1024 τῶν
2505 979 2853 1040 ἀγωνιζομένων
2883 997 2971 1023 τοι·

1625 1037 1766 1092 αύτην
1809 1033 2037 1081 ὑπόθεσιν
2075 1043 2311 1093 στρατείας
2349 1035 2376 1090 ἢ
2450 1035 2554 1096 όρου
2591 1038 2790 1094 χρῆσθαι
2828 1051 2972 1092 παρα-

1623 1095 1774 1163 γραφῆ
1818 1096 1948 1136 ἕνεκα
1989 1095 2066 1135 τοῦ
2145 1093 2172 1146 ὴ
2215 1094 2407 1136 δικάσασ
2449 1111 2495 1134 αι
2534 1090 2559 1146 ἢ
2597 1094 2660 1149 μὴ
2703 1093 2973 1135 καταθεῖναι

1626 1165 1707 1193 τας
1742 1141 1916 1205 ζημίας,
1957 1146 2064 1192 ὅσας
2127 1152 2258 1192 οὗναι
2295 1152 2352 1209 τῇ
2393 1147 2532 1208 ψήφῳ
2572 1151 2651 1192 τοῦ
2681 1147 2974 1199 ἐνδοξοτάτου

1625 1203 1817 1264 ἐπάρχου
1845 1208 1922 1258 τῆς
1950 1204 2123 1250 πόλεως
2151 1204 2178 1260 ἢ
2205 1207 2285 1248 τοῦ
2316 1204 2428 1264 παρ’
2459 1205 2594 1248 αὐτοῦ
2623 1204 2839 1248 δοθέντος
2861 1203 2973 1247 διαι-

1624 1265 1760 1316 τητοῦ
1801 1263 2132 1320 προσταχθείη,
2175 1259 2285 1305 ἀλλὰ
2324 1261 2410 1316 τὴν
2448 1260 2695 1315 ἀπαίτησιν
2732 1262 2975 1316 ὑπομένειν

1624 1320 1706 1362 τὸν
1745 1315 2007 1372 ἡττηθέντα
2050 1317 2124 1360 διὰ
2159 1320 2235 1371 τῆς
2272 1317 2440 1369 τάξεως
2478 1320 2554 1373 τῆς
2593 1320 2670 1371 σῆς
2702 1317 2973 1376 μεγαλοπρε-

1624 1380 1766 1427 πείας,
1786 1372 1976 1430 μηδενὸς
2000 1376 2075 1418 ἐπὶ
2097 1373 2244 1428 τούτῳ
2269 1378 2500 1434 χρωμένου
2524 1371 2663 1432 φόρου
2682 1375 2971 1442 παραγραφῇ.

1626 1438 1650 1475 9
1709 1435 1968 1488 Προνοείτω
2009 1429 2058 1472 δὲ
2095 1432 2122 1484 ἡ
2162 1431 2217 1484 σὴ
2254 1430 2616 1490 μεγαλοπρέπεια
2644 1432 2724 1473 τοῦ
2754 1448 2814 1486 μη
2845 1444 2972 1472 τινας

1624 1490 1721 1530 τῶν
1752 1486 2012 1545 ἐργολάβων
2040 1484 2067 1539 ἢ
2104 1489 2326 1540 τεχνιτῶν
2364 1484 2633 1543 ἀρξαμένους
2672 1488 2800 1544 ἔργου
2838 1488 2973 1528 τοῦτο

1624 1541 1981 1597 καταλιμπάνειν
2009 1539 2169 1594 ἀτελές,
2200 1541 2298 1586 ἀλλ’
2334 1539 2473 1586 αὐτὸν
2500 1546 2584 1598 μὲν
2612 1541 2695 1585 τὸν
2724 1539 2974 1600 ἀρξάμενον

1626 1598 1918 1655 λαμβάνοντα
1970 1598 2052 1641 τὸν
2104 1600 2280 1655 μισθὸν
2337 1598 2627 1658 ἀναγκαζέτω
2679 1598 2878 1658 πληροῦν
2920 1597 2973 1640 τὸ

1625 1658 1756 1722 ἔργον
1795 1652 1822 1708 ἢ
1862 1652 2039 1697 διδόναι
2075 1655 2160 1708 τὴν
2200 1657 2417 1698 ἐντεῦθεν
2447 1660 2780 1711 συμβαίνουσαν
2810 1657 2975 1709 ζημίαν

1624 1728 1690 1765 τῳ
1723 1709 2033 1765 οἰκοδομοῦντι
2062 1715 2135 1752 καὶ
2167 1714 2320 1754 πᾶσαν
2349 1711 2433 1764 τὴν
2463 1714 2511 1752 ἐκ
2539 1713 2618 1753 τοῦ
2646 1710 2708 1767 μὴ
2737 1712 2788 1753 τὸ
2816 1712 2973 1769 ἔργων’

1623 1771 1866 1824 γινομένην
1894 1764 2084 1821 βλάβην,
2116 1768 2155 1808 εἰ
2186 1766 2234 1809 δὲ
2264 1770 2399 1818 πένης
2429 1770 2510 1809 τε2
2539 1768 2605 1820 εἴη
2634 1766 2769 1820 τυχὸν
2794 1762 2817 1808 ὁ
2841 1768 2975 1808 τοῦτο

1623 1821 1853 1879 ἁμαρτών,
1894 1821 2063 1880 πληγάς
2090 1838 2140 1863 τε
2170 1821 2441 1878 λαμβανέτω
2471 1825 2546 1864 καὶ
2576 1822 2871 1878 ἐκβαλλέσθω
2900 1824 2976 1874 τῆς

1625 1885 1682 1920 θα
1740 1874 1924 1921 πόλεως.
1999 1877 2076 1929 Μὴ
2130 1877 2380 1920 κωλυέσθω
2434 1876 2483 1920 δὲ
2533 1881 2678 1936 ἕτερος
2719 1880 2797 1931 τῆς
2842 1874 2976 1930 αὐτῆς

1623 1937 1779 1985 τέχνης
1806 1931 1860 1974 τὸ
1887 1928 2001 1989 παρ’
2035 1934 2185 1989 ἑτέρου
2211 1932 2383 1990 ἀρχθέν
2408 1932 2671 1991 ἐκπληροῦν,
2701 1930 2812 1990 ὅπερ
2838 1934 2975 1991 ἔγνω-

1622 2006 1706 2045 μεν
1737 1987 1998 2043 τολμᾶσθαι
2027 1989 2143 2031 κατοὶ
2171 1993 2268 2032 τῶν
2299 1987 2661 2045 οἰκοδομούντων
2685 1992 2825 2032 οἰκίας
2853 1989 2975 2047 παρὰ

1623 2047 1721 2087 τῶν
1751 2042 2010 2103 ἐργολάβων
2040 2042 2095 2097 ἣ3
2133 2049 2366 2099 τεχνιτῶν,
2407 2046 2509 2089 οὗτε
2539 2043 2694 2088 αὐτῶν
2723 2044 2775 2088 τὸ
2807 2045 2976 2088 τέλειον

1624 2103 1937 2144 ἐπιτιθέντων
1981 2100 2044 2144 οἷς
2087 2100 2282 2155 ἢοξαντο
2323 2101 2616 2161 ἐργάζεσθαι,
2660 2100 2762 2144 οὐδὲ
2805 2103 2977 2159 ἑτέρους

1622 2157 1681 2200 τὰ
1712 2155 1825 2200 αὐτὰ
1855 2159 1963 2216 ἔργα
1992 2141 2282 2215 ἀναπληροῦν
2312 2155 2686 2217 συγχωρούντων,
2717 2156 2827 2201 ἀλλὰ
2858 2161 2975 2216 ἐνεγ-

1623 2217 1717 2255 κεῖν
1747 2210 1976 2270 ἀφόρητον
2007 2217 2169 2269 ζημίαν
2199 2214 2418 2257 ἐντεῦθεν
2448 2219 2539 2257 τοῖς
2567 2215 2644 2257 τὰς
2673 2216 2812 2257 οἰκίας
2840 2230 2974 2256 κατα-

1624 2271 1677 2313 9b
1736 2267 1997 2321 σκευάζουσι
2033 2274 2387 2326 μηχανωμένων.
2446 2267 2490 2312 Ὁ
2529 2269 2579 2313 δὲ
2623 2267 2975 2328 παραιτούμενος

1623 2325 1675 2368 τὸ
1715 2322 1827 2383 παρ)
1862 2328 2012 2382 ἑτέρου
2053 2324 2224 2383 ἀρχθὲν
2255 2326 2543 2383 ἐκπληρῶσαι
2582 2325 2642 2369 δι’
2687 2324 2796 2368 αὐτὸ
2827 2328 2974 2376 τοῦτο,

1624 2378 1696 2423 ὅτι
1725 2384 1882 2448 ἔτερος
1900 2380 2182 2448 ήρξατο,<καὶ
2215 2379 2346 2424 αὐτὸς
2374 2381 2699 2438 παραπλησίαν
2729 2384 2796 2436 τῷ
2837 2398 2972 2424 κατα-

1581 2453 1586 2488 ι
1625 2435 1805 2479 λιπόντι
1834 2453 1886 2479 το
1918 2442 2050 2494 ἔργον
2077 2441 2280 2491 υπεχέτω
2310 2436 2454 2491 δίκην.

1614 2580 1669 2631 (3)
1697 2575 1725 2632 ἦ
1756 2595 1828 2620 om.
1862 2579 1969 2629 libri,
2000 2580 2132 2633 suppl.
2165 2579 2399 2620 Herrmann

1626 2746 1705 2802 qui
1736 2744 1983 2803 prohibere
2027 2746 2319 2802 aedificantes
2354 2751 2678 2804 praesumunt,
2733 2748 2876 2792 victos
2923 2763 2972 2793 se

1624 2805 1776 2845 omnia
1815 2815 1934 2858 quae
1966 2802 2227 2846 obvenerint
2253 2803 2420 2846 damna
2449 2803 2541 2845 illis
2570 2804 2863 2848 restituturos
2891 2819 2973 2849 nec

1622 2872 1715 2901 non
1753 2859 2046 2902 materiarum
2075 2860 2300 2916 pretium,
2340 2872 2457 2916 quae
2490 2859 2614 2902 intra
2644 2860 2738 2903 litis
2768 2867 2971 2919 tempora

1622 2921 1868 2972 corruptae
1921 2922 2002 2958 aut
2051 2915 2298 2959 deteriores
2338 2916 2497 2972 factae
2539 2929 2636 2959 esse
2678 2916 2972 2961 videbuntur:

1622 2971 1656 3013 ii
1684 2985 1878 3028 quoque,
1909 2972 1988 3028 qui
2018 2978 2178 3015 contra
2203 2973 2275 3015 ius
2299 2971 2541 3026 aedificare
2560 2974 2969 3028 praesumpserint,

1621 3028 1662 3070 si
1691 3028 1796 3071 victi
1822 3028 2015 3084 fuerint,
2046 3028 2211 3071 damna
2239 3027 2489 3071 resarcient
2517 3026 2578 3079 ei,
2619 3028 2698 3084 qui
2726 3029 2970 3084 aedificare

1619 3083 1856 3140 prohibuit
1893 3089 1938 3127 et
1977 3085 2097 3127 litem
2135 3099 2189 3127 ea
2230 3084 2284 3127 de
2320 3098 2371 3126 re
2413 3082 2647 3126 instituere
2676 3090 2862 3127 coactus
2888 3093 2965 3128 est.

1625 3144 1648 3181 8
1711 3139 1890 3183 Omnem
1930 3154 2034 3183 vero
2072 3139 2328 3182 huiusmodi
2357 3139 2477 3182 litem
2506 3138 2650 3181 solius
2677 3139 2836 3182 iudicii
2866 3144 2969 3184 tuae

1622 3195 1947 3251 maqnitudinis
1989 3196 2209 3238 sententia
2260 3194 2502 3237 diiudicari
2544 3195 2881 3252 praecipimus,
2924 3203 2969 3240 et

1622 3265 1765 3307 neque
1794 3251 1932 3293 alium
1962 3251 2214 3307 quempiam
2251 3251 2598 3307 maqistratuum
2627 3250 2870 3294 illustrium
2902 3257 2967 3296 ta-

1623 3308 1706 3350 lem
1750 3319 1931 3348 causam
1970 3306 2129 3350 audire
2167 3320 2311 3363 neque
2349 3307 2533 3362 aliquos
2570 3319 2748 3358 eorum,
2791 3308 2873 3365 qui
2912 3310 2968 3353 de

1621 3362 1839 3405 eiusmodi
1869 3375 2009 3404 causa
2038 3369 2227 3414 certant,
2257 3362 2445 3406 militiae
2474 3367 2555 3404 aut
2578 3363 2681 3419 fori
2699 3365 2965 3423 praescrip-

1624 3419 1743 3461 tione
1780 3418 1872 3469 uti,
1910 3431 2000 3474 quo
2040 3419 2205 3461 evitent
2241 3418 2454 3462 iudicium
2484 3422 2565 3461 aut
2594 3432 2686 3462 non
2715 3420 2968 3476 refundant

1621 3474 1801 3525 damna,
1841 3488 1959 3530 quae
1981 3487 2072 3531 per
2098 3475 2365 3517 sententiam
2394 3475 2714 3531 qloriosissimi
2731 3477 2965 3539 praefecti

1619 3529 1721 3572 urbi
1762 3529 1832 3573 vel
1868 3530 1965 3572 dati
2000 3529 2056 3573 ab
2086 3543 2140 3573 eo
2170 3531 2332 3574 iudicis
2351 3536 2598 3595 praestare
2625 3531 2736 3574 iussi
2763 3532 2965 3588 fuerint.-

1619 3585 1699 3628 sed
1737 3586 1899 3629 victum
1939 3587 2224 3629 exactionem
2253 3592 2476 3630 sustinere
2505 3601 2597 3644 per
2627 3587 2829 3644 officium
2861 3594 2964 3632 tuae

1619 3641 1994 3698 maqriisz'certtiae,
2024 3642 2197 3686 nemine
2220 3643 2268 3685 in
2291 3642 2378 3686 lzac
2400 3656 2452 3686 re
2471 3643 2574 3700 fori
2594 3643 2964 3700 praescriptione

1620 3701 1645 3740 9
1703 3702 1865 3741 utente.
1934 3695 2183 3742 Provideat
2219 3704 2368 3742 autem
2407 3699 2740 3754 maqnificentia
2772 3703 2870 3750 tua,
2908 3712 2963 3741 ne

1619 3753 1699 3810 qui
1713 3753 2030 3811 erqolaborum
2054 3753 2124 3798 vel
2147 3755 2374 3810 artificum
2400 3768 2538 3811 opere
2561 3752 2773 3796 inchoato
2799 3754 2961 3852 imper-

1616 3810 1791 3866 fectum
1829 3808 1914 3852 hoc
1953 3809 2234 3866 relinquant,
2273 3810 2353 3854 sed
2389 3823 2488 3854 eum
2524 3810 2602 3866 qui
2632 3822 2747 3866 opus
2775 3809 2849 3851 inc
2884 3823 2942 3852 oa

1619 3865 1734 3909 verit
1756 3870 1943 3922 accepta
1968 3865 2172 3910 mercede
2196 3872 2333 3923 coqat
2358 3879 2474 3923 opus
2479 3866 2703 3929 perficere
2728 3871 2810 3907 aut
2825 3878 2960 3922 prae-

1619 3927 1742 3964 stare
1780 3921 2017 3973 damnum,
2060 3921 2186 3978 quod
2222 3922 2327 3966 inde
2365 3921 2648 3977 aedificatori
2684 3920 2877 3972 eveniat,
2916 3926 2962 3965 et

1621 3990 1792 4019 omnem
1836 3990 2009 4020 noxam
2051 3991 2113 4021 ex
2156 3991 2294 4035 opere
2331 3991 2423 4020 non
2451 3977 2664 4033 perfecto
2703 3975 2962 4019 oriundam:

1619 4032 1743 4088 quod
1770 4032 1812 4075 si
1839 4046 2024 4089 pauper
2047 4033 2178 4090 forte
2205 4034 2268 4076 sit
2295 4033 2374 4090 qui
2400 4032 2449 4074 id
2478 4032 2677 4088 deliquit,
2707 4030 2960 4075 verberibus

1620 4092 1677 4130 9a
1722 4087 1939 4132 caedatur
1959 4093 2004 4131 et
2026 4089 2137 4133 urbe
2155 4090 2355 4133 eiciatur.
2402 4088 2496 4131 Nec
2511 4100 2615 4131 vero
2633 4087 2751 4130 alius
2764 4087 2959 4130 eiusdem

1620 4143 1735 4187 artis
1763 4143 1888 4200 quod
1925 4143 1980 4186 ab
2019 4144 2112 4188 alio
2150 4158 2230 4188 coe
2267 4150 2357 4187 tum
2387 4150 2454 4187 est
2473 4143 2695 4200 perficere
2713 4141 2958 4200 prohibea-

1622 4206 1710 4251 tur,
1748 4199 1872 4256 quod
1906 4204 2068 4244 contra
2099 4159 2415 4256 aedifilgatores
2443 4212 2580 4242 ausos
2605 4199 2752 4254 fuisse
2780 4198 2958 4254 erqola-

1620 4255 1700 4298 bos
1722 4255 1749 4310 [
1752 4255 1852 4309 uel]
1878 4256 2076 4311 artifices
2101 4256 2405 4314 coqnovimus‚
2430 4268 2527 4297 cum
2550 4267 2692 4310 neque
2713 4253 2804 4310 ipsi
2820 4254 2957 4308 linem

1619 4311 1905 4373 imponerent
1942 4311 2008 4354 eis
2038 4326 2155 4369 quae
2185 4311 2413 4367 fabricari
2450 4317 2693 4367 coeperant
2727 4323 2871 4365 neque
2899 4309 2956 4352 ab

1620 4366 1725 4409 aliis
1753 4365 1908 4410 eadem
1937 4380 2078 4425 opera
2109 4367 2411 4411 consummari
2438 4366 2651 4416 sinerent,
2691 4365 2771 4408 sed
2798 4366 2956 4409 intole-

1619 4421 1762 4465 rabile
1808 4421 1915 4466 inde
1960 4423 2172 4467 damnum
2219 4423 2276 4464 iis
2320 4422 2495 4477 inferre
2540 4426 2830 4472 conarentur,
2878 4421 2957 4477 qui

1620 4477 1672 4520 9b
1731 4477 1890 4521 domos
1930 4485 2143 4523 extruere
2176 4483 2363 4536 parant.
2436 4476 2524 4529 Qui
2567 4483 2714 4519 autem
2760 4476 2815 4519 ab
2862 4475 2954 4519 alio

1619 4539 1823 4590 coeptum
1854 4546 1970 4591 opus
1990 4534 2091 4578 ideo
2118 4533 2347 4578 absolvere
2370 4538 2561 4585 recusat,
2591 4532 2715 4588 quod
2742 4533 2861 4574 alius
2887 4532 2955 4574 in-

1619 4589 1850 4632 choaverit
1910 4596 1955 4633 et
1991 4590 2089 4647 ipse
2125 4589 2269 4632 simile
2308 4601 2406 4632 cum
2435 4587 2515 4631 illo
2545 4589 2623 4646 qui
2653 4602 2768 4646 opus
2797 4587 2954 4631 dereli-

1619 4646 1716 4701 quit
1741 4645 1954 4688 iudicium
1984 4646 2150 4689 subeat.

2566 4721 2616 4758 43
