3054 4796
134 204 227 255 VII
264 199 463 250 45-48

129 349 262 393 multo
299 343 432 398 magis
467 338 705 385 sententias
734 335 1171 382 eminentissimorum
1185 330 1446 396 ‘praefecto-

130 416 224 448 rum
262 401 329 442 vel
365 398 547 440 aliorum
590 405 822 448 procerum
851 395 956 444 (non
986 391 1120 441 enim,
1155 400 1197 451 ‚⁸¹
1227 386 1334 449 quld
1357 399 1447 451 non

131 459 237 500 bene
276 453 522 501 dirimatur,
564 450 649 490 hoc
687 451 731 489 et
770 446 816 490 in
855 447 1038 490 aliorum
1074 442 1268 486 iudicum
1297 442 1447 483 V1t1um

129 509 300 555 extendi
328 510 512 562 oportet,
545 515 644 546 cum
671 514 761 545 non
785 501 1007 556 exemplis,
1038 498 1115 541 sed
1137 497 1306 560 legibus
1335 495 1447 560 iudi-

128 565 313 610 candum
351 564 453 614 est),
494 570 575 601 nec
615 556 654 599 si
695 556 1007 611 cognitionales
1038 553 1126 596 sint
1154 552 1449 606 amphssimae

128 619 427 677 praefecturae
456 614 523 657 vel
559 611 744 655 alicuius
783 610 959 653 maximi
987 607 1270 662 magistratus
1299 607 1450 671 prola-

126 683 198 719 tae
235 671 495 718 sententiae:
532 667 609 710 sed
638 678 788 709 omnes
816 665 982 708 iudices
1013 666 1190 706 nostros
1220 666 1450 706 veritatem

127 736 171 775 et
198 730 338 785 legum
367 729 411 769 et
437 720 781 776 iustitiae'sequi
809 719 990 773 vestigia
1019 717 1256 761 sancimus.
1301 717 1355 762 D.
1386 729 1454 761 ΙΙΙ

127 786 167 829 lc.
200 784 331 828 Nov.¹
1263 777 1320 826 [α.
1352 776 1449 826 529]

184 839 247 886 14
290 836 430 880 ²Idem
469 833 518 877 A.
558 830 844 876 Demostheni
879 843 961 887 pp.
1033 829 1142 872 Cum
1179 829 1450 885 Papinianus

128 894 279 939 summi
316 890 475 946 ingenii
511 888 577 931 vir
614 886 660 929 in
700 885 1030 941 quaestionibus
1064 885 1156 929 suis
1186 886 1270 929 rite
1302 885 1450 940 dispo-

126 951 213 995 suit
248 961 335 991 non
373 946 512 989 solum
541 942 728 986 iudicem
757 941 811 985 de
841 941 1119 985 absolutione
1148 941 1211 984 rei
1240 941 1450 992 iudicare,

127 1005 202 1050 sed
238 1005 381 1059 ipsum
419 1005 629 1051 actorem,
670 999 708 1042 si
749 1010 772 1040 e
815 997 1038 1040 contrario
1070 997 1286 1040 obnoxius
1315 997 1454 1040 fuerit

126 1063 342 1109 inventus,
398 1055 704 1102 condemnare,
753 1052 1006 1096 huiusmodi
1058 1053 1319 1096 sententiam
1362 1066 1452 1096 non

127 1117 267 1160 solum
295 1111 602 1160 roborandam,
639 1109 716 1153 sed
745 1108 877 1152 etiam
907 1107 1152 1163 augendam
1183 1120 1278 1152 esse
1308 1107 1451 1152 sanci-

127 1185 242 1224 mus,
281 1172 331 1213 ut
368 1169 499 1210 liceat
536 1166 671 1208 iudici
698 1165 768 1208 vel
799 1170 952 1207 contra
982 1167 1177 1207 actorem
1205 1163 1322 1207 ferre
1352 1177 1452 1207 sen-

127 1227 306 1271 tentiam
346 1228 388 1267 et
427 1221 590 1276 aliquid
629 1233 727 1264 eum
767 1220 973 1262 daturum
1002 1220 1070 1263 vel
1099 1220 1320 1263 facturum
1349 1232 1450 1275 pro-

128 1282 351 1331 nuntiare,
390 1278 510 1321 nulla
549 1277 588 1319 ei
618 1275 882 1331 opponenda
912 1275 1184 1330 exceptione,
1216 1275 1334 1330 quod
1364 1288 1453 1319 non

128 1332 376 1392 competens
426 1333 555 1375 iudex
603 1331 772 1387 agentis
818 1344 913 1374 esse
957 1331 1251 1385 cognoscitur.
1327 1331 1452 1374 cuius

127 1392 238 1436 enim
267 1392 312 1433 in
342 1388 506 1443 agendo
539 1387 787 1431 observavit
816 1386 1060 1438 arbitrium,
1092 1399 1192 1430 eum
1216 1387 1380 1431 habere
1410 1391 1455 1430 et

128 1452 279 1490 contra
307 1459 353 1489 se
382 1444 566 1488 iudicem
590 1445 636 1486 in
661 1443 814 1486 eodem
839 1442 1012 1496 negotio
1038 1455 1127 1485 non
1153 1442 1411 1497 dedignetur
1421 1443 1451 1484 ³.

184 1501 243 1547 15
278 1498 372 1554 ⁴[‘0
403 1497 530 1542 αὐτὸς
557 1497 764 1554 βασιλεὺς
790 1495 1017 1552 ’Ῑουλιανῷ
1048 1495 1226 1555 ἐπάρχῳ
1255 1514 1453 1558 πραιτω-

126 1559 296 1615 ρίων.]·”

234 1611 319 1654 ⁶‘H
349 1609 545 1661 διάταξις
586 1606 749 1651 κελεύει
788 1607 970 1652 πολλῶν
999 1606 1151 1652 ὄντων
1181 1610 1230 1651 ἐν
1258 1610 1313 1664 τῆ
1355 1607 1455 1663 δίκη

235 1665 489 1724 κεφαλαίων
532 1663 760 1707 δύνασθαι
812 1663 893 1707 τὸν
948 1662 1164 1718 δικαστὴν
1207 1654 1298 1708 ἐπίι
1333 1653 1456 1707 τισιν

238 1720 389 1765 αὐτῶν
440 1722 670 1780 ἐξαγαγεῖν
722 1717 953 1776 ἀπόφασιν
1004 1719 1179 1763 τελείαν
1226 1725 1301 1763 καὶ
1353 1717 1456 1763 τότε

237 1775 373 1823 πάλιν
412 1779 596 1831 ζητῆσαι
633 1779 734 1834 περὶ
773 1777 869 1818 τῶν
904 1774 1054 1818 ἄλλων
1090 1780 1164 1818 καὶ
1202 1772 1339 1819 πάλιν
1370 1776 1456 1826 ἐξε-

237 1836 407 1892 νεγκεῖν
449 1831 532 1885 τὴν
576 1830 794 1874 δοκοῦσαν
838 1828 960 1885 αὐτῷ
1005 1827 1238 1888 ἀπόφασιν
1280 1834 1355 1874 καὶ
1398 1830 1458 1887 μὴ

237 1884 570 1947 ἀναγκάζεσθαι
604 1891 710 1942 μίαν
740 1882 972 1943 ἀπόφασιν
1001 1891 1102 1946 περὶ
1143 1885 1331 1931 πάντων
1366 1883 1458 1943 ἅμα

242 1943 381 2002 λέγειν
409 1943 505 1985 τῶν
533 1941 790 1999 κεφαλαίων
800 1944 831 1984 ⁷.

189 1998 252 2046 16
284 1999 405 2042 Idem
430 2002 480 2042 A.
510 1997 689 2041 Iuliano
717 2012 795 2055 pp.
842 1997 952 2041 Cum
981 1997 1157 2041 solitum
1188 2001 1255 2042 est
1283 1998 1329 2041 in
1359 2011 1457 2041 sen-

131 2055 279 2099 tentiis
319 2054 510 2097 iudicum
550 2054 614 2097 sic
649 2053 1029 2096 interlocutionem
1058 2054 1260 2108 proferri,
1290 2057 1341 2097 ut
1368 2067 1458 2097 non

132 2111 261 2154 liceat
289 2110 487 2165 partibus
517 2115 620 2152 ante
646 2109 910 2152 definitivam
935 2108 1197 2152 sententiam
1224 2109 1280 2153 ad
1305 2110 1457 2164 appel-

131 2166 303 2209 lationis
353 2165 421 2208 vel
472 2165 762 2208 recusationis
804 2164 953 2207 venire
995 2165 1224 2218 auxilium,
1282 2166 1458 2219 quidam

130 2222 347 2276 putabant
398 2233 487 2263 non
537 2221 670 2263 licere
724 2222 826 2262 ante
874 2219 994 2262 litem
1041 2223 1332 2263 contestatam
1377 2233 1458 2263 nec

129 2276 314 2319 iudicem
354 2288 582 2328 recusare,
624 2274 985 2329 quemadmodum
1021 2288 1105 2319 nec
1134 2276 1191 2318 ab
1222 2288 1273 2319 eo
1305 2276 1457 2339 appel·

129 2331 234 2374 lare.
295 2343 392 2373 cum
430 2330 542 2372 enim
571 2330 699 2373 simul
728 2334 961 2384 utrumque
989 2331 1251 2372 vocabulum
1280 2336 1459 2385 ponitur

129 2391 216 2427 tam
233 2384 536 2439 appellationis
554 2397 682 2438 quam
699 2385 1004 2436 recusationis,
1034 2385 1292 2440 provocatio
1311 2390 1456 2428 autem

127 2445 228 2483 ante
256 2440 376 2483 litem
406 2443 696 2483 contestatam
725 2453 812 2482 non
842 2444 989 2495 potest
1017 2440 1194 2495 porrigi.
1224 2441 1456 2495 putabant,

128 2495 244 2549 quod
280 2508 363 2538 nec
396 2507 600 2538 recusare
631 2494 803 2550 quidem
831 2494 1020 2538 iudicem
1051 2496 1223 2538 cuidam
1254 2496 1456 2539 concedi-

127 2555 199 2594 tur
239 2555 340 2594 ante
378 2550 497 2594 litem
537 2555 843 2594 contestatam.
942 2550 1030 2593 uod
1069 2551 1246 2595 minime
1277 2552 1458 2595 vetitum

127 2610 206 2649 est.
281 2612 463 2649 caveant
514 2606 665 2662 itaque
707 2606 874 2649 iudices
951 2606 1168 2649 uiusmodi
1211 2620 1457 2651 sermonem

128 2661 256 2705 simul
294 2666 337 2705 et
373 2662 466 2706 sine
497 2666 618 2706 certa
647 2661 927 2705 distinctione
956 2663 1170 2717 proferre.
1230 2662 1284 2706 D.
1318 2675 1389 2706 xv
1413 2663 1455 2707 lc.

128 2716 230 2762 Dec.
261 2716 511 2775 Lampadio
541 2722 586 2761 et
617 2717 774 2762 Oresta
805 2731 869 2762 vv.
901 2729 962 2760 cc.
995 2730 1140 2762 conss.
1269 2722 1326 2771 [a.
1359 2723 1456 2772 530]

658 2885 946 2934 XXXXVI?

165 2967 240 3007 DE
269 2966 601 3016 SENTENTIA,
632 2966 783 3012 QUAE
813 2967 943 3007 SINE
974 2965 1158 3009 OERTA
1188 2968 1421 3015 QUANTI-

499 3022 645 3062 TATE
675 3022 930 3063 PROLATA
959 3023 1076 3063 EST.

184 3100 209 3148 1
246 3101 391 3160 Impp.
411 3101 599 3147 Severus
624 3108 668 3146 et
681 3103 935 3147 Antoninus
956 3105 1050 3148 AA.
1075 3104 1303 3149 Aelianae.
1351 3105 1459 3150 Cum

127 3157 335 3209 iudicem,
376 3158 520 3213 quoad
548 3159 738 3214 pecunia
768 3159 1143 3204 condemnationis
1175 3162 1320 3205 soluta
1350 3161 1457 3205 fuis-

129 3218 207 3265 set,
236 3213 509 3269 pendendis⁹
537 3215 683 3258 usuris
713 3215 848 3269 legem
881 3215 1043 3259 dixisse
1071 3216 1334 3271 profitearis,
1369 3230 1459 3261 non

132 3273 284 3311 contra
311 3269 417 3313 iuris
447 3270 631 3313 formam
661 3270 923 3313 sententiam
954 3271 1101 3314 datam
1130 3273 1275 3327 palam
1306 3275 1387 3316 est.

188 3321 219 3367 2
262 3323 373 3381 Imp.
418 3326 675 3368 Alexander
716 3327 767 3369 A.
822 3325 1102 3370 Marcellino.
1186 3328 1457 3383 Quamquam

133 3379 601 3443 pecuniaequantitas
641 3381 858 3424 sententia
896 3383 1113 3426 curatoris
1154 3383 1218 3426 rei
1257 3385 1459 3438 publicae

132 3446 222 3476 non
254 3437 508 3486 contmetur,
540 3437 756 3480 sententia
784 3442 931 3480 tamen
960 3439 1053 3482 eius
1083 3443 1181 3481 rata
1221 3443 1308 3490 est,
1349 3453 1458 3496 quo-

134 3488 250 3532 niam
278 3489 602 3534 indemnitatem
631 3492 693 3535 rei
722 3493 926 3547 publicae
955 3494 1173 3549 praestari
1202 3495 1343 3538 iussit.

189 3541 219 3590 3
259 3543 370 3601 Imp.
418 3543 671 3589 Gordianus
714 3550 763 3590 A.
803 3550 1002 3592 Aemilio.
1062 3550 1183 3594 Haec
1212 3550 1456 3595 sententia:

134 3603 326 3642 ‘omnem
363 3599 497 3643 debiti
535 3602 820 3655 quantitatem
860 3617 958 3646 cum
991 3606 1140 3649 usuris
1172 3607 1458 3662 competenti-

133 3655 237 3697 ⁴bus
259 3655 398 3698 solve'
428 3655 607 3699 iudicati
633 3657 847 3700 actionem
872 3672 1027 3714 parere
1052 3674 1141 3704 non
1165 3665 1325 3716 potest,
1359 3675 1458 3706 cum

133 3710 254 3764 apud·
290 3709 456 3754 iudices
490 3711 553 3754 ita
583 3711 753 3755 demum
782 3713 876 3757 sine
905 3721 1026 3759 certa
1060 3718 1307 3772 quantitate
1335 3717 1458 3763 facta

1109 3807 1235 3815 .-—..-n
1239 3812 1288 3815 --

132 3847 182 3899 (1)
211 3847 397 3889 Recitata
425 3850 596 3902 septimo
626 3849 805 3892 miliario
835 3851 879 3891 in
908 3865 1013 3894 novo
1043 3854 1285 3897 consistorio
1313 3854 1458 3908 palatii

133 3904 365 3945 Iustiniani.
426 3905 461 3944 d.
493 3919 544 3946 111
573 3906 614 3947 k.
638 3907 741 3945 Nov.
772 3908 898 3948 Decio
927 3921 984 3948 vc.
1018 3923 1125 3950 cons.
1155 3927 1246 3962 scr„
1278 3914 1329 3962 cs.
1349 3912 1459 3953 Zeit-

131 3960 274 4012 schrifl
291 3962 370 4013 fiir
400 3961 678 4015 Rechtsyesch.
709 3971 743 4004 11
772 3977 817 4016 p.
847 3972 911 4006 183
1004 3968 1057 4016 (2)
1096 3982 1129 4007 c.
1160 3975 1199 4008 13
1231 3976 1268 4008 et
1297 3976 1335 4009 14
1374 3969 1460 4008 iun·

130 4016 284 4064 qendae
326 4017 509 4056 videntur
644 4018 699 4070 (3)
745 4033 861 4070 quam
900 4021 1222 4073 subscriptionem
1264 4023 1381 4064 addit
1427 4023 1465 4063 P

133 4069 167 4108 d.
188 4082 245 4108 xu
277 4070 314 4110 k.
333 4070 416 4111 deo.
440 4071 645 4123 lampadio
671 4076 711 4113 et
732 4074 894 4114 horesta
909 4086 971 4115 vv.
989 4088 1043 4115 cc.
1071 4089 1200 4118 conss.
1217 4079 1287 4128 (==
1305 4094 1341 4118 a.
1359 4080 1456 4129 530),

135 4140 215 4164 eam
249 4127 320 4165 huc
350 4142 426 4166 non
452 4130 652 4179 pertinere
692 4144 739 4169 ex
769 4131 1028 4181 praefectura
1057 4132 1336 4174 Demosthenis
1367 4150 1457 4174 con·

134 4188 232 4219 stat:
264 4182 375 4220 immo
406 4198 488 4222 cum
514 4193 607 4235 post
637 4185 674 4223 d.
699 4193 769 4225 III
795 4185 831 4223 k.
850 4184 953 4225 Nov.
986 4202 1019 4225 a.
1042 4195 1108 4228 529
1141 4189 1196 4228 ad
1227 4188 1458 4230 Demosthe-

133 4249 214 4274 nem
255 4238 546 4278 constitutiones
585 4239 718 4279 nullae
758 4254 962 4280 emanasse
997 4243 1227 4295 videantur,
1272 4244 1336 4284 hic
1373 4246 1458 4297 ipse

134 4290 218 4328 dies
258 4300 422 4343 propter
461 4307 493 4332 c.
525 4302 564 4334 13
603 4295 848 4346 supplendus
888 4303 965 4344 est,
1009 4299 1158 4337 tradita
1202 4308 1327 4339 autem
1365 4301 1457 4339 sub-

133 4347 294 4396 scriptio
323 4349 548 4388 revocanda
578 4357 635 4389 est
666 4350 722 4389 ad
750 4365 781 4390 c.
815 4358 852 4391 16

947 4351 1001 4401 (4)
1033 4353 1254 4405 i'unyendae
1274 4355 1458 4406 sortasse

148 4559 153 4565 ,
193 4505 503 4571 xxxxv-15
551 4509 673 4554 Idem
722 4513 772 4575 A.
814 4511 997 4575 Iuliano
1034 4527 1111 4576 pp.

140 4560 270 4611 ncbet,
310 4578 347 4605 si
379 4564 469 4626 litis
497 4566 636 4608 multa
667 4573 818 4623 capita
847 4571 951 4619 sznt,
981 4570 1167 4613 iudicem
1203 4573 1257 4615 de
1285 4573 1461 4628 quibus-

142 4613 242 4653 dam
264 4624 522 4659 sententiam
547 4619 814 4672 definitivam
835 4624 1054 4679 proferre
1079 4639 1212 4679 posse
1229 4641 1279 4669 m·
1308 4628 1463 4672 deinde·

1365 175 1542 266 „2¹5³

2445 193 2520 231 DE
2557 191 2859 239 SENTENTIA

1530 327 1834 374 condemnatio
1870 329 2138 379 ‚auctoritate
2177 327 2239 372 rei
2277 326 2499 371 iudicatae
2537 330 2782 383 censeatur,
2826 329 2862 372 si

1529 387 1658 481 parte
1700 383 1847 439 aliqua
1889 388 2090 430 actorum
2134 388 2254 429 certa
2299 382 2356 426 sit
2401 383 2623 437 quantitas
2662 396 2861 441 compre-

1563 450 1681 482 ensa.

1587 492 1620 538 4
1661 492 1786 537 Idem
1822 494 1873 537 A.
1915 492 2200 539 Saturninae.
2274 493 2397 537 Haec
2441 493 2683 538 sententia:
2727 496 2865 551 ‘quae

1532 549 1670 593 ‘bona
1708 548 1795 592 fide
1833 550 2045 605 accepisti
2057 551 2104 603 ¹⁰,
2144 550 2263 594 solve
2272 551 2296 603 ’‚
2341 561 2440 591 cum
2477 548 2693 599 ‚incertum
2730 551 2863 604 esset,

1533 603 1638 660 quid
1676 603 1922 659 accepisset
1959 610 2255 661 quantumque
2294 604 2349 647 ab
2380 617 2431 647 eo
2461 608 2707 658 peteretur,
2733 617 2864 669 prae-

1533 660 1684 704 sertim
1720 672 1821 702 cum
1855 659 1952 715 ipse
1989 662 2062 716 qui
2097 666 2222 705 extra
2252 660 2448 704 ordinem
2475 658 2705 703 iudicabat
2729 664 2866 704 inter·

1532 716 1708 760 locutus
1738 715 1797 758 sit
1825 714 1970 773 dotem
2000 716 2147 760 datam
2178 728 2290 771 quae
2318 718 2593 770 repeteretur
2620 727 2711 759 non
2737 714 2866 780 liqui-

1534 771 1633 815 dam
1658 783 1770 822 esse,
1801 769 1983 814 iudicati
2006 772 2272 816 auctoritate
2294 784 2383 814 non
2406 770 2575 813 nititur.
2621 782 2721 814 cum
2733 769 2868 825 igitur

1534 826 1572 870 is
1602 826 1678 882 qui
1705 828 1863 882 postea
1890 825 2116 871 iudicabat
2149 831 2305 871 contra
2334 830 2379 870 te
2409 829 2576 869 certam
2605 824 2868 870 sententiam

1535 882 1719 938 protulit
1761 893 1904 936 neque
1946 883 2002 925 ab
2046 883 2223 927 statutis
2266 881 2596 938 provocaveris,
2647 881 2748 937 ipsa
2787 882 2867 925 tuo

1533 939 1654 982 facto
1689 936 1960 982 confirmasti
1987 937 2241 982 iudicatum.

2054 1109 2346 1157 XXXXVII.

1536 1191 1612 1231 DE
1636 1189 2408 1287 SENTENTIIS,P}{2EJ}{33TEJ({{
2420 1190 2568 1237 QUOD
2593 1188 2873 1230 INTEREST

1595 1325 1618 1373 1
1660 1326 1811 1392 ¹¹Imp.
1852 1325 2134 1371 Iustinianus
2171 1326 2222 1370 A.
2263 1324 2461 1370 Iohanni
2495 1341 2572 1385 pp.
2643 1325 2753 1369 Cum
2790 1337 2872 1381 pro

1538 1396 1588 1427 eo
1621 1382 1738 1437 quod
1766 1386 1953 1426 mterest
1982 1382 2278 1425 dubitationes
2317 1383 2525 1436 antiquae
2567 1382 2614 1424 in
2655 1380 2873 1424 infinitum

1537 1436 1781 1495 productae
1816 1443 1943 1490 sunt,
1982 1437 2138 1482 melius
2178 1437 2306 1481 nobis
2345 1438 2487 1481 visum
2525 1441 2594 1481 est
2626 1436 2874 1480 huiusmodi

1538 1495 1834 1551 prolixitatem
1873 1496 2007 1549 prout
2046 1494 2256 1549 possibile
2291 1499 2358 1536 est
2394 1493 2441 1535 in
2481 1497 2716 1548 angustum
2749 1504 2876 1536 coar-

1547 1556 1561 1593 1
1623 1555 1732 1593 tare.
1804 1550 2033 1593 Sancimus
2072 1550 2223 1604 itaque
2260 1549 2306 1591 in
2336 1549 2539 1592 omnibus
2571 1548 2761 1600 casibus,
2803 1547 2876 1603 qui

1541 1609 1705 1651 certam
1745 1606 1914 1650 habent
1949 1606 2243 1660 quantitatem
2282 1604 2348 1649 vel
2386 1607 2613 1659 naturam,
2660 1603 2796 1648 veluti
2832 1603 2876 1647 in
2907 1655 2909 1658 y

1539 1662 1864 1706 venditionibus
1905 1665 1950 1705 et
1986 1661 2282 1705 locationibus
2322 1662 2366 1704 et
2403 1660 2606 1704 omnibus
2640 1659 2876 1704 contracti-

1539 1720 1637 1766 bus,
1667 1719 1751 1762 hoc
1782 1717 1901 1774 quod
1928 1716 2116 1760 interest
2145 1717 2266 1772 dupli
2291 1716 2579 1772 quantitatem
2602 1715 2779 1760 minime
2802 1727 2877 1760 ex·

1542 1775 1720 1818 cedere:
1759 1773 1805 1817 in
1835 1773 1933 1817 aliis
1963 1778 2110 1816 autem
2145 1772 2342 1826 casibus,
2384 1772 2458 1828 qui
2493 1771 2652 1816 incerti
2690 1783 2787 1816 esse
2815 1771 2878 1815 vi-

1542 1830 1723 1884 dentur,
1762 1829 1956 1881 iudices,
1996 1829 2069 1883 qui
2112 1841 2269 1872 causas
2310 1828 2574 1875 dirimendas
2614 1827 2877 1883 suscipiunt,

1540 1898 1621 1941 per
1650 1898 1774 1929 suam
1805 1885 2092 1929 subtilitatem
2121 1885 2363 1940 requirere,
2394 1888 2464 1937 ut,
2506 1883 2672 1938 quod²²
2699 1895 2748 1926 re
2776 1894 2880 1927 vera

1540 1941 1765 1985 inducitur
1795 1941 2023 1994 damnum,
2063 1941 2149 1984 hoc
2185 1940 2394 1982 reddatur
2424 1944 2467 1982 et
2497 1951 2585 1983 non
2613 1951 2668 1982 ex
2697 1938 2880 1995 quibus-

1542 1997 1643 2040 dam
1671 1996 2074 2040 machinationibus
2109 1999 2153 2039 et
2180 1994 2422 2038 immodicis
2451 1994 2806 2051 perversionibus
2835 1994 2880 2038 in

1544 2052 1753 2096 circuitus
1782 2051 2112 2096 inextricabiles
2142 2051 2390 2106 redigatur,
2428 2063 2496 2103 ne,
2527 2050 2630 2094 dum
2657 2050 2706 2094 in
2732 2049 2879 2093 infini-

1542 2112 1638 2152 tum
1678 2108 1946 2163 computatio
1987 2107 2238 2159 reducitur,
2284 2119 2366 2161 pro
2405 2119 2488 2150 sua
2525 2105 2881 2161 impossibilitate

1544 2165 1693 2217 cadat,
1734 2176 1833 2207 cum
1871 2163 2033 2206 scimus
2064 2175 2161 2207 esse
2190 2167 2375 2210 naturae
2406 2175 2647 2216 congruum
2675 2174 2751 2205 eas
2780 2164 2880 2205 tan-

1541 2219 1765 2263 tummodo
1795 2232 1961 2274 poenas
1993 2218 2119 2273 exigi,
2161 2231 2274 2273 quae
2305 2231 2405 2260 cum
2436 2231 2532 2261 com
2566 2217 2703 2261 etenti
2731 2217 2878 2260 mode-

1541 2276 1714 2318 ratione
1735 2275 2025 2329 proferuntur
2048 2275 2115 2317 vel
2140 2286 2167 2317 a
2191 2273 2361 2328 legibus
2389 2277 2508 2315 certo
2551 2273 2621 2316 'ne
2644 2272 2880 2317 conclusae

1543 2334 1568 2374 2
1625 2334 1894 2374 statuuntur.
1962 2329 2024 2371 Et
2058 2329 2147 2372 hoc
2180 2342 2271 2373 non
2303 2328 2445 2372 solum
2488 2328 2535 2371 in
2578 2328 2761 2382 damno,
2805 2327 2882 2372 sed

1542 2386 1674 2428 etiam
1710 2386 1756 2428 in
1794 2385 1918 2428 lucro
1959 2389 2112 2428 nostra
2149 2384 2429 2440 amplectitur
2462 2383 2740 2436 constitutio,
2780 2383 2882 2440 quia

1542 2446 1587 2483 et
1630 2453 1685 2483 ex
1729 2453 1780 2484 eo
1822 2444 1991 2483 veteres
2036 2440 2155 2495 quod
2193 2441 2380 2484 interest
2417 2443 2694 2484 statuerunt:
2736 2443 2782 2484 et
2824 2440 2890 2484 sit*

1542 2496 1768 2548 omnibus,
1810 2495 2051 2539 secundum
2081 2495 2200 2551 quod
2229 2496 2396 2540 dictum
2425 2499 2512 2549 est,
2542 2495 2643 2539 finis
2673 2496 2767 2540 anti
2797 2508 2883 2540 uae

1540 2552 1808 2609 prolixitatis
1837 2551 1970 2595 huius
1998 2552 2328 2596 constitutionis
2351 2552 2567 2596 recitatio.
2613 2550 2668 2596 D.
2695 2551 2738 2596 lc.
2792 2558 2878 2610 ept.

1545 2607 1937 2666 Constantinopoli
1967 2613 2081 2666 post
2108 2608 2392 2652 consulatum
2423 2607 2663 2666 Lampadii
2699 2613 2745 2652 et
2776 2607 2881 2652 Ore-

1540 2670 1638 2708 stae
1667 2677 1730 2709 vv.
1762 2676 1824 2707 cc.
2694 2667 2751 2717 [a.
2783 2666 2881 2716 531]

2033 2833 2390 2882 XXXXV111.¹⁸

1594 2915 1645 2956 SI
1674 2910 1792 2956 NON
1821 2916 1857 2955 A
1887 2913 2253 2955 COMPETENTI
2282 2914 2482 2955 IUDICE
2511 2915 2829 2957 IUDIGATUM

2003 2970 2139 3010 ESSE
2167 2969 2427 3011 DICATUR.

1602 3051 1623 3097 1
1664 3050 1777 3109 Imp.
1818 3051 2082 3097 Alexander
2117 3054 2168 3097 A.
2203 3051 2461 3096 Sabiniano.
2529 3051 2669 3096 Iudex
2697 3050 2755 3096 ad
2785 3064 2880 3096 cer-

1542 3112 1633 3150 tam
1662 3120 1754 3150 rem
1784 3107 1939 3163 datus,
1978 3108 2017 3152 si
2047 3108 2101 3152 de
2130 3108 2227 3152 aliis
2256 3107 2571 3164 pronuntiavit,
2601 3120 2733 3163 quam
2761 3107 2881 3164 quod

1543 3163 1601 3206 ad
1630 3176 1727 3206 eam
1756 3164 1950 3218 speciem
1965 3165 1999 3190 ¹⁴
2028 3164 2233 3220 pertinet,
2264 3164 2375 3208 nihil
2401 3163 2500 3219 egit.
2548 3175 2617 3207 111
2641 3176 2746 3208 non.
2778 3162 2878 3208 Ian.

1542 3218 1749 3263 Maximo
1783 3231 1828 3262 11
1853 3226 1899 3263 et
1925 3220 2114 3263 Aeliano
2145 3233 2288 3263 conss.
2694 3222 2750 3272 [a.
2783 3221 2881 3272 223]

1601 3271 1631 3318 2
1663 3273 1776 3332 Imp.
1805 3272 2063 3319 Gordianus
2090 3276 2143 3320 A.
2167 3274 2380 3319 Liciniae.
2442 3274 2490 3318 Si
2517 3273 2720 3319 militaris
2749 3273 2882 3319 iudex

1542 3331 2168 3430 {liifinffaffflu⁸{zndia{¹l²?
2195 3330 2677 3442 ἓίᾌἪέΠὲαῗξῖἰῖὲῗὲἲ
2707 3329 2880 3441 ἳῖῗὲἓὲ·

1851 3420 1862 3440 9
2153 3420 2164 3437 9
2672 3418 2685 3439 9
2861 3409 2881 3420 ‘¹'

1542 3442 1621 3495 vit,
1661 3441 1792 3484 etiam
1821 3445 1992 3486 remota
2021 3441 2319 3499 appellatione
2347 3441 2393 3486 id
2422 3441 2540 3497 quod
2568 3442 2624 3486 ab
2656 3453 2708 3486 eo
2738 3444 2880 3488 statu-

1541 3501 1635 3540 tum
1666 3499 1733 3540 est
1761 3497 2013 3541 firmitatem
2040 3511 2130 3542 non
2160 3498 2297 3542 habet
2324 3497 2521 3542 iudicati.

1599 3550 1629 3599 3
1662 3551 1807 3610 Impp.
1839 3552 2152 3598 Diocletianus
2180 3559 2225 3597 et
2251 3552 2565 3597 Maximianus
2590 3552 2684 3597 AA.
2724 3557 2770 3598 et
2799 3550 2880 3598 00.

1540 3607 1757 3652 Philetae.
1817 3607 1863 3652 Si
1893 3609 1947 3652 de
1974 3609 2248 3664 proprietate
2279 3607 2409 3652 datus
2437 3607 2571 3651 iudex
2599 3607 2807 3652 adversus
2835 3611 2883 3652 te

1541 3663 1651 3706 nihil
1680 3676 1814 3719 super
1841 3663 1928 3708 hac
1951 3664 2120 3718 statuit,
2149 3667 2296 3708 rector
2320 3663 2465 3707 aditus
2490 3662 2747 3719 provinciae
2771 3675 2881 3708 cau·

1541 3732 1636 3763 sam
1673 3718 1790 3763 hanc
1828 3731 2093 3774 cognoscere
2122 3731 2291 3775 suaque
2321 3718 2523 3764 decidere
2551 3719 2770 3764 sententia
2799 3731 2877 3763 cu-

2796 3811 2867 3818 ,--.

1543 3865 1635 3898 sunt
1664 3858 1703 3907 3,
1734 3864 1769 3907 2,
1798 3866 1819 3897 5
1859 3864 1897 3898 et
1935 3871 2040 3910 quae
2073 3858 2133 3898 ibi
2169 3856 2402 3899 laudantur
2501 3855 2556 3909 (5)
2585 3858 2879 3911 inscriptionem

1543 3913 1702 3954 restitui
1729 3927 1777 3953 ea·
1807 3912 1959 3966 leqibus
1989 3914 2221 3965 iunyendis:
2260 3914 2482 3966 inscriptio,
2512 3927 2630 3966 quam
2661 3912 2697 3954 S
2724 3914 2880 3955 exhibet

1544 3968 1674 4008 hanes
1702 3966 1821 4019 impr.
1852 3966 2106 4007 iustinianus
2134 3981 2170 4008 a.
2200 3967 2360 4008 iuliano
2388 3980 2472 4021 pp„
2491 3969 2675 4021 fortasse
2704 3983 2752 4010 ea·
2779 3982 2812 4009 e.
2835 3976 2876 4010 16

1544 4024 1712 4076 repetita
1751 4031 1810 4063 est
1947 4023 2005 4075 (6)
2039 4043 2095 4058 =--
2125 4024 2168 4063 B
2200 4026 2238 4075 9,
2272 4033 2299 4074 1,
2331 4033 2391 4065 81:
2433 4025 2485 4075 cs:
2515 4022 2700 4076 Epitome
2742 4024 2802 4070 ¹4.
2832 4031 2876 4065 55

1543 4079 1598 4129 (Ἰ)
1630 4079 1679 4118 D.
1695 4090 1779 4117 vm
1808 4075 1852 4118 k.
1870 4077 1949 4118 Iul.
1977 4078 2236 4120 Chalcedone
2257 4079 2483 4132 Lampadio
2513 4081 2555 4119 et
2582 4079 2723 4119 Oreste
2746 4089 2873 4118 eones.

1543 4135 1601 4186 (a.
1631 4138 1720 4184 530)
1751 4134 1856 4187 leyes
1887 4135 2110 4187 iunyendae
2195 4135 2253 4187 (8)
2285 4135 2327 4175 B
2349 4135 2388 4184 9,
2413 4143 2444 4181 1,
2469 4142 2512 4176 83
2544 4147 2651 4186 seqq.
2738 4131 2796 4183 (9)
2819 4134 2879 4174 sic

1543 4188 1603 4229 M
1623 4203 1707 4229 cum
1735 4188 1795 4239 B,
1823 4189 2010 4241 petendis
2044 4190 2116 4231 CR
2262 4190 2338 4240 (10)
2367 4187 2561 4241 accepisti
2588 4187 2695 4227 bona
2723 4186 2802 4227 fide
2833 4189 2875 4228 B

1542 4244 1612 4295 (11)
1642 4243 1687 4284 B
1717 4246 1755 4294 9,
1790 4253 1817 4292 1,
1850 4253 1892 4285 87
2021 4246 2096 4295 (12)
2126 4244 2237 4295 quod
2269 4245 2311 4286 B
2341 4246 2499 4296 (κ.π.),
2539 4243 2616 4283 hoo
2643 4241 2754 4292 quod
2784 4243 2880 4283 libri

1541 4300 1616 4349 (13)
1647 4298 1758 4394 {⁸⁹9⁹
1789 4308 1820 4351 1,
1851 4307 1896 4341 88
1926 4315 2034 4353 seqq.
2159 4302 2232 4351 (14)
2267 4304 2328 4341 sie
2358 4300 2469 4347 P‘R,
2508 4310 2576 4338 eas
2602 4309 2667 4337 rea
2702 4298 2754 4347 0,
2789 4310 2877 4338 eam

1541 4366 1625 4394 rem

1200 4518 1464 4561 Constitutio
1547 4529 1708 4559 rursus
1751 4516 1806 4560 de
1850 4516 2036 4580 reliquis
2084 4529 2300 4573 quaerere
2337 4518 2382 4559 et
2417 4526 2576 4557 rursus
2612 4515 2873 4559 sententiam

1547 4585 1663 4627 quae
1702 4573 1742 4614 ei
1772 4571 2003 4628 placuerit
2031 4573 2273 4629 proferre,
2318 4582 2399 4612 nec
2437 4570 2537 4626 coyi
2575 4583 2708 4612 unam
2743 4569 2874 4614 simul

1549 4627 1601 4669 (le
1632 4626 1832 4669 omnibus
1861 4626 2079 4684 capitibus
2108 4625 2369 4670 sententiam
2393 4624 2707 4680 pronuntiare.
