3054 4796
165 198 324 247 VII6

160 343 328 399 quidem
358 338 502 382 omnia
527 340 571 380 et
593 335 798 379 Latinam
822 335 1068 380 libertatem
1091 343 1303 395 resecare,
1336 330 1480 374 certos

159 403 301 442 autem
339 394 490 437 modos
530 393 708 445 eligere,
750 403 804 434 ex
841 392 999 446 quibus
1029 394 1158 432 antea
1188 385 1362 440 quidem
1390 384 1480 428 La-

158 455 249 496 tina
273 449 547 505 competebat
571 447 764 497 libertas,
793 446 840 489 in
862 444 1085 501 praesenti
1109 443 1256 485 autem
1278 440 1482 506 Romana

158 508 348 551 defertur
387 503 604 556 condicio,
647 507 697 544 ut
735 500 804 544 his
842 499 1065 556 praesenti
1093 498 1187 552 lege
1215 499 1481 560 enumerati-s

157 570 200 607 et
230 563 342 606 cives
372 559 623 603 Romanos¹
652 557 967 600 11030011111111132
1006 553 1138 598 001011
1169 564 1319 596 01111103
1349 551 1480 605 mod1,

156 632 234 675 per
288 629 395 673 quos
438 614 694 657 Latinorum
739 624 897 654 nomen
938 609 1251 661 inducebatur,
1303 608 1481 664 penitus

157 674 465 729 conquiescant
507 673 550 712 et
591 681 681 711 non
719 667 903 710 Latinos
945 665 1142 721 pariant,
1186 663 1263 707 sed
1307 668 1358 707 ut
1400 676 1481 719 pro

162 731 208 774 lb
258 728 388 772 nullis
417 726 672 768 habeantur.
720 722 825 777 Quis
855 721 969 765 enim
997 720 1191 776 patiatur
1219 720 1355 764 talem
1385 731 1482 763 esse

154 787 415 834 libertatem,
458 794 510 823 ex
550 792 637 835 qua
665 779 712 822 in
751 780 849 834 ipso
889 782 1088 833 tempore
1117 777 1273 820 mortis
1302 776 1349 820 in
1379 788 1481 819 ean-

156 842 251 884 dem
291 849 521 894 personam
561 835 690 879 simul
727 837 773 876 et
809 834 991 878 libertas
1028 835 1073 876 et
1111 832 1336 876 servitium
1377 845 1482 875 con-

154 899 335 940 currunt
370 898 434 944 et,
480 892 555 947 qui
593 891 719 947 quasi
756 890 868 934 liber
906 892 1103 933 moratus
1141 891 1210 932 est
1222 890 1252 943 ³,
1297 888 1485 944 eripitur

153 965 240 995 non
282 954 452 993 tantum
491 950 536 990 in
574 951 782 999 mortem,
827 946 905 990 sed
943 946 1075 989 etiam
1112 945 1159 989 in
1197 944 1484 988 servitutem?

161 1014 203 1050 lc
233 1009 291 1062 (1)
348 1003 577 1048 Sancimus
607 1003 778 1059 itaque,
819 1003 857 1046 si
893 1003 990 1058 quis
1018 1014 1098 1057 per
1127 1000 1361 1056 epistulam
1391 1013 1482 1044 ser-

153 1077 250 1106 vum
281 1074 406 1105 suum
434 1060 481 1103 in
510 1060 761 1105 libertatem
788 1058 1035 1114 producere
1066 1056 1284 1112 maluerit,
1323 1056 1484 1100 licere⁴

154 1121 192 1162 ei
233 1119 316 1161 hoc
352 1117 499 1159 facere
538 1115 730 1170 quinque
767 1115 956 1158 testibus
996 1113 1225 1165 adhibitis,
1271 1112 1346 1168 qui
1383 1115 1486 1167 post

154 1177 244 1219 eius
280 1174 446 1216 litteras
489 1171 578 1214 sive
616 1171 661 1214 in
701 1170 1025 1226 subscriptione
1063 1170 1234 1224 positas
1276 1169 1366 1212 sive
1405 1179 1485 1223 per

153 1236 290 1274 totum
319 1232 485 1272 textum
517 1227 678 1271 effusas
702 1240 806 1270 suas
831 1227 1001 1270 litteras
1027 1228 1326 1281 supponentes
1352 1223 1484 1267 fidem

152 1290 405 1342 perpetuam
447 1284 621 1339 possint
665 1282 893 1326 chartulae
936 1282 1162 1339 praebere.
1231 1286 1276 1324 et
1317 1280 1355 1324 si
1398 1280 1484 1324 hoc

152 1342 323 1394 feccrit,
365 1340 455 1383 sive
491 1352 569 1395 per
607 1352 655 1383 se
694 1338 927 1384 scribendo
968 1338 1059 1381 sive
1091 1350 1171 1393 per
1199 1337 1484 1388 tabularium,

151 1399 328 1441 libertas
368 1409 493 1439 servo
528 1399 748 1452 competat
777 1394 904 1451 quasi
932 1407 987 1438 ex
1014 1393 1261 1437 imitatione
1293 1392 1485 1437 codicilli

151 1454 316 1507 delata,
359 1452 424 1495 ita
461 1456 631 1504 tamen,
677 1456 728 1495 ut
770 1457 814 1495 et
849 1451 948 1507 ipso
992 1454 1180 1507 patrono
1223 1449 1396 1493 vivente
1440 1452 1487 1492 et

151 1514 175 1552 2
231 1510 477 1553 libertatem
508 1512 550 1551 et
580 1507 799 1551 civitatem
827 1507 990 1551 habeat
1019 1506 1278 1550 Romanam.
1325 1505 1411 1550 Sed
1442 1509 1487 1548 et

150 1566 187 1609 si
229 1565 325 1620 quis
364 1564 480 1607 inter
511 1563 677 1607 amicos
707 1564 959 1608 libertatem
988 1563 1094 1606 dare
1122 1575 1202 1606 suo
1234 1574 1360 1606 servo
1390 1574 1483 1604 ma-

150 1623 298 1676 luerit,
337 1620 487 1664 licebit
527 1620 567 1663 ei
605 1620 794 1676 quinque
830 1620 1028 1664 similiter
1056 1619 1245 1662 testibus
1276 1618 1485 1662 adhibitis

151 1690 275 1721 suam
319 1676 557 1732 explanare
595 1677 864 1720 voluntatem
907 1680 952 1719 et
994 1675 1110 1731 quod
1153 1674 1341 1718 liberum
1384 1686 1484 1717 eum

151 1746 247 1777 esse
275 1733 413 1776 voluit
443 1733 608 1776 dicere:
641 1737 685 1775 et
708 1733 794 1776 hoc
820 1732 910 1776 sive
933 1732 1050 1775 inter
1076 1734 1177 1774 acta
1201 1730 1339 1774 fuerit
1359 1730 1485 1774 testi-

151 1790 308 1833 ficatus
358 1789 447 1833 sive
493 1788 672 1831 testium
709 1801 838 1832 voces
877 1787 1205 1831 attestationem
1249 1790 1354 1830 sunt
1392 1799 1483 1829 am-

151 1846 306 1901 plexae
335 1849 380 1888 et
406 1844 577 1888 litteras
611 1847 703 1887 tam
730 1844 1007 1900 publicarum
1036 1855 1326 1898 personarum
1355 1855 1486 1899 quam

152 1901 330 1946 testium
359 1901 563 1951 habeant,
594 1899 723 1942 simili
752 1900 881 1944 modo
913 1900 1030 1944 servi
1054 1899 1111 1942 ad
1135 1898 1355 1942 civitatem
1383 1911 1486 1954 pro-

154 1957 374 2000 ducantur
395 1955 639 1999 Romanam
664 1957 790 2012 quasi
815 1969 868 1999 ex
896 1955 1107 1999 codicillis
1134 1954 1332 1998 similiter
1354 1955 1485 1998 liber-

156 2018 178 2056 3
236 2018 371 2056 tatem
410 2012 715 2067 adipiscentes.
775 2011 862 2055 Sed
901 2012 1062 2055 scimus
1102 2011 1233 2054 etiam
1273 2011 1358 2055 hoc
1388 2022 1486 2054 esse

154 2070 197 2111 in
238 2069 420 2123 antiqua
458 2068 699 2111 Latinitate
737 2080 792 2110 ex
827 2067 972 2112 edicto
1014 2067 1099 2111 divi
1139 2066 1309 2110 Claudii
1347 2066 1485 2110 intro-

154 2125 357 2176 ductum,
413 2123 551 2179 quod,
604 2124 641 2167 si
685 2124 780 2179 quis
825 2136 998 2168 servum
1043 2136 1172 2167 suum
1214 2123 1488 2178 aegritudine

153 2180 475 2236 periclitantem
515 2192 595 2223 sua
633 2178 761 2223 domo
801 2179 979 2235 publice
1014 2179 1193 2223 eiecerit
1220 2191 1363 2234 neque
1392 2180 1488 2234 ipse

153 2249 252 2279 eum
287 2248 532 2291 procurans
572 2248 713 2290 neque
753 2235 829 2278 alii
869 2248 969 2279 eum
1009 2235 1339 2287 commendans,
1387 2248 1485 2278 cum

153 2297 248 2334 erat
284 2291 322 2334 ei
359 2292 497 2334 libera
531 2290 745 2343 facultas,
787 2292 823 2334 si
861 2303 951 2334 non
988 2291 1084 2346 ipse
1121 2289 1180 2333 ad
1210 2290 1303 2334 eius
1334 2303 1486 2334 curam

151 2346 397 2399 sufficeret,
434 2347 478 2388 in
509 2358 724 2389 xenonem
761 2358 859 2389 eum
893 2345 1067 2389 mittere
1096 2345 1163 2389 vel
1193 2358 1278 2400 quo
1341 2348 1487 2389 oterat

149 2402 276 2445 modo
316 2415 412 2445 eum
451 2401 678 2456 adiuvare,
718 2401 968 2445 huiusmodi
1005 2413 1156 2444 servus
1196 2401 1243 2443 in
1278 2401 1309 2444 11
1343 2403 1484 2445 ertate

149 2458 310 2501 Latina
353 2463 484 2500 antea
528 2458 782 2501 morabatur
827 2462 891 2511 et,
937 2469 1064 2512 quem
1102 2457 1176 2500 ille
1208 2457 1483 2501 moriendum

148 2513 400 2568 dereliquit,
442 2514 536 2556 eius
573 2514 692 2556 bona
729 2513 907 2565 iterum,
947 2526 1047 2556 cum
1076 2517 1333 2566 moreretur,
1365 2513 1482 2556 acci-

149 2575 203 2613 3α
259 2570 422 2624 piebat.
468 2569 590 2612 Talis
618 2570 767 2625 itaque
796 2582 947 2613 servus
972 2569 1176 2613 libertate
1206 2569 1484 2613 necessaria⁵

148 2639 175 2668 a
214 2625 387 2669 domino
427 2633 471 2668 et
506 2625 684 2669 nolente
713 2639 762 2669 re
790 2626 887 2681 ipsa
917 2625 1105 2670 donatus
1135 2625 1216 2668 fiat
1243 2625 1345 2669 ilico
1379 2625 1484 2669 civis

148 2682 372 2725 Romanus
417 2693 497 2724 nec
541 2681 688 2725 aditus
733 2682 778 2724 in
814 2683 912 2725 iura
951 2685 1216 2738 patronatus
1262 2681 1482 2736 quondam

150 2738 321 2782 domino
352 2740 612 2781 reservetur.
672 2751 798 2793 quem
837 2738 951 2781 enim
985 2750 1013 2781 a
1043 2750 1126 2781 sua
1155 2738 1283 2781 domo
1315 2750 1483 2794 suaque

148 2794 313 2836 familia
347 2794 527 2891 1publice
564 2794 758 2850 reppulit
796 2806 938 2850 neque
973 2794 1069 2850 ipse
1107 2806 1206 2837 eum
1235 2807 1483 2849 procurans

149 2863 289 2905 neque
319 2862 344 2892 a
363 2850 393 2892 ii
425 2849 733 2894 commendans
773 2863 913 2906 neque
949 2850 996 2894 in
1025 2850 1317 2893 venerabilem
1345 2863 1481 2894 xeno—

149 2918 247 2949 nem
287 2918 381 2949 eum
420 2905 596 2949 mittens
633 2918 776 2962 neque
805 2910 1018 2950 consueta
1048 2906 1086 2949 ei
1117 2906 1334 2962 praebens
1366 2907 1482 2950 sala-

147 2963 227 3013 ria,
257 2964 433 3004 maneat
460 2962 516 3005 ab
547 2974 598 3005 eo
629 2961 810 3019 eiusque
840 2963 1094 3006 substantia
1116 2962 1309 3017 undique
1335 2975 1481 3019 segre-

146 3021 275 3074 gatus
314 3023 403 3061 tam
439 3018 485 3061 in
525 3018 642 3062 omni
672 3023 870 3075 tempore
899 3018 1016 3062 vitae
1043 3018 1190 3062 liberti
1220 3031 1351 3074 quam
1383 3032 1482 3062 cum

147 3074 356 3119 moriatur
394 3089 474 3119 nee
514 3089 603 3118 non
643 3079 877 3131 postquam
915 3075 1003 3118 iam
1041 3074 1249 3118 fueritin
1278 3075 1372 3118 fata
1402 3088 1483 3119 sua

146 3138 171 3174 4
243 3132 520 3175 concessus⁶.
595 3131 819 3187 Similique
871 3131 999 3175 modo
1050 3131 1086 3174 si
1131 3131 1228 3187 quis
1274 3131 1480 3174 ancillam

148 3201 270 3231 suam
308 3189 389 3231 sub
429 3189 514 3230 1100
555 3187 810 3232 condicione
841 3187 1110 3239 alienaverit,
1150 3199 1206 3230 ne
1239 3187 1481 3243 prostitua-

148 3250 242 3296 tur,
286 3256 425 3287 novus
469 3247 612 3286 autem
658 3243 857 3288 dominus
898 3243 1032 3299 impia
1071 3246 1340 3287 mercatione
1386 3256 1480 3288 eam

151 3300 494 3354 prostituendam
525 3312 620 3343 esse
647 3300 949 3356 temptaverit,
991 3301 1059 3343 vel
1089 3299 1127 3343 si
1155 3299 1371 3356 pristinus
1402 3300 1481 3344 do-

150 3356 290 3398 minus
334 3368 487 3399 manus
532 3356 808 3400 iniectionem
852 3358 898 3400 in
940 3356 1020 3399 tali
1073 3356 1340 3400 alienatione
1394 3357 1479 3400 sibi

151 3411 386 3454 servaverit
414 3416 468 3462 et,
500 3424 596 3454 cum
626 3412 682 3455 ad
711 3426 808 3456 eum
839 3412 972 3455 fuerit
995 3425 1185 3464 reversa,
1216 3412 1312 3468 ipse
1342 3413 1479 3456 ancil-

149 3469 236 3510 lam
274 3467 567 3521 prostituerit,
607 3468 707 3512 ilico
750 3470 795 3511 in
833 3469 1080 3513 libertatem
1111 3468 1355 3512 Romanam
1394 3469 1479 3513 eri-

150 3523 296 3579 piatur
326 3527 388 3574 et,
430 3524 500 3577 qui
531 3535 627 3566 eam
656 3525 941 3579 prostituerit,
978 3525 1034 3568 ab
1066 3525 1184 3569 omni
1213 3528 1478 3580 patronatus

149 3581 244 3622 iure
274 3579 521 3633 repellatur.
568 3579 641 3634 qui
671 3580 783 3623 enim
812 3580 874 3623 ita
904 3581 1090 3636 degener
1121 3585 1165 3625 et
1188 3582 1346 3638 impius
1373 3595 1478 3626 con-

150 3636 330 3678 stitutus
369 3639 455 3687 est,
495 3639 545 3678 ut
582 3635 711 3679 talem
754 3641 977 3680 exerceret
1005 3638 1329 3691 mercationem,
1368 3651 1477 3694 quo·

149 3691 276 3735 modo
315 3691 469 3745 dignus
507 3695 574 3734 est
603 3692 668 3734 vel
708 3692 909 3735 ancillam
940 3693 1005 3736 vel
1041 3694 1242 3738 libertam
1272 3707 1369 3738 eam
1399 3695 1479 3738 ha-

150 3753 171 3789 5
232 3748 364 3792 bere?
420 3746 504 3790 Sed
526 3752 571 3790 et
595 3748 668 3802 qui
692 3747 854 3791 domini
878 3748 1009 3793 funus
1034 3750 1186 3805 pileati
1212 3750 1481 3794 antecedunt

149 3804 214 3846 vel
252 3804 297 3846 in
335 3803 432 3858 ipso
472 3803 633 3847 lectulo
672 3809 839 3847 stantes
877 3805 1062 3849 cadaver
1090 3807 1301 3850 ventilare
1329 3806 1478 3850 viden-

147 3867 242 3912 tur,
282 3860 319 3902 si
347 3860 433 3903 hoc
463 3872 516 3903 ex
546 3860 773 3903 voluntate
800 3860 879 3903 fiat
907 3862 972 3904 vel
1001 3863 1226 3907 testatoris
1255 3863 1322 3907 vel
1352 3863 1478 3907 here-

148 3916 226 3968 dis,
270 3915 381 3958 fiant
421 3915 521 3959 ilico
575 3915 689 3959 cives
733 3916 932 3959 Romani.
1007 3919 1079 3961 et⁷
1123 3931 1179 3962 ne
1224 3919 1322 3974 quis
1366 3932 1480 3964 vana

147 3972 408 4015 liberalitate
431 3972 598 4015 iactare
621 3984 667 4015 se
691 3973 973 4025 concedatur,
1004 3978 1053 4017 ut
1081 3975 1274 4030 populus
1304 3975 1478 4031 quidem

148 4040 245 4070 eum
295 4028 417 4082 quasi
462 4028 700 4071 humanum
743 4028 950 4084 respiciat
992 4031 1153 4075 multos
1197 4031 1386 4087 pileatos
1431 4031 1477 4075 in

147 4084 280 4126 funus
324 4083 614 4139 procedentes
652 4084 923 4140 adspicienS,
969 4087 1168 4131 omnibus
1207 4092 1356 4131 autem
1401 4088 1476 4132 de-

148 4140 286 4196 ceptis
311 4145 518 4183 maneant
539 4140 601 4183 1111
624 4140 670 4183 111
693 4140 883 4196 pristina
907 4142 1113 4186 servitute
1141 4143 1322 4198 publico
1352 4144 1476 4188 testi-

146 4196 290 4239 monio
322 4195 590 4240 defraudati:
631 4196 742 4240 fiant
769 4197 917 4252 itaque
947 4201 991 4241 et
1018 4198 1093 4241 hi⁸
1129 4200 1243 4243 cives
1274 4199 1478 4255 Romani,

145 4251 240 4295 iure
283 4256 430 4295 tamen
473 4254 733 4308 patronatus
777 4253 977 4308 patronis
1023 4254 1192 4310 integro
1246 4256 1475 4301 servando.

146 4311 170 4349 6
228 4307 310 4351 1110
337 4309 494 4364 procul
523 4308 658 4355 dubio
687 4309 976 4363 observando,
1013 4314 1075 4362 ut,
1115 4310 1154 4355 si
1183 4311 1281 4367 quis
1312 4312 1403 4356 sive
1430 4311 1478 4356 in

148 4451 194 4495 (1)
226 4449 331 4487 cives
369 4450 473 4497 (μμ
515 4450 600 4500 Ma)
642 4463 830 4491 romanos
870 4450 940 4491 M²²
981 4467 1063 4491 cum
1096 4454 1180 4491 ΒΣ
1203 4454 1362 4505 (κ.π.);
1399 4454 1475 4494 καὶ

149 4500 326 4543 πολίτας
356 4499 587 4558 Ῥωμαίους
614 4504 877 4556 τικτόντων,
908 4505 1066 4545 civibus
1096 4508 1155 4557 (in
1179 4520 1214 4548 ο.
1236 4506 1313 4560 13¹³)
1343 4522 1476 4551 roma·

152 4559 212 4595 nis
248 4557 424 4609 CR0M2',
454 4561 584 4602 civem
614 4563 693 4611 (vel
721 4563 846 4613 cive»)
878 4562 1035 4602 omanis
1064 4563 1126 4603 13⁰
1257 4567 1312 4615 (2)
1342 4566 1476 4619 requi-

153 4623 211 4651 tur
240 4615 492 4663 parientibus
610 4618 665 4667 (3)
696 4618 769 4667 qui
799 4618 913 4669 quasi
943 4616 1015 4658 lib.
1047 4631 1147 4658 mor.
1178 4622 1238 4660 est
1267 4621 1357 4661 dett.
1392 4635 1475 4662 cum

153 4668 236 4706 ΒΣ
260 4671 407 4715 (nan),
438 4672 552 4719 quasi
583 4684 683 4711 mor.
715 4674 777 4719 P‘,
808 4677 868 4713 est
897 4689 969 4713 om.
1001 4673 1139 4716 PvCR
1265 4676 1318 4726 (4)
1346 4677 1405 4717 sic
1435 4676 1475 4718 R

1476 171 1578 232 296

2049 189 2123 227 DE
2161 186 2362 224 LATINA
2399 185 2702 225 LIBER'I'ATE
2737 184 2899 223 TOLL.

1565 330 1829 372 testamento
1860 327 1950 374 sive
1977 330 2172 376 vindicta
2202 328 2418 387 quendam
2447 329 2769 384 manumiserit‚
2799 329 2904 374 licet

1566 385 1651 427 hoc
1689 382 1851 427 dixerit
1884 385 1957 429 vel
1990 387 2237 444 scripserit,
2310 384 2398 437 uod
2427 385 2614 428 voluerit
2651 397 2749 430 esse
2777 386 2902 430 Lati-

1565 452 1691 494 num,
1736 451 2014 495 supervacua
2056 443 2244 487 adiectio
2333 439 2546 484 atinitatis
2589 441 2820 486 aboleatur
2848 445 2894 486 et

1562 495 1644 539 fiat
1673 494 1779 539 civis
1809 493 2047 554 Romanus,
2077 511 2135 543 ne
2163 498 2300 551 modi,
2341 495 2418 552 qui
2445 495 2502 539 ab
2532 497 2714 552 antiqua
2753 498 2903 543 obser·
2957 522 2960 525 ·

1566 551 1739 595 vatione
1766 550 1813 594 in
1844 552 2062 598 civitatem
2084 554 2327 598 Romanam
2357 551 2554 595 homines
2614 552 2900 607 roducebant‚

1565 611 1587 650 7
1632 620 1713 663 per
1741 606 2009 662 privatorum
2032 610 2283 654 voluntates
2311 607 2502 652 deminui
2525 606 2569 650 vi
2601 612 2770 652 eantur.
2811 609 2904 654 Sed

1565 665 1611 706 et
1651 663 1690 706 si
1729 663 1811 706 sub
1853 664 2110 711 condicione
2149 666 2324 722 quidam
2363 664 2612 707 libertatem
2649 675 2731 707 suo
2772 675 2903 709 servo

1564 719 1793 774 reliquerit
1827 722 1873 762 et
1910 719 2057 766 adhuc
2098 722 2321 787 pendente
2366 718 2626 764 condicione
2668 723 2904 765 extraneus

1564 775 1692 819 heres
1731 774 1980 819 libertatem
2020 777 2058 821 ei
2095 777 2376 834 imposuerit,
2415 788 2506 820 non
2542 779 2594 818 ut
2623 779 2756 818 antea
2782 773 2905 818 Lati-

1565 844 1663 884 nus,
1704 830 1783 874 sed
1814 830 1920 875 civis
1949 831 2033 876 fiat
2060 832 2299 878 Romanus.
2360 835 2406 876 et
2434 831 2472 875 si
2503 830 2676 886 quidem
2705 829 2906 874 condicio

1566 886 1801 939 defecerit,
1845 886 1984 942 ipsius
2027 889 2222 944 heredis,
2274 889 2349 945 qui
2392 888 2640 931 libertatem
2682 885 2907 942 imposuit,

1565 947 1742 986 maneat
1786 942 1986 987 libertus.
2060 945 2130 989 sin
2178 951 2326 990 autem
2368 944 2506 988 fuerit
2548 942 2807 998 adimpleta,
2851 953 2909 986 ne

1567 999 1781 1055 eripiatur
1816 998 2006 1042 forsitan
2044 1001 2193 1046 liberis
2230 1005 2276 1045 et
2304 1000 2500 1056 cognatis
2530 999 2600 1042 ius
2629 1001 2908 1054 patronatus,

1567 1055 1747 1100 orcinus
1776 1054 1962 1099 libertus
1991 1054 2194 1101 videatur
2230 1060 2276 1102 et
2303 1057 2361 1100 ad
2391 1069 2490 1100 eum
2518 1056 2618 1098 iura
2645 1058 2909 1110 patronatus

1568 1116 1591 1156 8
1664 1110 1943 1167 perveniant,
1999 1112 2070 1155 cui
2112 1113 2230 1169 leges
2281 1112 2541 1157 concedunt.
2615 1110 2731 1154 Illud
2775 1109 2910 1154 etiam

1567 1169 1676 1213 satis
1708 1168 1919 1211 acerbum
1949 1167 2076 1212 nobis
2106 1169 2248 1213 visum
2278 1174 2367 1222 est,
2410 1168 2529 1225 quod
2567 1167 2759 1223 putabat
2793 1167 2908 1210 anti-

1567 1225 1736 1281 quitas,
1777 1223 1815 1266 si
1844 1223 1891 1266 in
1920 1223 2094 1267 liberali
2121 1224 2285 1270 iudicio
2315 1229 2552 1281 superatus
2582 1224 2728 1267 fuerat
2757 1234 2910 1267 servus

1567 1294 1595 1324 a
1631 1279 1830 1331 domino,
1874 1279 2031 1323 deinde
2070 1281 2183 1324 servi
2219 1282 2410 1337 pretium
2445 1281 2501 1324 ab
2543 1280 2691 1336 aliquo
2722 1279 2762 1323 ei
2791 1278 2911 1323 solu-

1566 1340 1662 1381 tum
1690 1341 1773 1388 est,
1803 1335 1850 1379 in
1875 1335 2121 1380 Latinitate
2147 1349 2246 1380 eum
2269 1337 2496 1381 remorari.
2543 1334 2911 1392 quemadmodum

1567 1393 1682 1437 enim
1710 1391 1975 1436 rationabile
2005 1396 2072 1436 est
2109 1397 2154 1436 et
2181 1394 2324 1449 pretio
2353 1406 2455 1438 eum
2484 1392 2653 1448 perfrui
2683 1396 2728 1434 et
2754 1391 2912 1436 mortis

1566 1449 1713 1493 liberti
1750 1452 1948 1503 tempore
1985 1448 2127 1492 denuo
2168 1461 2268 1492 eum
2304 1449 2350 1492 in
2388 1449 2645 1493 servitutem
2681 1447 2910 1500 deducere,

1568 1518 1669 1550 cum
1704 1518 1795 1549 non
1833 1505 1923 1548 sint
1962 1505 2091 1549 ambo
2132 1517 2264 1550 casus
2304 1505 2392 1549 sibi
2420 1504 2735 1549 consentanei?
2792 1507 2837 1548 et
2865 1502 2913 1546 in

1567 1560 1789 1618 praesenti
1838 1561 1973 1616 igitur
2025 1574 2133 1605 casu
2175 1561 2356 1605 libertas
2400 1560 2602 1605 Romana
2644 1559 2686 1604 ei
2727 1558 2913 1604 accedat

1566 1619 1663 1662 iure
1691 1621 1956 1674 patronatus
1985 1617 2162 1662 minime
2190 1618 2381 1661 subnixa
2391 1617 2422 1670 ⁹,
2454 1618 2558 1674 quia
2581 1617 2678 1672 ipse
2701 1614 2911 1672 quodam-

1568 1678 1592 1718 9
1666 1674 1796 1718 modo
1844 1674 1928 1718 sibi
1971 1673 2158 1718 libertus
2200 1674 2434 1718 invenitur.
2517 1673 2604 1717 Sed
2647 1676 2692 1716 et
2734 1672 2773 1716 si
2814 1671 2914 1727 quis-

1567 1730 1734 1775 homini
1775 1729 1914 1774 libero
1960 1742 2086 1773 suam
2126 1730 2333 1774 ancillam
2370 1730 2417 1774 111
2454 1727 2736 1773 matrimonio
2775 1728 2911 1772 collo-

1569 1787 1735 1830 caverit
1762 1791 1807 1830 et
1837 1785 1983 1830 dotem
2012 1799 2093 1841 pro
2126 1785 2548 1842 eanconscripserit,
2584 1784 2702 1841 quod
2732 1783 2914 1828 solitum

1570 1847 1636 1886 est
1674 1842 1720 1885 in
1759 1842 1907 1886 liberis
1945 1843 2148 1897 personis
2188 1843 2292 1886 solis
2328 1842 2591 1898 procedere,
2632 1841 2795 1885 ancilla
2821 1852 2913 1884 non

1570 1899 1753 1950 Latina,
1794 1897 1873 1942 sed
1911 1898 2018 1941 civis
2058 1898 2281 1943 efficiatur
2308 1898 2523 1942 Romana.
2594 1897 2634 1942 si
2667 1897 2783 1940 enim
2810 1896 2912 1948 hoc,

1570 1955 1688 2011 quod
1715 1954 2070 2011 frequentissime
2097 1954 2145 1998 in
2176 1955 2292 1999 cives
2321 1955 2547 1998 Romanas
2577 1958 2622 1996 et
2650 1953 2838 1996 maxime
2866 1952 2914 1996 in

1568 2012 1738 2056 nobiles
1777 2022 1993 2066 personas
2036 2010 2133 2055 fieri
2172 2011 2306 2065 solet,
2350 2011 2395 2054 id
2434 2015 2502 2055 est
2542 2009 2704 2053 dotalis
2747 2009 2911 2052 instru-

1569 2067 1712 2117 menti,
1741 2067 2022 2122 conscriptio,
2066 2069 2113 2110 et
2149 2067 2197 2110 in
2236 2067 2323 2111 hac
2362 2078 2553 2123 persona
2592 2063 2791 2109 adhibita
2830 2067 2912 2115 est,

1568 2123 1868 2168 necessarium
1912 2127 1980 2166 est
2023 2127 2369 2167 consentaneum
2413 2123 2619 2166 effectum
2661 2118 2915 2164 huiusmodi

1573 2183 1622 2222 10
1681 2179 1929 2235 scripturae
1969 2179 2208 2223 observari.
2268 2179 2496 2234 Similique
2532 2176 2663 2220 modo
2704 2176 2742 2220 si
2773 2174 2913 2219 domi-

1569 2248 1652 2279 nus
1689 2235 1806 2278 inter
1843 2237 1946 2278 acta
1985 2234 2205 2290 quendam
2242 2247 2416 2278 servum
2444 2233 2582 2276 filium
2613 2244 2744 2275 suum
2771 2229 2914 2275 nomi-

1568 2291 1759 2341 naverit,
1798 2290 1899 2334 voci
1939 2290 2034 2334 eius
2064 2296 2279 2346 quantum
2308 2289 2365 2333 ad
2393 2289 2580 2332 liberam
2610 2286 2913 2332 condicionem

1570 2345 1836 2390 credendum
1864 2349 1946 2390 est.
2015 2345 2054 2389 si
2093 2347 2211 2389 enim
2247 2346 2342 2402 ipse
2379 2345 2459 2387 tali
2489 2344 2738 2388 adfectione
2766 2342 2915 2387 fuerat

1567 2414 1804 2456 accensus,
1849 2406 1900 2444 ut
1941 2401 2074 2446 etiam
2109 2401 2249 2445 filium
2293 2414 2469 2446 servum
2512 2413 2641 2444 suum
2684 2399 2912 2444 nominare

1567 2471 1656 2501 non
1685 2457 1950 2512 indignetur,
1981 2461 2027 2501 et
2055 2458 2142 2501 hoc
2171 2471 2259 2502 non
2287 2461 2459 2502 secreto
2486 2469 2629 2512 neque
2650 2456 2768 2500 inter
2791 2456 2912 2500 solos

1567 2514 1754 2568 amicos,
1796 2512 1872 2557 sed
1909 2513 2045 2557 etiam
2074 2514 2186 2559 actis
2215 2513 2607 2558 intervenientibus
2638 2517 2682 2556 et
2711 2512 2839 2568 quasi
2865 2512 2912 2556 in

1566 2570 1717 2614 iudicii
1746 2569 1889 2626 figura
1917 2570 2220 2623 nominaverit,
2262 2569 2482 2627 quomodo
2511 2574 2662 2626 potest
2691 2582 2791 2613 eum
2819 2581 2911 2613 ser-

1565 2640 1667 2670 vum
1705 2625 1864 2670 iterum
1901 2627 2056 2670 saltem
2096 2627 2354 2674 morientem
2389 2626 2583 2672 habere?
2641 2625 2718 2670 sed
2746 2625 2911 2682 produ-

1567 2688 1695 2726 catur
1725 2686 1770 2726 et
1797 2682 1893 2739 ipse
1927 2682 1974 2726 in
2014 2683 2237 2727 civitatem
2265 2683 2511 2727 Romanam
2526 2716 2536 2735 ,
2575 2694 2680 2727 vera
2716 2681 2911 2726 liberali-

1565 2742 1659 2783 tate
1703 2743 1748 2782 et
1785 2752 1875 2782 non
1914 2738 2027 2782 falso
2067 2751 2269 2783 sermone
2311 2739 2476 2783 domini
2513 2738 2583 2783 sui
2619 2741 2910 2783 sustentatus.

1574 2799 1616 2837 11
1677 2794 1758 2838 1110
1787 2794 1920 2838 0110111
1945 2794 2207 2838 novissimus
2238 2795 2447 2850 antiquae
2466 2794 2723 2839 Latinitatis
2753 2795 2917 2839 modus·

1564 2851 1611 2894 in
1651 2851 1870 2895 civitatem
1899 2850 2148 2894 Romanam
2186 2853 2431 2895 translatus
2471 2850 2698 2905 eligendus
2738 2854 2827 2905 est,
2872 2850 2911 2896 si

1566 2907 1664 2963 quis
1707 2907 2020 2960 instrumenta,
2077 2919 2132 2951 ex
2176 2908 2335 2963 quibus
2381 2919 2531 2950 servus
2576 2906 2908 2961 ostendebatur,

1572 2967 1651 3007 lla
1707 2963 1775 3006 vel
1815 2962 1984 3006 dederit
2022 2975 2149 3007 servo
2187 2963 2257 3007 vel
2297 2962 2559 3019 corruperit.
2631 2961 2718 3006 Sed
2753 2974 2810 3006 110
2836 2962 2908 3006 fu-

1565 3018 1693 3063 randi
1733 3019 1908 3063 occasio
1949 3019 2084 3063 servis
2127 3019 2317 3064 forsitan
2362 3019 2492 3062 detur
2524 3023 2568 3062 et
2598 3031 2680 3063 sua
2708 3018 2908 3074 maligni-

1565 3080 1656 3120 tate
1694 3075 1739 3118 in
1777 3075 2026 3119 libertatem
2063 3076 2344 3131 perveniant,
2387 3076 2488 3119 talis
2524 3074 2683 3119 modus
2713 3079 2835 3119 certa
2863 3078 2910 3119 et

1566 3131 1819 3175 indubitata
1847 3131 2110 3187 probatione
2137 3131 2460 3186 manifestetur,
2491 3135 2542 3174 ut
2564 3130 2755 3174 testibus
2778 3142 2908 3186 prae·

1566 3188 1766 3232 sentibus
1811 3201 1899 3231 non
1942 3188 2087 3231 minus
2132 3188 2323 3244 quinque
2368 3187 2571 3231 dominus
2614 3187 2910 3231 instrumenta

1564 3245 1633 3288 vel
1670 3244 1746 3288 det
1780 3243 1948 3288 famulo
1969 3257 2069 3288 suo
2106 3245 2175 3288 vel
2214 3244 2360 3288 deleat
2396 3249 2476 3288 aut
2515 3243 2602 3287 alio
2642 3243 2771 3287 modo
2811 3255 2907 3287 cor-

1563 3303 1756 3357 rumpat.
1816 3305 1860 3344 et
1897 3312 1954 3344 ex
1993 3313 2044 3344 00
2081 3300 2216 3356 igitur
2247 3300 2379 3345 modo
2410 3300 2631 3344 civitatem
2660 3299 2907 3343 Romanam

1563 3357 1603 3400 ei
1643 3360 1893 3412 competere
1930 3369 2182 3412 censemus,
2222 3357 2344 3401 salvo
2385 3357 2481 3400 iure
2519 3360 2782 3412 patronatus
2815 3360 2907 3399 tam

1562 3415 1608 3456 in
1645 3413 1732 3457 hac
1774 3413 1922 3469 specie
1961 3426 2090 3469 quam
2128 3413 2175 3456 in
2215 3413 2398 3467 ceteris,
2437 3413 2522 3456 nisi
2552 3412 2627 3456 ubi
2656 3411 2908 3467 specialiter

1568 3473 1616 3512 12
1684 3470 1772 3514 hoc
1823 3470 2025 3525 patronis
2077 3469 2397 3525 denegavimus.
2477 3469 2556 3512 His
2601 3467 2906 3512 tantummodo

1565 3526 1741 3570 casibus
1788 3538 1840 3568 ex
1886 3525 2005 3568 omni
2047 3525 2143 3569 iure
2191 3526 2400 3582 antiquae
2442 3524 2700 3568 Latinitatis
2754 3523 2906 3568 electis

1564 3582 1700 3626 ceteri
1730 3594 1903 3635 omnes,
1945 3581 2020 3637 qui
2049 3582 2094 3625 in
2123 3581 2248 3626 libris
2279 3581 2561 3637 prudentium
2590 3581 2658 3624 vel
2689 3580 2906 3624 constitu·

1562 3638 1760 3683 tionibus
1802 3637 2047 3681 enumerati
2086 3642 2212 3690 sunt,
2251 3638 2430 3694 penitus
2470 3636 2791 3693 conquiescant
2823 3649 2906 3680 nec

1562 3694 1713 3738 Latini
1756 3694 1813 3737 ab
1855 3694 1918 3738 eis
1957 3694 2221 3749 procedant,
2268 3694 2346 3738 sed
2382 3697 2612 3747 maneant,
2654 3696 2705 3736 ut
2740 3692 2906 3737 dictum

1564 3756 1654 3803 est,
1696 3750 1809 3794 servi
1847 3750 1894 3793 in
1924 3762 2007 3794 sua
2037 3751 2296 3794 condicione
2332 3762 2414 3794 nec
2453 3749 2528 3793 tali
2559 3748 2751 3793 remedio
2780 3748 2906 3793 abuti

1567 3811 1647 3851 12a
1706 3806 2019 3850 concedantur.
2087 3806 2152 3850 Et
2188 3819 2244 3850 ne
2281 3805 2328 3850 in
2366 3809 2594 3862 posterum
2627 3804 2807 3861 aliquod
2834 3804 2903 3849 ius

1564 3863 1748 3906 Latinae
1776 3862 1995 3906 libertatis
2025 3862 2189 3906 nostris
2218 3863 2390 3918 legibus
2419 3863 2637 3915 incurrat,
2676 3862 2749 3905 lex
2776 3860 2905 3904 Iunia

1562 3923 1711 3964 taceat
1751 3918 1973 3973 Largiano
2019 3924 2198 3963 senatus
2245 3919 2448 3963 consulto
2498 3922 2722 3970 cessante,
2775 3917 2904 3961 sileat

1562 3975 1753 4021 edictum
1783 3974 1871 4017 divi
1901 3974 2096 4027 Traiani,
2129 3975 2248 4031 quod
2278 3987 2330 4019 ea
2360 3974 2642 4030 sequebatur,
2677 3977 2722 4017 et
2750 3971 2789 4017 si
2817 3983 2904 4026 qua

1562 4031 1653 4075 alia
1679 4031 1750 4074 lex
1780 4030 1850 4073 vel
1880 4036 2061 4074 senatus
2093 4032 2343 4076 consultum
2373 4032 2442 4074 vel
2474 4030 2603 4073 etiam
2644 4026 2901 4072 constitutio

1561 4087 1757 4143 loquitur
1802 4086 1856 4129 de
1893 4086 2090 4142 Latinis,
2137 4100 2191 4131 ea
2227 4087 2435 4131 inefficax
2474 4089 2683 4141 quantum
2719 4083 2767 4128 in
2805 4095 2902 4126 eam

1561 4147 1732 4200 partem
1762 4147 1990 4187 remaneat
2018 4147 2063 4187 et
2091 4143 2254 4199 triplex
2278 4148 2410 4187 antea
2432 4142 2504 4186 via
2526 4139 2755 4191 libertatis,
2786 4151 2901 4195 quae

1562 4198 1825 4254 multiplices
1862 4199 2176 4244 introducebat
2214 4200 2441 4264 ambages,
2480 4210 2568 4241 uno
2610 4195 2778 4239 directo
2806 4199 2899 4239 tra-

1561 4255 1667 4299 mite
1697 4254 1841 4298 discat
1868 4255 2109 4300 ambulare.
2169 4254 2288 4312 quod
2326 4268 2365 4299 s1
2402 4253 2550 4310 aliqua
2584 4251 2657 4296 lex
2685 4251 2753 4296 vel
2792 4263 2898 4296 con·

1563 4310 1735 4355 stitutio
1765 4310 1984 4356 libertatis
2013 4312 2149 4356 faciet
2176 4311 2453 4364 mentionem,
2483 4321 2574 4353 non
2602 4309 2750 4352 autem
2773 4305 2898 4353 Lati·

1561 4467 1645 4493 cum
1677 4453 1763 4492 ΒΣ
1788 4455 1842 4502 (κ.
1860 4456 1940 4503 π.),
1970 4452 2115 4494 liceret
2143 4453 2223 4495 PG
2339 4452 2393 4503 (5)
2423 4449 2648 4490 necessario
2678 4449 2897 4491 Mommsen

1560 4523 1643 4549 cum
1671 4509 1759 4548 ΒΣ
1782 4509 1837 4558 (κ.
1855 4512 1920 4560 π.)
1950 4507 2000 4558 ἐξ
2027 4504 2111 4549 ἀνά
2140 4521 2216 4562 mys
2313 4507 2369 4557 (6)
2393 4507 2452 4547 sic
2469 4506 2595 4556 PCR,
2625 4504 2897 4559 conlapsusA

1558 4565 1616 4616 (7)
1653 4567 1694 4605 et
1733 4564 1868 4604 PvCR
1909 4580 1992 4605 cum
2030 4523 2291 4615 ΒΣῖ(κ.π.).
2332 4577 2403 4603 om.
2436 4561 2488 4602 P‘
2628 4563 2685 4611 (8)
2716 4562 2785 4602 hio
2816 4562 2901 4601 ΒΣ

1559 4621 1613 4670 (κ.
1628 4621 1694 4671 π.)
1788 4621 1844 4670 (9)
1872 4620 2048 4660 subnixa
2084 4620 2121 4663 C
2144 4635 2227 4661 cum
2257 4619 2343 4659 ΒΣ
2368 4620 2518 4672 (uam),
2549 4618 2585 4657 01
2615 4617 2790 4658 subnixa
2821 4617 2894 4671 1³⁶,

1561 4678 1598 4716 ei
1628 4675 1803 4716 subnixo
1834 4673 1933 4717 PvR
