3054 4796
140 219 202 270 Vl
241 217 319 266 37.
360 217 424 266 38

189 363 251 408 22
284 361 395 419 Imp.
430 359 706 403 lastinianus
734 362 784 402 A.
816 359 977 404 Menae
995 373 1077 417 pp.
1139 356 1188 398 In
1225 355 1458 398 annalibus

131 419 282 474 legatis
322 418 386 460 vel
425 413 790 466 fideicommissis,
831 427 944 470 quae
983 414 1169 474 testator
1197 422 1287 453 non
1318 411 1459 474 solum

133 479 277 517 certae
317 482 550 526 personae,
589 468 666 511 sed
695 469 825 511 etiam
856 470 949 512 eius
979 466 1212 511 heredibus
1232 468 1459 530 ,praestari

131 528 288 581 voluit,
334 539 483 569 eorum
526 523 796 566 exactionem
840 524 1040 567 omnibus
1093 519 1328 563 heredlbus
1387 521 1458 562 et¹

129 583 336 626 heredum
374 580 607 623 heredibus
644 580 896 622 conservari
967 591 1016 621 ro
1056 576 1282 619 voluntate
1320 579 1456 618 testa-

129 639 238 683 toris
276 636 580 694 praecipimus.
649 633 702 676 D.
735 645 803 676 Ill
838 633 896 676 id.
972 646 1031 676 eo.
1067 630 1459 689 Constantinopoli

129 695 200 737 dn.
234 692 483 736 Iustiniano
513 690 582 746 A„
619 703 670 746 p.
704 700 747 731 II
774 702 893 731 cons.
1271 691 1326 739 [a.
1359 690 1456 738 528]

185 746 248 795 23
282 747 402 791 Idem
431 746 480 789 A.
514 702 693 787 Iulipano
727 757 811 800 pp.
878 743 987 786 Cum
1026 742 1226 798 quaestio
1266 742 1367 786 talis
1406 742 1459 806 de

129 803 443 859 significatione
480 801 710 842 verborum
746 799 914 842 animos
951 799 1179 842 veterum²
1226 798 1378 850 movit,
1423 811 1458 840 s1

128 860 222 914 quis
274 857 445 901 cuidam
499 868 651 908 agrum
703 859 812 909 puta
857 854 1168 898 Cornelianum
1211 854 1279 898 vel
1326 855 1459 897 alium

127 914 338 970 quendam
381 912 427 954 in
472 910 657 954 solidum
699 910 928 966 legaverit,
973 910 1130 954 deinde
1174 909 1251 953 alii
1288 914 1458 965 partem

1457 198 1558 254 270

1959 214 2034 253 DE
2070 212 2370 254 VERBORUM
2402 211 2472 249 m·
2507 212 2694 250 RERUM
2730 210 2874 251 SIGN.

1541 350 1738 405 gravari,
1776 363 1857 394 nec
1896 352 1934 395 si
1970 353 2110 409 ipsam
2146 365 2238 403 rem
2278 362 2409 404 quam
2446 351 2613 407 pupillo
2652 352 2812 408 legavit
2851 363 2878 394 a

1543 406 1784 450 substituto
1814 407 1907 451 eius
1937 410 2002 452 vel
2041 409 2189 463 legare
2219 407 2284 450 vel
2321 405 2697 451 fideicommittere
2725 407 2875 451 voluit.

1542 461 1662 505 1211
1688 460 1731 505 lc.
1748 460 1858 505 Mai.
1887 462 2277 521 Constantinopoli
2298 466 2413 519 post
2441 461 2721 507 consulatum
2746 461 2877 507 Lam-

1532 515 1670 575 padii
1697 521 1744 561 et
1773 515 1942 562 Orestis
1970 533 2032 564 vv.
2065 533 2126 564 oc.
2691 521 2748 570 [a.
2780 521 2878 570 531]

1600 570 1663 617 25
1697 569 1823 617 Idem
1851 573 1903 617 A.
1935 573 2133 618 Iohanni
2160 587 2243 632 pp.
2312 572 2358 614 Si
2396 570 2637 626 legatarius
2673 573 2880 618 celaverit

1541 632 1853 671 testamentum
1879 634 1922 672 et
1945 635 2099 684 postea
2115 630 2259 674 hocin
2275 629 2416 671 lucem
2432 627 2672 679 emerserit,
2696 639 2754 671 an
2775 641 2880 686 pos-

1543 683 1601 727 sit
1624 683 1817 738 legatum
1844 684 1929 727 sibi
1954 686 2210 729 derelictum
2230 685 2268 728 is
2293 683 2368 739 qui
2389 682 2597 726 celaverit
2613 694 2667 725 ex
2681 695 2732 726 eo
2747 687 2882 728 testa-

1547 744 1563 781 1
1614 742 1761 782 mento
1778 738 2013 793 vindicare,
2042 741 2342 785 dubitabatur.
2390 738 2518 793 Quod
2543 737 2792 783 omnimodo
2813 739 2882 782 in-

1542 794 1780 838 hibendum
1804 807 1900 839 esse
1920 808 2161 849 censemus,
2187 802 2237 839 ut
2252 809 2340 839 non
2357 794 2553 850 accipiat
2567 794 2762 838 fructum
2777 806 2884 838 suae

1544 850 1820 902 calliditatis,
1861 851 1936 906 qui
1971 852 2179 896 heredem
2217 852 2384 896 voluit⁷
2421 849 2669 893 hereditate
2706 849 2882 894 defrau-

1542 907 1671 950 dare:
1713 905 1791 949 sed
1827 906 2078 951 huiusmodi
2115 909 2308 963 legatum
2341 906 2405 950 illi
2437 905 2611 960 quidem
2640 905 2883 960 auferatur,

126 982 218 1013 eius
249 967 486 1018 dimidiam,
521 968 728 1021 quantam
758 966 1006 1021 portionem
1035 966 1216 1021 primus,
1250 971 1459 1020 quantam
1500 975 1503 1024 Ι
1541 963 1720 1005 maneat
1748 966 1896 1005 autem
1925 964 2054 1016 quasi
2083 977 2162 1019 pro
2193 977 2282 1007 non
2313 962 2480 1018 scripto
2515 960 2645 1026 apud·
2664 961 2882 1015 heredem,

126 1025 342 1069 secundus
386 1023 622 1076 legatarius
668 1022 953 1076 consequitur
994 1022 1140 1074 (simili
1182 1022 1458 1065 dubitatione
1500 1025 1503 1070 1
1542 1024 1613 1070 ut,
1655 1018 1730 1073 qui
1768 1018 1844 1061 alii
1883 1017 2130 1062 nocendum
2169 1032 2267 1062 esse
2307 1017 2594 1071 existimavlt,
2633 1030 2729 1073 ipse
2759 1027 2884 1062 suam

127 1086 168 1123 et
206 1080 251 1122 in
289 1079 531 1122 hereditate
562 1079 606 1120 et
643 1077 689 1119 in
728 1077 1074 1121 fideicommissis
1109 1077 1298 1131 habita),
1339 1090 1459 1120 cum-

127 1148 210 1191 que
239 1134 586 1189 computationes
616 1133 780 1176 multae
809 1133 1206 1177 introducebantur
1237 1136 1283 1177 et
1312 1133 1459 1176 multis

127 1190 511 1235 ratiocinatoribus
543 1188 720 1243 dignae:
763 1202 844 1231 nos
883 1188 1136 1232 huiusmodi
1166 1189 1457 1254 computatio-

126 1260 202 1291 nes
246 1246 369 1301 quasi
407 1244 654 1300 superfluas
697 1247 741 1287 et
781 1245 1028 1288 contrarias
1066 1244 1284 1288 voluntati
1323 1250 1458 1288 testa-

130 1309 145 1346 1
222 1307 364 1345 torum
416 1313 564 1343 omnes
618 1312 714 1344 esse
757 1299 990 1355 sopiendas
1032 1313 1274 1344 censemus.

126 1359 237 1401 enim
276 1356 678 1400 manifestissimum
718 1358 787 1398 est
825 1368 945 1407 eum,
986 1356 1060 1410 qui
1099 1357 1154 1399 ab
1190 1356 1317 1401 initio
1349 1356 1459 1399 duo-

125 1414 263 1456 decim
291 1413 445 1455 uncias
476 1412 539 1455 rei
570 1411 742 1455 cuidam
773 1411 970 1466 reliquit,
1011 1411 1087 1455 alii
1126 1417 1275 1456 autem
1302 1417 1460 1468 postea

1543 1075 1706 1118 sentiat
1741 1073 1982 1128 iacturam,
2021 1075 2407 1129 quemadmodum,
2448 1073 2484 1116 si
2514 1073 2774 1128 legatarius,
2815 1073 2886 1116 cui

1542 1133 1725 1186 propter
1775 1130 1959 1172 tutelam
2010 1131 2246 1184 gerendam
2300 1129 2467 1186 aliquid
2512 1129 2771 1173 derelictum
2814 1129 2886 1180 sit,

1542 1201 1631 1230 non
1670 1185 1857 1230 subierit
1895 1185 2102 1239 tutelam,
2144 1187 2185 1230 ei
2221 1186 2397 1242 quidem
2437 1186 2629 1240 legatum
2673 1185 2887 1238 aufertur,

1542 1242 1709 1298 pupillo
1740 1248 1888 1284 autem
1919 1240 2195 1296 adsignatur,
2236 1242 2307 1285 cui
2343 1241 2417 1286 ille
2454 1241 2576 1285 utilis
2605 1253 2704 1285 esse
2731 1240 2887 1285 noluit.

1351 1300 1460 1343 Cum
1542 1298 1596 1342 I).
1639 1297 1679 1340 lc.
1714 1297 1825 1341 Nov.
1862 1295 2257 1355 Constantinopoli
2285 1305 2399 1356 post
2439 1297 2723 1341 consulatum
2758 1296 2889 1341 Lam-

1534 1354 1669 1412 pattii
1698 1358 1743 1397 et
1774 1351 1945 1397 Orestis
1973 1366 2038 1397 vv.
2071 1365 2132 1396 cc.
2699 1357 2757 1405 [a.
2789 1356 2887 1403 5311

1600 1407 1665 1455 26
1698 1406 1823 1453 Idem
1853 1409 1904 1452 A.
1940 1407 2137 1452 Iohanni
2156 1422 2240 1466 pp.
2310 1407 2449 1462 Illud,
2492 1408 2609 1464 quod
2649 1407 2704 1451 de
2732 1407 2890 1464 legatis}

125 1482 221 1521 sex,
261 1468 494 1511 recessisse
534 1466 707 1522 quidem
745 1480 772 1510 a
809 1467 958 1533 priore
988 1468 1234 1520 voluntate,
1266 1468 1459 1512 voluisse
1500 1502 1502 1514 ,
1542 1465 1610 1510 vel
1634 1464 1984 1510 fideicommissis
2009 1463 2328 1520 temporalibus
2354 1465 2511 1520 utpote
2532 1463 2668 1507 irritis
2693 1476 2721 1507 a
2744 1463 2891 1520 legum

123 1530 267 1568 autem
309 1523 448 1567 minui
485 1536 581 1567 eam
621 1536 698 1567 sex
734 1524 896 1578 unciis,
942 1537 1043 1567 cum
1072 1523 1150 1567 alii
1179 1537 1252 1568 eas
1283 1523 1458 1576 obtulit,

123 1581 196 1624 et³
271 1592 448 1623 raesens
494 1592 623 1623 casus
670 1579 835 1622 exitum
879 1579 1207 1635 apertissimum
1253 1580 1458 1624 inveniet.

127 1641 179 1679 la
253 1636 283 1678 'i
322 1635 418 1691 quis
453 1635 604 1691 itaque
642 1635 711 1678 vel
750 1648 901 1690 agrum
932 1636 999 1679 vel
1038 1636 1325 1679 hereditatem
1357 1635 1460 1679 reli-

123 1692 286 1747 querit,
324 1691 464 1746 primo
505 1691 678 1747 quidem
714 1691 758 1733 in
798 1694 960 1745 totum,
1005 1692 1200 1735 secundo
1238 1697 1385 1735 autem
1413 1691 1461 1735 in

122 1753 293 1803 partem
330 1747 572 1799 dimidiam,
610 1753 844 1802 utrumque
884 1748 929 1790 in
967 1760 1046 1791 sex
1081 1748 1237 1791 uncias
1269 1761 1363 1791 esse
1394 1747 1462 1790 vel

128 1804 176 1846 lb
222 1802 443 1846 dominum
473 1803 538 1846 rei
567 1803 738 1857 legatae
766 1803 836 1846 vel
863 1802 1068 1846 heredem
1081 1804 1111 1845 ⁴.
1163 1804 1223 1846 Et
1252 1804 1288 1847 si
1318 1803 1460 1859 primo

123 1872 172 1901 re
215 1864 311 1901 tota
353 1858 510 1901 relicta
547 1859 722 1901 tertiam
768 1861 942 1913 partem
981 1858 1174 1902 secundo
1222 1859 1460 1913 reliquerit,

127 1913 364 1957 secundum
408 1913 683 1968 praedictum
723 1914 900 1957 modum
944 1919 1045 1959 octo
1090 1914 1263 1970 quidem
1306 1916 1461 1958 uncias

125 1969 193 2013 vel
222 1970 314 2024 agri
342 1970 410 2012 vel
440 1969 694 2012 hereditatis
726 1969 846 2024 apud
876 1969 1064 2025 primum
1093 1982 1332 2023 remanere,
1372 1973 1459 2014 ter-

125 2024 232 2068 tiam
270 2027 416 2068 autem
454 2030 623 2079 partem
661 2025 731 2068 vel
769 2029 982 2080 quattuor
1016 2026 1171 2070 uncias
1211 2027 1268 2070 ad
1304 2039 1461 2070 secun-

133 2085 179 2124 10
235 2080 336 2123 dum
377 2081 576 2135 migrare.
643 2080 706 2124 Et
744 2081 808 2124 sic
846 2081 892 2124 in
932 2081 1135 2126 omnibus
1177 2082 1462 2126 statuendum

126 2140 213 2188 est,
250 2135 296 2178 id
332 2140 397 2179 est
435 2137 479 2179 in
508 2136 825 2180 hereditatibus
856 2137 925 2180 vel
953 2138 1108 2192 legatis
1138 2138 1205 2182 vel
1237 2138 1462 2182 fideicom-

126 2191 288 2235 missis:
327 2191 509 2245 vestigia
545 2192 658 2235 enim
688 2193 926 2236 voluntatis
958 2194 1185 2238 testatoris
1215 2207 1305 2237 non
1335 2194 1463 2237 aliter

128 2249 151 2287 2
198 2249 257 2300 (1)
300 2246 384 2290 nisi
406 2260 486 2301 per
506 2247 756 2291 huiusmodi
781 2249 892 2291 viam
914 2249 1189 2292 aestimanda
1212 2254 1333 2293 sunt.
1375 2249 1462 2293 Sed

125 2306 169 2344 et
198 2301 328 2344 aliam
358 2302 722 2357 disceptationem
759 2304 867 2346 iuris
898 2304 1068 2359 antiqui
1098 2318 1187 2348 non
1217 2304 1461 2348 absimilem

124 2357 406 2400 constitutam
445 2357 645 2401 decidere
681 2358 808 2401 nobis
839 2359 1078 2402 humanum
1108 2372 1205 2404 esse
1235 2360 1458 2416 apparuit.

122 2412 373 2466 agitabatur
395 2412 521 2465 enim,
552 2413 590 2456 si
620 2413 717 2468 quis
743 2424 895 2467 agrum
919 2413 1227 2458 Cornelianum
1253 2416 1321 2459 vel
1344 2415 1462 2460 forte

120 2468 255 2511 alium
283 2468 351 2511 vel
390 2469 608 2522 quandam
646 2481 736 2512 rem
777 2469 950 2512 cuidam
989 2470 1201 2526 legaverit
1231 2474 1275 2514 et
1303 2476 1460 2526 postea

119 2523 279 2566 iterum
308 2523 377 2566 vel
414 2524 589 2579 saepius
628 2523 668 2567 ei
705 2524 888 2568 eandem
927 2538 1018 2568 rem
1055 2539 1136 2582 per
1163 2527 1358 2582 legatum
1386 2528 1462 2572 vel

119 2578 499 2622 fideicommissum
527 2578 708 2627 dederit,
739 2586 843 2636 post
865 2581 973 2624 talia
994 2589 1142 2625 autem
1166 2583 1300 2627 verba
1323 2588 1458 2628 testa-

121 2634 257 2678 menti
277 2634 534 2690 Sempronio
565 2636 749 2679 eundem
781 2649 932 2690 agrum
962 2638 1029 2681 vel
1058 2638 1191 2681 aliam
1221 2652 1313 2682 rem
1339 2639 1460 2695 lega-

121 2690 245 2742 verit,
276 2695 327 2733 ut
355 2691 531 2746 saepius
562 2691 735 2747 quidem
767 2692 873 2735 Titii
902 2693 1062 2737 fuisset
1099 2695 1285 2747 mentio,
1326 2696 1461 2739 semel
1500 2707 1503 2725 ⁶

148 2801 157 2810 ι
249 2801 258 2809 ·
501 2802 509 2810 ·
881 2804 890 2813 ο
991 2806 999 2813 Ι
1500 2771 1503 2827 3
1542 2750 1647 2793 item
1677 2763 1743 2803 ea,
1775 2762 1889 2806 quae
1919 2749 1976 2793 ad
2005 2756 2180 2805 tempus
2242 2754 2396 2815 ropter
2426 2751 2725 2798 incursionem
2753 2754 2890 2800 latro-

123 2806 193 2853 Slt,
223 2814 262 2844 sl
291 2807 556 2844 comunctlm
580 2804 667 2845 an⁵
696 2807 935 2858 separatim
963 2818 1024 2848 eis
1050 2806 1338 2861 relinquatur,
1372 2807 1461 2851 sive
1500 2830 1503 2845 1

121 2750 267 2789 autem
297 2746 553 2810 Sempronii,
587 2747 691 2801 quid
721 2748 1002 2791 statuendum
1033 2755 1111 2803 est,
1145 2755 1188 2793 et
1218 2751 1323 2806 quid
1351 2751 1460 2794 iuris

1500 1518 1503 1552 ³
1544 1521 1848 1566 conditoribus
1893 1519 2122 1564 definitum
2166 1526 2255 1573 est,
2305 1519 2540 1564 emendare
2583 1519 2892 1586 prospeximus

1547 1578 1796 1622 sancientes
1835 1582 1878 1619 et
1915 1577 2049 1620 talem
2080 1577 2324 1632 legatorum
2352 1577 2421 1619 vel
2449 1576 2891 1623 fideicommlssornm

1549 1639 1563 1676 1
1629 1634 1820 1689 speciem
1850 1634 1995 1676 valere
2038 1637 2081 1675 et
2110 1633 2365 1676 firmitatem
2394 1632 2573 1676 habere.
2635 1633 2745 1677 Cum
2775 1634 2891 1678 enlm

1542 1690 1630 1733 iam
1671 1689 1960 1733 constitutum
1999 1692 2066 1732 est
2101 1688 2198 1732 fieri
2227 1701 2359 1743 posse
2387 1688 2655 1743 temporales
2685 1688 2890 1735 donatio-

1545 1759 1621 1789 nes
1663 1751 1706 1788 et
1747 1750 2022 1794 contractus,
2066 1757 2342 1799 consequens
2384 1750 2452 1788 est
2488 1745 2620 1789 etiam
2648 1745 2798 1801 legata
2824 1746 2893 1791 vol

1543 1801 1895 1852 fideicommissa,
1927 1813 2040 1855 quae
2071 1801 2128 1843 ad
2156 1805 2330 1855 tempus
2359 1801 2515 1844 relicta
2544 1805 2661 1856 sunt,
2701 1801 2760 1846 ad
2787 1814 2893 1847 ean-

1545 1857 1643 1902 dem
1673 1857 2000 1901 similitudinem
2031 1856 2305 1900 confirmari:
2343 1862 2447 1912 post
2477 1857 2745 1913 completum
2773 1858 2892 1903 vide·

1543 1914 1647 1956 licet
1677 1917 1851 1969 tempus
1891 1913 1948 1956 ad
1982 1912 2186 1956 heredem
2215 1912 2355 1955 isdem
2385 1912 2540 1968 legatis
2569 1913 2637 1956 vel
2666 1913 2890 1958 fideicom-

1544 1969 1688 2013 missis
1729 1969 2052 2024 remeantibus,
2094 1968 2405 2012 necessitatem
2443 1969 2638 2013 habente
2678 1969 2890 2025 legatario

1545 2026 1613 2068 vel
1642 2024 2047 2069 fideicommissario
2089 2024 2339 2068 cautionem
2375 2024 2423 2067 in
2451 2037 2688 2080 personam
2718 2026 2892 2071 heredis

1546 2093 1781 2137 exponere,
1814 2085 1863 2123 ut
1891 2085 1995 2136 post
2024 2084 2300 2124 transactum
2330 2083 2506 2136 tempus
2537 2094 2609 2125 res
2639 2095 2730 2126 non
2760 2083 2893 2139 culpa

1546 2137 1640 2180 eius
1672 2136 1864 2180 deterior
1892 2137 2015 2180 facta
2045 2136 2321 2180 restituatur.
2379 2135 2435 2180 D.
2463 2148 2537 2179 XV
2562 2136 2605 2180 lc.
2633 2136 2748 2183 Nov.
2778 2137 2891 2183 Con-

1543 2192 1846 2251 stantinopoli
1879 2199 1994 2249 post
2031 2193 2315 2236 consulatum
2353 2191 2597 2249 Lampadii
2636 2197 2683 2237 et
2721 2192 2895 2238 Orestis

1544 2262 1608 2293 vv.
1641 2261 1702 2292 oc.
1735 2261 1856 2291 anno
1886 2248 2094 2292 secundo.
2701 2252 2759 2302 [a.
2791 2251 2890 2303 532]

2075 2416 2370 2468 XXXVIII!

1586 2500 1663 2539 nn
1693 2498 2005 2540 VERBORUM
2033 2499 2107 2539 ET
2137 2499 2336 2541 RERUM
2365 2500 2849 2547 SIGNIFIOATIONE.

1601 2580 1626 2628 1
1679 2580 1748 2625 Im
1785 2617 1794 2625 .
1836 2581 2094 2626 Antoninus
2130 2583 2182 2626 A.
2223 2583 2509 2641 Antipatrae.
2582 2583 2783 2632 Praediis
2822 2586 2892 2631 in-

1543 2638 1726 2683 structis
1774 2637 1926 2694 egatis‚
1958 2637 2156 2693 quamvis
2182 2651 2237 2682 ex
2258 2638 2477 2684 fructibus
2504 2640 2647 2685 oleum
2675 2645 2721 2685 et
2742 2642 2892 2688 vinum

1542 2694 1589 2737 in
1632 2694 1787 2738 eodem
1823 2694 1961 2738 fundo
2002 2693 2231 2747 habuerit,
2271 2699 2420 2739 tamen
2460 2696 2497 2740 si
2533 2696 2580 2740 id
2607 2697 2763 2742 venale
2791 2697 2892 2753 fuit,

1544 2819 1649 2849 num
1672 2806 1840 2849 tutelae
1868 2818 2004 2849 causa
2029 2806 2073 2848 in
2097 2818 2206 2861 prae
2256 2820 2329 2849 um
2353 2809 2574 2852 translata
2599 2814 2718 2863 sunt,
2743 2809 2889 2867 legato

124 2861 180 2899 2a
221 2856 266 2898 in
289 2857 432 2912 legato
459 2857 545 2900 hoc
569 2858 781 2902 consistat
803 2859 893 2903 sive
913 2860 959 2903 in
974 2861 1250 2905 hereditate?
1293 2863 1459 2906 Huius·
1500 2847 1503 2911 Ι
1547 2868 1565 2905 1
1628 2875 1718 2905 11011
1748 2861 1906 2905 cedere
1934 2860 2043 2904 iuris
2067 2862 2325 2906 auctoribus
2350 2863 2533 2918 placuit.
2578 2863 2744 2909 Vinum
2771 2879 2890 2922 vero,

122 2912 238 2955 modi
276 2912 406 2967 igitur
446 2913 694 2957 decidentes
727 2915 951 2970 antiquam
984 2917 1327 2961 controversiam
1357 2931 1460 2963 san-

125 2967 283 3018 cimus,
327 2968 586 3022 cuicumque
622 2969 758 3013 fuerit
794 2972 864 3014 vel
905 2971 1129 3017 hereditas
1168 2973 1236 3016 vel
1273 2986 1378 3029 ager
1415 2975 1461 3017 in

121 3023 370 3067 memoratis
425 3025 600 3070 casibus
654 3026 745 3069 sive
791 3027 1060 3071 coniunctim
1105 3029 1196 3074 sive
1241 3030 1325 3073 soli
1370 3030 1460 3074 sive

121 3078 297 3134 saepius
337 3078 475 3123 eidem
514 3080 715 3134 relictus,
755 3095 897 3137 aequa
936 3084 1062 3129 lance
1099 3090 1143 3128 et
1172 3085 1459 3130 hereditatem

121 3137 166 3198 et
203 3147 356 3188 agrum
397 3140 440 3179 et
475 3136 606 3179 aliam
646 3150 967 3193 quamcumque
1010 3153 1103 3183 rem
1143 3141 1278 3185 dividi
1321 3145 1367 3185 et
1402 3142 1460 3185 ad

123 3190 341 3233 dimidiam
370 3193 540 3246 partem
575 3206 930 3249 unumquemque
959 3197 1128 3248 vocari,
1170 3197 1254 3240 nisi
1286 3199 1457 3253 specia-

122 3245 223 3288 liter
266 3247 531 3302 expresserit
574 3251 618 3291 et
661 3248 821 3292 dixerit
866 3255 1056 3296 testator
1094 3257 1242 3296 tantas
1282 3253 1459 3309 quidem

1545 2917 1662 2973 quod
1691 2917 1737 2960 in
1767 2917 1995 2973 apothecis
2026 2917 2133 2969 fuit,
2176 2917 2215 2961 si
2243 2917 2341 2961 ideo
2371 2918 2464 2962 illic
2493 2919 2662 2974 habuit,
2694 2925 2758 2977 ut,
2789 2935 2890 2966 cum

1542 2975 1589 3016 in
1631 2973 1860 3029 praedium
1905 2973 2097 3017 venisset
2141 2978 2282 3017 mater
2320 2974 2512 3019 familias
2581 2988 2634 3020 eo
2674 2981 2889 3032 uteretur,

1542 3030 1688 3085 legato
1720 3030 1877 3073 cedere
1905 3029 2110 3084 ignorare
2138 3043 2229 3073 non
2259 3029 2408 3074 debes.
2468 3010 2561 3074 Pi).
2602 3043 2654 3075 VJ
2680 3032 2740 3077 id.
2770 3034 2887 3093 Any.

1542 3085 1773 3130 Antonino
1803 3086 1855 3129 A.
1887 3097 1979 3128 IIII
2005 3090 2050 3129 et
2077 3085 2276 3130 Balbino
2309 3100 2451 3130 conss.
2700 3092 2758 3142 [a.
2789 3093 2888 3144 213]

1600 3140 1631 3186 2
1664 3140 1809 3200 Impp.
1841 3141 2153 3185 Diocletianus
2190 3147 2234 3185 et
2261 3141 2578 3187 Maximianus
2603 3144 2696 3188 ΛΑ.
2733 3149 2780 3190 et
2808 3143 2888 3191 00.

1542 3197 1722 3254 Rufino.
1797 3197 1956 3240 Fundo
2002 3197 2145 3241 ‘sicut
2185 3197 2431 3242 instructus
2476 3199 2566 3242 est’
2608 3199 2753 3256 legato
2797 3202 2890 3247 sive

1542 3266 1622 3308 per
1665 3253 2050 3297 fideicommissum
2091 3253 2245 3297 relicto
2292 3253 2467 3297 vilicum
2514 3255 2803 3313 hominesque
2846 3263 2891 3302 et

122 3304 269 3354 partes
314 3302 422 3345 velle
465 3317 622 3356 unum,
667 3309 817 3348 tantas
863 3311 1011 3350 autem
1051 3308 1239 3352 alterum
1278 3310 1455 3353 habere.
1498 3318 1501 3362 1
1543 3309 1711 3362 omnia,
1758 3321 1870 3364 quae
1909 3309 1997 3362 vel,
2038 3314 2089 3352 ut
2125 3309 2222 3364 ipse
2258 3314 2387 3365 pater
2424 3309 2638 3366 familias,
2683 3324 2785 3356 cum
2826 3313 2890 3358 ibi

123 3355 169 3418 in
198 3357 398 3400 omnibus
428 3359 584 3401 etenim
620 3362 844 3404 testatoris
874 3363 1166 3419 voluntatem,
1207 3378 1320 3420 quae
1350 3366 1456 3421 legi-

122 3416 227 3453 tima
259 3415 337 3463 ost,
375 3412 588 3458 dominari
618 3428 858 3461 censemus.
919 3417 974 3462 D.
1006 3432 1079 3463 XV
1111 3420 1154 3463 lc.
1187 3420 1291 3465 Deo.
1324 3420 1457 3465 Lam-

119 3465 260 3523 padio
292 3474 335 3510 αἱ
367 3468 518 3512 Oreste
549 3484 609 3514 vv.
642 3484 702 3514 oc.
734 3486 875 3516 conss.

142 3520 245 3587 ..24
290 3521 431 3586 ‘'Idepz
476 3525 527 3567 A.
568 3523 762 3569 Iohanni
803 3544 879 3586 pp.
953 3529 1062 3573 Cum
1107 3531 1283 3586 quidam
1328 3546 1456 3577 suum

124 3577 270 3642 filium·
299 3577 487 3622 famllias
531 3579 799 3636 impuberem
852 3585 1166 3630 exheredatum
1210 3587 1315 3631 fecit
1358 3590 1456 3634 aliis

122 3633 357 3698 heredibus
387 3634 585 3690 scriptis,
626 3636 763 3680 eidem
801 3645 948 3683 autem
987 3642 1154 3697 pupillo
1187 3644 1319 3687 alium
1350 3648 1455 3692 sub-

122 3693 323 3754 stitutum
365 3690 562 3745 reliquit,
614 3694 845 3737 maximam
898 3697 1068 3740 scilicet
1118 3699 1356 3745 ostendens
1398 3701 1457 3745 ad

121 3743 259 3787 fihum
298 3757 426 3788 suum
465 3746 779 3802 adfectionem,
825 3751 893 3794 cui
933 3752 1038 3795 nihil
1076 3754 1251 3809 quidem
1290 3757 1455 3800 emolu-

120 3799 255 3842 menti
306 3800 505 3856 reliquit,
561 3802 638 3846 sed
684 3809 788 3859 post
840 3807 1191 3854 exheredationis
1248 3811 1455 3855 iniuriam

1269 3481 1324 3530 [a.
1358 3482 1455 3530 530]
1497 3476 1500 3484 ’

1543 3371 1711 3420 ageret,
1756 3365 1826 3409 vel
1863 3364 2028 3410 fundus
2072 3371 2190 3409 esset
2231 3365 2499 3419 instructus,
2543 3380 2634 3411 non
2675 3369 2887 3426 temporis

1542 3434 1678 3464 causa
1706 3421 1864 3464 habuit
1892 3422 1937 3464 in
1969 3434 2034 3475 eo,
2066 3421 2223 3465 relicta
2252 3434 2350 3465 esse
2378 3421 2488 3466 iuris
2517 3424 2787 3469 auctoritate
2811 3424 2886 3470 de·

1542 3478 1713 3520 finitum
1743 3482 1830 3522 est:
1872 3489 1925 3519 ea
1955 3478 2109 3531 etiam,
2181 3489 2265 3520 uae
2298 3482 2391 3520 tam
2419 3477 2647 3522 fructuum
2677 3479 2887 3536 colligen-

1545 3538 1560 3575 1
1625 3533 1781 3577 dorum
1821 3544 1951 3588 quam
1989 3546 2145 3576 servan
2179 3546 2317 3576 orum.
2378 3534 2487 3577 Item
2523 3547 2688 3590 pecora
2717 3541 2885 3581 sterco-

1540 3589 1669 3632 randi
1698 3590 1767 3633 vel
1794 3589 2009 3644 pascendi
2041 3602 2178 3632 causa
2215 3588 2280 3631 ibi
2317 3589 2581 3643 constituta,
2623 3594 2676 3635 ut
2711 3590 2886 3637 fructus

1539 3645 1593 3688 de
1623 3644 1692 3688 his
1723 3644 1957 3700 capiantur
1985 3645 2052 3688 vel
2081 3650 2132 3688 ut
2161 3644 2326 3688 fundus
2355 3645 2415 3688 sit
2443 3645 2725 3700 instructior,
2761 3646 2886 3692 fidei—

1540 3701 1774 3745 commisso
1806 3700 1962 3744 cedere
1994 3699 2103 3743 certi
2131 3699 2239 3743 iuris
2269 3702 2346 3744 est.
2407 3699 2463 3745 D.
2494 3714 2598 3745 non.
2627 3700 2721 3747 Oct.
2747 3701 2886 3748 Sirmi

1539 3758 1630 3800 AA.
1664 3769 1807 3800 conss.
2697 3762 2754 3811 [a.
2786 3761 2884 3812 293]

1597 3809 1627 3859 3
1673 3811 1787 3875 Iinp.
1831 3810 2115 3855 lastinianus
2157 3812 2209 3855 A.
2257 3811 2439 3856 Iuliano
2488 3826 2567 3871 pp.
2650 3814 2883 3859 Sancimus

121 3854 253 3898 etiam
281 3856 638 3902 substitutionem
671 3859 710 3902 ei
739 3860 906 3903 addidit
934 3868 978 3906 et
1007 3877 1034 3906 a
1064 3865 1305 3910 substituto
1334 3867 1454 3923 lega·
1495 3846 1499 3931 J
1542 3867 1758 3912 cautionis
1789 3866 1965 3910 nomine
1994 3866 2063 3910 vel
2089 3862 2332 3923 ἀσφαλείας
2365 3877 2455 3911 11011
2485 3880 2584 3912 esse
2612 3867 2882 3915 fideiussoris

119 3915 213 3953 tum
242 3912 430 3966 reliquit,
462 3915 782 3969 quaerebatur,
822 3917 861 3960 si
888 3918 1137 3963 huiusmodi
1164 3921 1359 3976 legatum
1387 3924 1455 3967 vel

1540 3923 1758 3967 dationem
1790 3921 2194 3977 interpretandam,
2231 3922 2319 3966 nisi
2347 3922 2434 3967 hoc
2463 3924 2714 3979 specialiter
2741 3924 2810 3969 vel
2836 3924 2882 3968 in

123 3970 140 4007 1
202 3966 585 4011 fideicommissum
613 3973 764 4025 potest
790 3973 947 4016 valere.
1007 3975 1093 4019 Sed
1123 3981 1168 4020 et
1196 3978 1235 4021 si
1262 3978 1454 4034 legatum
1541 3978 1726 4022 Graecis
1765 3978 1832 4021 vel
1871 3978 1917 4020 in
1952 3977 2125 4021 Latinis
2163 3978 2309 4023 verbis
2347 3978 2562 4034 scriptum
2600 3978 2757 4024 fuerit:
2796 3979 2882 4024 nisi

119 4021 257 4085 eidem
287 4023 551 4067 exheredato
581 4024 671 4069 filio
701 4029 828 4081 pater
856 4029 1080 4084 reliquerit
1110 4038 1153 4075 et
1176 4034 1456 4078 substituerit

119 4090 157 4119 ei
187 4078 453 4122 exheredato
484 4079 605 4124 facto
636 4081 827 4137 aliquem
858 4088 1133 4139 extraneum,
1169 4088 1329 4132 iterum
1359 4102 1453 4134 cer-

117 4133 317 4186 tabatur,
357 4134 395 4177 si
433 4136 588 4178 saltem
620 4149 699 4192 per
729 4137 913 4181 eundem
942 4141 1118 4185 modum
1147 4143 1453 4190 fideicommis-

118 4192 142 4230 2
202 4202 297 4231 sum
340 4194 487 4244 potest
535 4191 796 4248 relinquere.
872 4194 981 4238 Cum
1028 4198 1163 4252 igitur
1212 4200 1454 4256 antiquitas

119 4243 291 4298 quidem
330 4245 440 4288 haec
480 4245 647 4291 diverse
686 4253 880 4292 tractare
918 4251 1096 4307 maluit,
1139 4255 1267 4299 nobis
1307 4262 1455 4300 autem

117 4299 365 4343 huiusmodi
400 4300 542 4356 iurgia
578 4315 854 4359 supervacua
898 4318 995 4349 esse
1037 4308 1264 4364 videntur,
1308 4311 1453 4357 sanci-

117 4367 213 4397 mus
271 4355 391 4399 nullo
442 4357 587 4411 legato
641 4358 763 4403 nullo
814 4359 1149 4409 fideicommisso
1201 4366 1455 4412 huiusmodi

1539 4035 1654 4078 enim
1677 4033 1747 4077 vel
1768 4033 2032 4088 generaliter
2056 4033 2111 4077 de
2134 4034 2423 4078 satisdatione
2437 4034 2507 4078 vel
2531 4035 2585 4079 de
2600 4033 2882 4079 fideiussione
2956 4050 2959 4053 ·

1539 4088 1793 4144 specialiter
1831 4090 1889 4132 sit
1927 4089 2223 4142 nominatum,
2266 4089 2472 4134 cautione
2502 4091 2571 4134 vel
2610 4090 2784 4134 cautela
2813 4091 2881 4134 vel

1538 4142 1760 4201 ἀσφαλείᾳ
1787 4145 1963 4189 minime
1992 4144 2338 4198 fideiussionem,
2378 4145 2456 4189 sed
2494 4145 2658 4189 nudam
2693 4145 2879 4201 promis·

1539 4200 1707 4245 sionem
1734 4200 1988 4255 significari.
2031 4201 2112 4245 D.⁹
2138 4200 2181 4245 lc.
2199 4199 2337 4245 Mart.
2360 4199 2753 4258 Constantinopoli
2766 4207 2880 4259 post

1538 4256 1820 4301 consulatum
1849 4256 1961 4300 Lam
1995 4256 2091 4301 adii
2118 4261 2165 4302 et
2196 4257 2365 4301 Orestis
2395 4270 2458 4300 vv.
2489 4268 2552 4300 cc.
2689 4259 2747 4308 [a.
2779 4260 2878 4309 531]

1594 4310 1627 4356 4
1656 4310 1781 4355 Idem
1810 4313 1862 4355 Α.
1896 4311 1951 4356 Io
1985 4312 2095 4356 anni
2115 4327 2198 4370 pp.
2259 4311 2370 4355 Oum
2408 4310 2586 4366 quidam
2621 4309 2686 4355 sic
2714 4311 2782 4355 vel
2810 4311 2876 4355 in-

1536 4366 1813 4411 stitutionem
1837 4367 1907 4411 vel
1935 4367 2128 4422 legatum
2151 4367 2218 4411 vel
2246 4365 2628 4410 fideicommissum
2649 4366 2718 4410 vel
2745 4366 2876 4411 liber·

118 4410 404 4454 substitutum
442 4413 518 4468 qui
557 4413 824 4459 exheredato
864 4417 1034 4472 pupillo
1067 4418 1197 4463 datus
1227 4427 1293 4466 est
1322 4436 1452 4478 prae·
1535 4426 1672 4466 tatem
1716 4422 1784 4465 vel
1826 4424 2011 4466 tutelam
2055 4422 2329 4479 scripsisset:
2380 4421 2480 4464 ‘ille
2521 4421 2591 4465 vel
2631 4420 2706 4466 ille
2749 4423 2878 4467 heres

122 4558 172 4606 (1)
201 4560 241 4595 et
275 4559 317 4609 C,
348 4562 388 4597 et
417 4572 556 4599 eorum
588 4562 627 4601 R
739 4563 795 4614 (2)
822 4564 882 4605 sic
916 4563 960 4614 0,
991 4568 1148 4608 veteres
1176 4570 1218 4609 R

123 4611 197 4649 del.
230 4612 444 4654 Mommsen
556 4619 610 4667 (4)
640 4619 698 4658 sic
727 4619 780 4669 R,
816 4617 1044 4659 dominium
1074 4635 1105 4662 r.
1138 4622 1163 4662 l.
1198 4624 1262 4664 vel
1292 4626 1453 4666 heredi—

123 4666 225 4702 tates
246 4667 280 4706 0
361 4671 415 4718 (5)
440 4682 491 4707 an
516 4672 557 4719 (J,
583 4684 628 4709 ac
645 4673 686 4711 R
771 4675 826 4725 (6)
854 4676 970 4728 iunye
996 4678 1034 4726 6,
1052 4685 1109 4729 42,
1125 4688 1164 4720 31
1252 4683 1306 4731 (7)
1328 4684 1387 4721 sic
1409 4683 1451 4731 C,

1329 4572 1385 4622 (s)
1415 4573 1457 4612 et
1539 4582 1589 4610 ex
1620 4568 1690 4608 ins.
1717 4567 1796 4608 PR
1908 4570 1966 4620 (s)
1998 4570 2043 4610 Β
2072 4571 2140 4620 44,
2165 4577 2201 4620 s,
2226 4576 2272 4610 oo
2297 4582 2405 4620 seqq.
2435 4588 2492 4598 —
2527 4566 2589 4621 Cf
2615 4567 2718 4623 Περ.
2743 4570 2811 4619 50,
2840 4577 2876 4609 ιε

1538 4627 1596 4677 (9)
1627 4636 1657 4663 x
1686 4626 1776 4671 ins..
1810 4626 1862 4677 cs.
1895 4624 2134 4677 Zeitsclcrift
2152 4625 2232 4677 fill·
2261 4623 2544 4677 Κεῖαι-1113988011.
2578 4631 2611 4665 11
2640 4639 2682 4677 ρ.
2715 4632 2779 4665 178
