3106 4724
1424 114 1599 168 XXIV

347 279 452 324 XVI
481 279 541 323 Ut
565 278 734 345 nemini
762 278 897 342 liceat
920 278 1014 322 sine
1035 279 1193 324 iudicis
1219 278 1483 344 auctoritate

325 390 451 433 xvn
480 335 1483 447 Nefflffiffi”3355331‘333‘13330315333323

538 445 671 488 alicui
697 445 931 500 patrocinii
957 459 1093 491 causa
1111 447 1158 490 in
1184 447 1261 490 lite
1289 447 1483 502 praestet

303 501 454 544 XVIII
483 501 550 544 De
578 501 766 556 negotiis
793 502 926 556 gestis

285 555 454 600 XVIIII
482 556 551 600 De
574 556 645 601 his
669 570 784 613 quae
797 558 839 601 vi
863 560 1060 603 metusve
1076 572 1211 602 causa
1232 563 1357 614 gesta
1378 559 1482 600 sunt

368 611 455 654 XX
483 611 553 655 De
582 611 684 657 dolo
713 613 828 658 malo
919 626 922 630 ’

344 666 453 710 XXI
482 667 550 711 De
566 724 578 734 ο
591 669 639 734 in
676 669 898 735 integrum
949 671 1224 715 restitutione
1266 670 1480 713 minorum

537 737 580 768 Vl
625 730 689 768 nti
717 738 910 781 qumque
939 726 1066 770 annis

324 779 453 823 XXII
481 780 550 824 De
611 781 668 825 lio
698 781 887 824 familias
916 783 1085 826 minore

302 835 454 878 XXIII
483 836 552 880 De
578 835 911 882 fideiussoribus
941 838 1158 882 minorum

274 891 452 935 XXIIII
481 892 530 936 Si
557 895 680 937 tutor
708 893 777 937 vel
807 898 987 937 curator
1014 894 1298 938 intervenerit

325 947 452 993 XXV
481 947 529 992 Si
556 949 603 992 in
633 949 852 993 communi
872 949 1110 1005 eademque
1132 962 1269 994 causa
1297 949 1342 992 in
1371 948 1480 990 inte-

538 1007 662 1060 grum
690 1005 912 1049 restitutio
943 1006 1193 1061 postuletur

303 1059 454 1104 XXVI
483 1060 530 1104 Si
559 1060 769 1105 adversus
798 1074 891 1105 rem
919 1061 1159 1105 iudicatam

284 1116 456 1161 XXVII
485 1116 532 1160 Si
561 1116 771 1161 adversus
801 1117 1094 1161 venditionem

261 1172 456 1215 XXVIII
483 1172 531 1216 Si
560 1172 769 1217 adversus
797 1173 1089 1217 venditionem
1122 1172 1315 1228 pignoris

241 1228 456 1271 XXVIIII
487 1229 532 1271 Si
561 1228 771 1273 adversus
801 1228 1080 1272 donationem

328 1284 458 1327 XXX
487 1284 534 1327 Si
563 1285 773 1329 adversus
802 1284 1051 1328 libertatem

303 1339 456 1384 XXXI
486 1340 534 1384 Si
562 1340 770 1384 adversus
784 1340 1131 1384 transactionem
1147 1340 1216 1383 vel
1231 1339 1485 1383 divisionem

538 1396 683 1439 minor
710 1396 885 1440 restitui
913 1395 1019 1439 velit

286 1452 458 1496 XXXII
486 1452 534 1496 Si
567 1452 778 1550 advefsus
817 1451 1082 1496 solutionem
1121 1463 1148 1495 a
1186 1450 1385 1495 debitore
1417 1449 1484 1494 vel

540 1521 568 1552 a
597 1521 644 1552 se
692 1513 838 1552 actam

261 1563 458 1607 XXXIII
486 1563 533 1608 Si
561 1564 770 1608 adversus
801 1564 947 1608 dotem

241 1619 459 1664 XXXIIII
489 1620 537 1663 Si
565 1620 774 1664 adversus
805 1620 1014 1663 delictum
1043 1632 1172 1663 suum

288 1675 458 1719 XXXV
490 1676 537 1719 Si
564 1675 778 1720 adversus
808 1675 1124 1730 usucapionem

263 1731 455 1775 XXXVI
485 1731 533 1775 Si
561 1732 773 1776 adversus
801 1731 957 1775 fiscum

241 1787 458 1831 XXXVII
487 1788 534 1831 Si
562 1787 772 1831 adversus
803 1787 1062 1831 creditorem

223 1843 459 1887 XXXVIII
489 1843 535 1887 Si
562 1847 614 1887 ut
643 1856 690 1887 se
719 1843 964 1887 hereditate
994 1843 1216 1886 abstineat

203 1898 460 1943 XXXVIIII
488 1899 536 1943 Si
564 1904 614 1942 ut
643 1900 849 1943 omissam
872 1899 1160 1942 hereditatem
1179 1897 1247 1941 vel
1270 1897 1486 1940 bonorum

544 1955 869 2011 possessionem
896 1955 964 1998 vel
993 1954 1098 2010 quid
1134 1952 1254 1996 aliud
1284 1952 1488 2007 adquirat

289 2010 462 2055 XXXX
490 2011 543 2054 In
572 2011 731 2066 quibus
763 2010 907 2055 causis
936 2011 984 2054 in
1018 2011 1234 2065 integrum
1265 2008 1485 2052 restitutio

545 2067 795 2111 necessaria
822 2080 912 2110 non
943 2071 1009 2110 est

268 2122 459 2166 XXXXI
490 2122 574 2178 Qui
610 2128 655 2166 et
691 2122 899 2167 adversus
937 2135 1047 2178 quos
1084 2121 1132 2165 in
1169 2121 1388 2175 integrum
1418 2131 1486 2162 re-

545 2178 668 2223 stitui
697 2191 784 2222 non
812 2182 1005 2234 possunt

250 2234 463 2278 XXXXII
493 2234 539 2278 Si
566 2235 710 2334 minfor
739 2247 787 2278 se
813 2234 1022 2278 maiorem
1053 2233 1211 2277 dixerit
1233 2232 1301 2276 vel
1329 2231 1489 2287 proba-

547 2293 621 2335 tus
673 2290 787 2334 uerit

226 2345 462 2388 XXXXIII
492 2346 745 2445 Silsaepius
774 2345 821 2388 in
843 2345 1058 2400 integrum
1084 2343 1302 2388 restitutio
1334 2347 1487 2398 postu—

565 2407 661 2446 etur

206 2457 464 2499 XXXXIIII
492 2458 559 2501 ΒΘ
584 2458 652 2500 his
678 2456 754 2512 qui
766 2456 937 2500 veniam
962 2455 1121 2499 aetatis
1143 2455 1491 2509 impetraverunt

252 2512 463 2555 XXXXV
494 2514 540 2556 Si
567 2513 708 2556 maior
736 2512 885 2555 factus
914 2514 1060 2555 ratum
1089 2510 1295 2554 habuerit

227 2567 461 2613 XXXXVI
490 2568 577 2613 Ubi
606 2574 649 2612 et
678 2568 794 2667 apud
824 2580 951 2623 quem
982 2567 1171 2622 cognitio
1197 2564 1490 2609 restitutionis

546 2638 573 2668 a
602 2625 694 2668 itan
727 2637 754 2667 a
783 2623 840 2668 sit

205 2680 460 2725 XXXXVII
490 2681 557 2724 De
573 2639 952 2735 t(I‘eputationibua
984 2691 1097 2733 quae
1125 2678 1240 2722 fiunt
1260 2678 1307 2721 in
1328 2677 1490 2720 iudicio

547 2737 594 2779 in
621 2735 839 2791 integrum
868 2734 1157 2778 restitutionis

185 2791 461 2836 XXXXVIII
490 2792 640 2835 Etiam
668 2804 748 2846 per
778 2794 1111 2846 procuratorem
1141 2803 1321 2834 causam
1347 2790 1395 2832 in
1423 2790 1489 2831 in-

548 2850 717 2901 tegrum
746 2845 1038 2890 restitutionis
1066 2845 1136 2900 agi
1164 2859 1297 2902 posse

166 2902 460 2948 XXXXVIIII
494 2903 546 2946 In
593 2901 1127 3004 ingegrumfirestitutione
1174 2901 1399 2958 postulata
1436 2913 1492 2944 ne

580 2959 625 3003 ui
682 2958 785 3003 novi
844 2963 891 3001 at

427 3015 465 3058 L
496 2973 578 3059 Del
601 3014 883 3080 restitutione
919 3013 1103 3057 militum
1142 3018 1187 3057 et
1224 3026 1378 3057 eorum
1417 3012 1494 3068 qui

406 3126 467 3170 m
494 3070 1018 3190 ngessxssssi'ssffsszfiffi
1041 3069 1296 3169 ἵῖζίθέἓὲἇω
1326 3125 1401 3181 qui
1429 3124 1493 3169 rei

549 3182 752 3238 publicae
783 3194 918 3226 causa
947 3182 1110 3225 absunt

384 3238 466 3282 LII
494 3239 563 3282 De
591 3238 861 3294 temporibus
882 3237 929 3280 in
958 3238 1176 3292 integrum
1199 3237 1492 3281 restitutionis

550 3299 638 3338 tam
658 3294 875 3338 minorum
893 3294 1165 3349 aliarumque
1189 3306 1492 3349 personarum,

552 3363 663 3405 quae
688 3349 863 3394 restitui
891 3354 1092 3406 possunt,
1124 3362 1253 3404 quam
1281 3349 1493 3393 heredum

548 3418 700 3450 eorum

362 3457 466 3506 LIII
495 3461 663 3517 Quibus
700 3474 753 3505 ex
793 3461 938 3506 causis
977 3461 1165 3506 maiores
1199 3461 1245 3506 in
1273 3462 1493 3518 integrum

549 3518 843 3561 restituuntur

344 3573 470 3616 LIIlI
500 3574 567 3617 De
578 3574 839 3618 alienatione
847 3572 997 3618 iudicii
1011 3574 1209 3617 mutandi
1226 3587 1362 3619 causa
1373 3574 1494 3618 facta

388 3629 468 3673 LV
496 3628 565 3673 De
594 3630 783 3685 receptis

365 3685 467 3727 LVI
495 3684 564 3729 ΒΘ
592 3685 846 3730 satisdando

341 3740 465 3784 LVII
496 3741 562 3785 De
597 3740 795 3840 iglrmulis
834 3746 880 3785 et
918 3741 1228 3798 impetratione
1269 3743 1492 3786 actionum

554 3811 606 3841 su
654 3798 736 3841 atis

320 3851 465 3896 LVIII
494 3852 561 3897 ΒΘ
577 3853 859 3898 iureiurando
874 3859 1057 3911 propter
1071 3854 1333 3899 calumniam
1351 3854 1493 3899 dando

609 3967 781 4008 LIBER
810 3967 1045 4009 TERTIUS

453 4047 475 4091 1
502 4049 571 4093 De
598 4048 773 4093 iudiciis

430 4103 474 4147 11
501 4105 568 4148 De
606 4105 815 4160 sportulis
861 4109 906 4150 et
941 4107 1187 4163 sumptibus
1225 4108 1271 4150 in
1315 4107 1496 4151 diversis

554 4161 728 4261 {utciliciis
757 4161 970 4207 faciendis
999 4167 1045 4207 et
1082 4163 1136 4208 de
1164 4164 1495 4208 exsecutoribus

574 4230 588 4260 1
628 4230 699 4260 um

411 4272 476 4315 III
504 4272 572 4317 De
599 4273 807 4329 pedaneis
834 4275 1053 4319 iudicibus

392 4327 479 4371 IIII
509 4328 592 4384 Qui
621 4343 703 4384 pro
733 4343 815 4374 sua
852 4331 1154 4376 iurisdictione
1183 4332 1350 4376 iudices
1390 4332 1496 4376 dare

558 4384 707 4429 darive
734 4393 920 4451 possunt

434 4440 474 4484 V
502 4441 569 4485 Ne
608 4441 702 4496 quis
741 4454 788 4483 in
826 4455 908 4486 sua
948 4455 1084 4486 causa
1116 4443 1278 4487 iudicet
1307 4444 1374 4488 vel
1413 4443 1498 4488 sibi

558 4497 629 4540 ius
659 4496 780 4540 dicat

418 4550 477 4593 VI
507 4553 589 4607 Qui
619 4552 853 4607 legitimam
882 4566 1117 4608 personam
1142 4554 1188 4596 in
1215 4553 1388 4598 iudiciis
1419 4554 1497 4597 ha-

559 4609 665 4652 bent
693 4609 761 4653 vel
790 4623 879 4653 non

1786 277 1873 321 VII
1901 276 1961 321 Ut
1988 290 2114 322 nemo
2143 278 2305 322 invitus
2331 289 2461 332 agere
2484 277 2551 320 vel
2579 289 2792 321 accusare
2823 291 2893 322 co·

1770 388 1876 431 VIII
1903 337 2154 453 Dgatssrldine
2182 389 2447 454 iudiciorum

1746 443 1877 489 VIIII
1905 442 1974 487 De
2003 444 2091 488 htis
2122 448 2445 488 contestatione

1829 498 1873 541 X
1899 498 1969 542 ΒΘ
1997 500 2098 556 plus
2127 501 2414 556 petitionibus

1813 554 1878 597 XI
1905 554 1974 598 De
2003 555 2286 603 dilationibus

1787 610 1875 653 XII
1903 609 1972 654 De
2000 610 2123 656 feriis

1762 666 1871 710 XIII
1898 665 1967 710 De
1993 667 2297 711 iurisdictione
2327 667 2520 711 omnium
2547 666 2743 710 iudicum
2771 669 2817 710 et
2845 666 2900 710 de

1953 721 2053 766 foro
2083 723 2347 779 competenti

1737 778 1869 822 XIIII
1899 777 2085 830 Quando
2113 779 2354 835 imperator
2372 779 2488 822 inter
2515 777 2710 834 pupillos
2739 778 2808 821 vel
2836 777 2898 822 vi-

1953 833 2063 878 duas
2092 835 2161 879 vel
2182 834 2454 878 miserabiles
2478 846 2692 890 personas
2715 847 2898 889 cognos-

1956 893 2029 934 cat
2055 893 2102 934 et
2129 903 2184 935 ne
2213 890 2504 934 exhibeantur

1787 946 1871 990 XV
1899 945 1989 990 Ubi
2017 945 2070 990 de
2099 946 2352 990 criminibus
2383 946 2454 1000 agi
2483 950 2658 1001 oportet

1767 1001 1876 1045 XVI
1903 1001 1992 1046 Ubi
2021 1002 2074 1045 de
2101 1002 2381 1057 possessione
2409 1002 2482 1057 agi
2510 1007 2685 1059 oportet

1745 1058 1874 1102 XVII
1902 1057 1991 1101 Ubi
2018 1057 2407 1101 fideicommissum
2435 1058 2530 1113 peti
2558 1062 2736 1114 oportet

1718 1114 1869 1158 XVIII
1896 1112 1986 1157 Ubi
2014 1113 2299 1158 conveniatur
2314 1113 2389 1168 qui
2409 1117 2530 1158 certo
2551 1114 2649 1158 loco
2667 1114 2773 1158 dare
2797 1126 2902 1170 pro-

1954 1169 2074 1212 misit

1701 1226 1873 1271 XVIIII
1901 1224 1991 1269 Ubi
2017 1225 2064 1268 in
2092 1238 2185 1268 rem
2214 1225 2331 1269 actio
2361 1225 2556 1269 exerceri
2585 1225 2718 1270 debet

1787 1282 1873 1326 XX
1902 1280 1990 1324 Ubi
2017 1280 2071 1324 de
2099 1281 2344 1325 hereditate
2373 1284 2531 1337 agatur
2561 1286 2605 1324 et
2632 1282 2711 1326 ubi
2750 1279 2904 1336 scripti

1956 1336 2142 1381 heredes
2170 1337 2218 1379 in
2245 1338 2571 1392 possessionem
2598 1337 2713 1380 mitti
2747 1340 2904 1393 postu-

1954 1394 2048 1437 lare
2078 1393 2240 1437 debent

1770 1450 1878 1495 XXI
1908 1449 1995 1495 Ubi
2023 1449 2095 1505 agi
2123 1452 2300 1504 oportet
2328 1448 2383 1492 de
2412 1448 2655 1492 ratiociniis
2692 1451 2785 1491 tam
2813 1447 2903 1504 pri-

1956 1505 2068 1549 vatis
2100 1517 2230 1560 quam
2259 1505 2449 1560 publicis

1744 1563 1875 1607 XXII
1902 1562 1990 1606 Ubi
2019 1574 2154 1605 causa
2183 1564 2327 1605 status
2357 1561 2428 1616 agi
2458 1560 2618 1605 debeat

1721 1619 1874 1662 XXIII
1901 1617 1991 1662 Ubi
2021 1617 2118 1672 quis
2149 1616 2203 1661 de
2233 1617 2390 1661 curiali
2418 1617 2488 1660 vel
2517 1615 2736 1661 cohortali
2764 1615 2906 1659 aliave

1960 1673 2218 1717 condicione
2248 1672 2535 1717 conveniatur

1704 1731 1877 1775 XXIIII
1905 1729 1995 1774 Ubi
2024 1732 2250 1773 senatores
2272 1728 2342 1773 vel
2372 1729 2605 1773 clarissimi
2628 1727 2815 1772 civiliter
2838 1726 2906 1771 vel

1962 1785 2246 1829 criminaliter
2276 1785 2593 1828 conveniantur

1744 1843 1871 1888 XXV
1898 1843 1951 1886 In
1990 1841 2148 1897 quibus
2189 1841 2335 1885 causis
2373 1840 2612 1885 militantes
2652 1840 2739 1884 fori
2777 1851 2905 1896 prae-

1959 1897 2198 1953 scriptione
2227 1897 2294 1940 uti
2321 1910 2410 1940 non
2439 1899 2648 1953 possunt'

1729 1954 1877 1998 XXVI
1905 1953 1992 1998 Ubi
2033 1966 2194 1997 causae
2229 1953 2404 1997 fiscales
2434 1953 2503 1996 vel
2540 1952 2714 1997 divinae
2751 1951 2908 1996 domus

1959 2009 2273 2064 hominumque
2303 2009 2396 2052 eius
2428 2014 2616 2063 agantur
2780 2038 2784 2042 -

1704 2065 1877 2109 XXVII
1906 2064 2090 2121 Quando
2114 2065 2249 2108 liceat
2271 2064 2367 2108 sine
2389 2065 2535 2108 iudice
2561 2065 2799 2119 unicuique
2813 2064 2906 2107 vin-

1962 2121 2112 2165 dicare
2141 2133 2189 2165 se
2217 2121 2287 2165 vel
2314 2121 2539 2177 publicam
2569 2121 2845 2165 devotionem

1684 2177 1877 2220 XXVIII
1905 2177 1974 2221 ΒΘ
2002 2176 2250 2221 inofficioso
2280 2181 2544 2221 testamento

1665 2233 1879 2277 XXVIIII
1906 2233 1976 2277 De
2003 2232 2266 2277 inofficiosis
2296 2233 2611 2277 donationibus

1754 2288 1883 2332 XXX
1910 2289 1980 2332 De
2007 2287 2270 2333 inofficiosis
2300 2288 2477 2333 dotibus

1726 2343 1879 2387 XXXI
1906 2344 1975 2389 De
2003 2345 2217 2400 petitione
2245 2345 2505 2389 hereditatis

1707 2400 1881 2443 XXXII
1909 2400 1979 2443 De
2006 2400 2071 2443 rei
2099 2400 2396 2445 vindicatione

1686 2456 1880 2499 XXXIII
1906 2455 1976 2499 De
2004 2469 2090 2499 usu
2118 2455 2269 2500 fructu
2301 2461 2344 2500 et
2371 2456 2647 2502 habitatione
2676 2461 2723 2500 et
2759 2455 2911 2500 minis-

1965 2511 2077 2555 terio
2108 2524 2335 2555 servorum

1665 2567 1881 2612 XXXIIII
1907 2566 1976 2611 De
2005 2568 2287 2612 servitutibus
2318 2572 2363 2612 et
2391 2568 2446 2613 de
2474 2580 2592 2625 aqua

1714 2624 1883 2668 XXXV
1911 2623 1981 2667 De
2008 2624 2105 2677 lege
2133 2623 2315 2679 Aquilia

1694 2679 1883 2722 XXXVI
1914 2679 2126 2723 Familiae
2155 2680 2444 2724 erciscundae

1669 2735 1883 2780 XXXVII
1913 2735 2143 2779 Communi
2173 2735 2409 2779 dividundo

1645 2791 1882 2835 XXXVIII
1911 2791 2171 2835 Communia
2208 2791 2439 2847 utriusque
2475 2791 2628 2835 iudicii
2665 2796 2756 2834 tam
2786 2792 2912 2835 fami-

1963 2847 2049 2946 gae
2059 2846 2366 2946 derciscundae
2395 2860 2527 2903 quam
2556 2847 2778 2892 communi
2806 2847 2913 2892 divi-

1995 2916 2055 2946 un
2089 2916 2114 2947 o

1618 2958 1879 3002 XXXVIIII
1907 2957 2087 3002 Finium
2114 2958 2412 3014 regundorum

1710 3014 1881 3058 XXXX
1909 3013 1978 3058 De
2009 3015 2290 3059 consortibus
2320 3015 2515 3059 eiusdem
2544 3016 2636 3060 litis

1687 3070 1880 3114 XXXXI
1907 3070 1976 3114 ΒΘ
2005 3071 2240 3115 noxalibus
2270 3071 2521 3116 actionibus

1670 3126 1886 3170 XXXXII
1913 3127 1985 3171 Ad
2014 3126 2308 3171 exhibendum

1646 3182 1883 3226 XXXXIII
1911 3182 1979 3227 De
2009 3183 2132 3226 aleae
2161 3183 2263 3227 lusu
2292 3187 2335 3227 et
2363 3183 2635 3227 aleatoribus

1618 3239 1879 3283 XXXXIIII
1908 3237 1978 3283 De
2008 3238 2220 3294 religiosis
2249 3242 2296 3283 et
2324 3240 2572 3297 sumptibus
2601 3239 2806 3284 funerum

2017 3353 2192 3393 LIBER
2222 3353 2475 3400 QUARTUS

1862 3435 1885 3478 I
1912 3435 1982 3479 De
2010 3435 2142 3480 rebus
2172 3434 2348 3480 creditis
2379 3440 2424 3480 et
2452 3434 2507 3480 de
2534 3433 2822 3479 iureiurando

1838 3491 1883 3534 H
1912 3491 1958 3534 Si
1989 3497 2158 3535 certum
2186 3494 2367 3548 petatur

1819 3547 1884 3590 111
1911 3547 1981 3591 ΒΘ
2010 3547 2218 3602 suffragio

1797 3603 1887 3646 IIII
1914 3603 1982 3647 De
2011 3603 2234 3659 prohibita
2262 3603 2614 3659 sequestratione
2643 3601 2858 3659 pecuniae

1841 3659 1882 3702 V
1911 3659 1980 3702 De
2009 3659 2286 3704 condictione
2314 3659 2503 3704 indebiti

1824 3716 1887 3759 VI
1914 3715 1984 3759 ΒΘ
2012 3715 2288 3760 condictione
2319 3716 2375 3760 ob
2408 3728 2587 3760 causam
2617 3713 2820 3759 datorum

1802 3771 1887 3814 VH
1914 3771 1984 3815 ΒΘ
2013 3771 2292 3816 condictione
2321 3772 2377 3816 ob
2407 3777 2580 3828 turpem
2610 3781 2788 3814 causam

1782 3827 1889 3870 VIII
1918 3827 1987 3871 ΒΘ
2017 3827 2295 3872 condictione
2323 3827 2488 3871 furtiva

1759 3882 1887 3928 VIIII
1914 3883 1983 3927 De
2009 3883 2287 3928 condictione
2309 3895 2364 3927 ex
2392 3883 2486 3940 lege
2509 3887 2554 3927 et
2574 3883 2670 3929 sine
2694 3893 2832 3927 causa
2847 3880 2913 3926 vel

1967 3939 2135 3983 iniusta
2162 3952 2299 3984 causa

1843 3994 1886 4038 X
1913 3995 1983 4040 De
2012 3995 2353 4051 obligationibus
2381 4001 2427 4038 et
2456 3994 2706 4038 actionibus

1817 4050 1882 4094 XI
1910 4050 1971 4095 Ut
1998 4051 2196 4096 actiones
2218 4063 2262 4096 et
2285 4052 2343 4096 ab
2364 4050 2527 4095 herede
2549 4055 2593 4094 et
2611 4052 2767 4095 contra
2786 4048 2911 4093 bere·

1972 4107 2070 4151 dem
2100 4107 2317 4163 incipiant

1798 4162 1886 4206 XII
1914 4162 1982 4208 Ne
1997 4176 2109 4207 uxor
2123 4177 2204 4219 pro
2220 4163 2377 4207 marito
2391 4163 2460 4207 vel
2478 4162 2661 4206 maritus
2681 4174 2762 4217 pro
2778 4171 2914 4205 uxore

1969 4219 2038 4263 vel
2065 4224 2206 4263 mater
2233 4232 2315 4276 pro
2344 4217 2435 4263 filio
2467 4217 2758 4262 conveniatur

1776 4274 1883 4318 XIII
1910 4274 1952 4320 N
1954 4287 1979 4319 e
2008 4274 2125 4319 filius
2163 4289 2245 4331 pro
2285 4277 2410 4331 patre
2438 4274 2505 4316 vel
2544 4276 2671 4329 pater
2706 4284 2787 4328 pro
2820 4270 2911 4316 filio

1970 4331 2247 4429 emancipaito
2276 4330 2344 4375 vel
2379 4329 2564 4374 libertus
2602 4341 2684 4385 pro
2723 4333 2912 4385 patrono

1972 4399 2182 4431 convenia
2205 4399 2259 4430 ur

1767 4442 1897 4487 XIIII
1925 4443 1997 4485 An
2028 4455 2180 4487 servus
2210 4455 2264 4487 ex
2293 4455 2373 4487 suo
2402 4441 2523 4487 facto
2544 4445 2647 4498 post
2674 4438 2911 4485 manumis-

1980 4497 2148 4542 sionem
2175 4500 2378 4542 teneatur

1803 4553 1887 4599 XV
1917 4553 2099 4608 Quando
2129 4553 2264 4598 fiscus
2284 4554 2352 4597 vel
2380 4554 2578 4609 privatus
2608 4551 2817 4598 debitoris
2841 4550 2912 4596 sui

1973 4608 2196 4654 debitores
2226 4610 2400 4665 exigere
2427 4615 2575 4667 potest
