3054 4796
118 207 207 257 VII
246 202 323 253 37.
362 201 425 251 38

115 356 129 394 ί
193 352 306 392 cant.
364 345 435 389 Ad
474 346 583 387 haec
613 342 825 386 fiscalium
862 353 1007 385 rerum
1038 332 1305 398 emptoribus
1336 345 1436 376 cum

110 405 274 449 ratione
304 400 497 444 iustitiae
527 398 804 441 consulentes
833 396 1054 444 iubemus,
1086 392 1286 455 quotiens
1316 400 1434 432 com-

109 462 259 516 petens
291 455 494 499 scrinium
534 452 668 507 gestis
698 450 1087 495 intervenientibus
1123 445 1436 508 distractarum

108 527 249 557 rerum
278 511 420 568 pretia
449 521 544 551 sese
569 507 823 562 deposuerit
846 505 1105 566 suscepisse,
1135 511 1309 542 mlmme
1333 501 1437 554 post

108 567 351 612 huiusmodi
399 565 569 609 solutae
607 562 820 617 pecuniae
862 559 1176 615 depositionem
1216 558 1435 619 emptores

108 624 230 680 quasi
269 636 355 666 non
392 617 629 663 numeratis
669 616 866 672 pecuniis
894 612 1118 658 molestari
1147 611 1213 654 vel
1242 623 1434 655 necessi-

106 683 239 724 tatem
270 678 403 722 isdem
432 672 700 729 emptoribus
725 670 901 726 imponi,
932 670 1036 712 licet
1065 681 1155 711 non
1182 667 1436 731 sollemnem

108 734 331 780 consecuti
369 730 532 774 fuerint
576 727 880 779 securitatem,
924 724 1069 768 soluta
1112 723 1252 768 fuisse
1294 727 1437 779 pretia

105 791 305 848 probare.
366 786 442 831 sed
472 798 569 828 cum
600 784 657 827 sit
684 782 731 825 in
760 780 943 824 arbitrio
981 779 1125 836 pretia
1154 778 1436 834 suscipientis

106 847 277 889 minime
314 843 530 897 deponere
567 851 664 883 sese
705 837 822 893 quod
852 849 939 880 non
970 835 1144 892 accepit
1172 835 1435 890 suscepisse,

105 903 165 944 ita
196 899 394 943 convenit
422 909 505 940 nec
535 899 753 950 emptores
784 891 1081 949 plenissimam
1107 904 1162 935 ex
1185 890 1437 935 huiusmodi

106 955 374 1011 depositione
413 964 546 1007 super
583 949 717 1007 pretii
753 948 971 994 solutione
1011 948 1296 991 securitatem
1331 959 1435 990 con-

105 1015 276 1056 secutos
307 1009 443 1052 ullum
475 1008 608 1060 (sicut
636 1006 801 1050 dictum
830 1008 912 1056 est)
952 1003 1137 1047 ulterius
1174 1002 1437 1059 probatione

105 1078 331 1123 gravamen
359 1063 536 1119 penitus
566 1061 817 1106 formidare.
1353 1114 1361 1122 .

160 1120 189 1168 3
222 1121 331 1178 Imp.
366 1118 646 1163 lastinianus
673 1119 724 1162 Α.
757 1116 897 1161 Floro
929 1115 1079 1160 comiti
1108 1128 1257 1159 rerum
1277 1128 1436 1178 priua-

108 1184 250 1223 tarum
287 1181 330 1220 et
367 1174 570 1219 curatori
608 1173 856 1217 dominicae
894 1171 1052 1216 domus
1091 1176 1136 1215 et
1163 1169 1300 1215 Petro
1340 1183 1435 1215 viro

106 1233 267 1277 illustri
290 1230 491 1275 curatori
515 1229 694 1274 divinae
714 1228 873 1272 domus
887 1227 1196 1272 serenissimae
1207 1227 1438 1290 Augustae

107 1295 148 1333 et
170 1287 433 1333 Macedonio
460 1286 555 1330 viro
581 1284 749 1328 illustri
772 1283 975 1328 curatori
998 1289 1042 1327 et
1069 1283 1158 1340 ipsi
1187 1281 1438 1326 dominicae

106 1346 270 1388 domus.
335 1343 454 1386 Bene
493 1353 521 1385 a
559 1340 735 1385 Zenone
773 1340 897 1384 divae
936 1338 1171 1382 memoriae
1210 1337 1437 1382 fiscalibus

105 1398 439 1444 alienationibus
468 1399 751 1453 prospectum
788 1400 877 1450 est,
917 1408 973 1438 ne
1011 1395 1229 1446 homines,
1271 1394 1345 1450 qui
1383 1406 1438 1437 ex

106 1460 255 1499 nostro
294 1453 462 1497 aerarIo
501 1452 749 1498 donationis
790 1452 857 1498 vel
900 1450 1133 1507 emptionis
1171 1450 1239 1494 vel
1291 1450 1436 1494 cuius-

104 1511 208 1554 libet
235 1509 511 1553 alienationis
542 1508 671 1552 titulo
703 1508 935 1563 quicquam
971 1506 1218 1563 accipiunt,
1259 1507 1296 1549 si
1335 1505 1439 1562 quid

106 1567 220 1610 circa
250 1569 525 1609 contractum
557 1564 823 1608 contrarium
858 1563 1084 1608 emerserit
1114 1562 1180 1606 vel
1211 1562 1438 1606 evictionis

104 1623 169 1665 vel
213 1621 392 1665 alterius
434 1620 748 1676 inquietudinis
801 1619 946 1675 gratia
990 1619 1046 1663 ad
1090 1618 1328 1662 dominium
1370 1618 1439 1662 vel

103 1678 393 1735 hypothecam
422 1676 673 1732 respiciens,
713 1675 878 1731 aliquid
918 1675 1166 1719 sustineant
1203 1674 1438 1718 detrimen-

83 1739 216 1777 tum:
258 1733 335 1777 sed
364 1732 573 1776 adversus
608 1736 824 1786 emptores
855 1730 1031 1787 quidem
1061 1730 1129 1774 vel
1158 1729 1440 1775 donationem

106 1789 372 1845 accipientes
415 1788 484 1832 vel
526 1800 606 1844 per
649 1788 759 1832 alios
801 1788 954 1831 titulos
999 1786 1276 1831 alienationis
1317 1786 1438 1841 quic-

105 1858 236 1899 quam
274 1845 517 1888 detinentes
557 1844 731 1886 minime
770 1855 1072 1899 quaecumque
1110 1842 1307 1886 actiones
1346 1855 1440 1885 mo-

105 1905 308 1952 veantur,
339 1899 417 1944 sed
445 1898 748 1942 tantummodo
780 1903 935 1943 contra
966 1898 1185 1942 aerarium
1215 1910 1354 1953 usque
1383 1898 1441 1941 ad

107 1955 438 2011 quadriennium
466 1957 663 2007 tantum,
703 1967 788 2010 quo
829 1955 1082 2010 translapso
1113 1967 1255 2009 neque
1285 1954 1440 1997 adver-

112 2016 130 2054 1
191 2023 267 2055 sus
305 2010 460 2054 fiscum
497 2015 722 2054 remaneat
761 2010 909 2065 aliqua
949 2011 1079 2054 actio.
1149 2010 1236 2054 Sed
1280 2010 1441 2054 scimus

108 2067 191 2110 hoc
233 2066 405 2122 quidem
443 2067 488 2109 in
525 2065 751 2109 fiscalibus
788 2066 1126 2109 alienationibus
1162 2066 1333 2110 naviter
1362 2066 1438 2109 ob-

108 2122 294 2176 servari,
332 2121 410 2165 sed
439 2135 527 2165 non
557 2121 688 2165 simili
717 2121 845 2165 modo
876 2134 966 2164 rem
996 2122 1133 2165 fuisse
1163 2121 1439 2166 observatam

109 2178 227 2222 circa
271 2189 345 2220 eas
387 2190 478 2230 res,
525 2189 636 2232 quae
679 2189 706 2220 a
748 2177 1056 2220 sacratissimis
1100 2177 1440 2232 imperatoribus

107 2246 194 2277 non
234 2245 260 2275 a
299 2232 522 2276 fiscalibus
561 2232 714 2284 rebus,
753 2232 830 2276 sed
867 2244 920 2275 ex
954 2233 1125 2288 privata
1155 2245 1306 2276 eorum
1336 2233 1438 2276 sub·

111 2293 163 2331 la
220 2289 386 2331 stantia
414 2287 673 2342 procedunt.
724 2286 852 2342 Quod
879 2289 988 2331 satis
1018 2288 1326 2332 inrationabile
1356 2293 1438 2332 est.

105 2355 218 2398 quae
247 2344 361 2385 enim
389 2342 634 2386 differentia
661 2342 976 2395 introducitur,
1013 2356 1113 2386 cum
1142 2343 1289 2386 omnia
1315 2344 1438 2399 prin-

105 2398 214 2452 cipis
251 2410 348 2441 esse
386 2397 716 2451 intellegantur,
756 2397 846 2441 sive
884 2409 912 2440 a
947 2410 1030 2441 sua
1065 2398 1317 2442 substantia
1349 2399 1438 2442 sive

104 2466 156 2496 ex
185 2453 327 2496 fiscali
355 2452 491 2495 fuerit
520 2451 686 2508 aliquid
716 2452 986 2496 alienatum?
1039 2453 1279 2509 eodemque
1307 2454 1438 2498 modo

103 2512 146 2552 et
175 2509 212 2552 si
242 2521 268 2552 a
297 2508 575 2552 serenissima
601 2508 804 2563 Augusta
834 2508 999 2564 aliquid
1028 2509 1264 2564 alienetur,
1302 2522 1439 2565 quare

102 2577 189 2608 non
213 2564 362 2608 eadem
387 2566 537 2607 utatur
559 2565 896 2620 praerogativa?
933 2565 1011 2608 sed
1031 2570 1260 2610 curatores
1283 2566 1436 2618 nostri,

104 2633 181 2675 per
220 2633 329 2675 quos
371 2620 559 2664 solemus
602 2621 892 2664 substantiam
933 2625 1130 2665 nostram
1173 2621 1436 2677 gubernare,

101 2688 279 2720 necesse
319 2676 540 2720 habeant¹
580 2677 627 2719 in
655 2676 977 2720 venditionibus
1008 2689 1155 2721 rerum
1184 2682 1230 2722 et
1259 2679 1436 2723 evictio·

102 2744 201 2775 nem
226 2736 269 2774 et
293 2731 381 2774 alia
403 2743 514 2786 quae
536 2734 640 2775 sunt
660 2733 856 2786 privatae
878 2732 1081 2777 utilitatis
1101 2738 1235 2788 pacta
1252 2735 1436 2789 emptio-

103 2788 275 2830 nalibus
314 2787 616 2830 instrumentis
653 2787 814 2831 addere
843 2788 911 2831 vel
943 2788 1155 2842 quasdam
1185 2789 1295 2832 tales
1327 2790 1436 2833 obli-

103 2842 300 2897 gationes
338 2842 384 2885 in
422 2842 733 2886 alienationum
767 2843 1069 2887 instrumentis
1099 2857 1339 2899 agnoscere
1372 2846 1439 2888 vel

104 2898 148 2940 in
178 2898 571 2954 permutationibus
601 2899 668 2941 vel
697 2899 743 2942 in
773 2900 1169 2952 transactionibus,
1210 2901 1247 2944 si
1278 2904 1322 2945 et
1351 2901 1437 2945 hoc

107 2953 156 2996 1b
215 2953 345 2997 fuerit
384 2954 682 2997 celebratum?
745 2954 843 2998 Hoc
884 2955 998 2998 enim
1038 2960 1107 2999 est
1146 2968 1318 3009 eorum,
1365 2958 1439 3012 qui

103 3021 184 3052 nec
226 3009 498 3052 maiestatem
541 3009 811 3065 imperialem
855 3016 1103 3066 agnoscunt
1144 3015 1190 3055 et
1226 3016 1438 3067 quantum

101 3064 216 3107 inter
253 3066 468 3119 privatam
506 3064 730 3109 fortunam
770 3069 814 3110 et
850 3067 996 3122 regale
1033 3067 1207 3111 culmen
1248 3068 1438 3116 medium

103 3125 187 3173 est,
233 3125 277 3164 et
314 3124 490 3165 nostros
531 3126 779 3175 curatores,
824 3135 905 3179 per
945 3136 1054 3179 quos
1092 3136 1162 3168 res
1193 3124 1438 3169 divinarum

103 3175 304 3219 domuum
345 3180 557 3231 aguntur,
598 3177 818 3233 aliquibus
858 3179 1031 3223 iniuriis
1061 3179 1129 3224 vel
1159 3178 1329 3225 damnis
1359 3181 1437 3225 ad-

106 3236 153 3273 10
185 3234 243 3285 (1)
300 3231 431 3275 ficere
462 3238 693 3277 conantur.
752 3233 872 3288 Quae
903 3236 1048 3279 omnia
1076 3240 1328 3280 resecantes
1358 3250 1439 3294 per

102 3287 225 3351 hanc·
259 3288 503 3341 generalem
547 3293 590 3332 et
632 3289 678 3332 in
721 3295 984 3346 perpetuum
1023 3291 1255 3336 valituram
1298 3292 1437 3349 legem

104 3353 324 3405 sancimus
369 3356 518 3388 omnes
561 3344 846 3390 alienationes
893 3346 946 3390 de
992 3347 1094 3391 aula
1132 3347 1435 3404 procedentes,

105 3409 193 3440 slve
232 3409 258 3439 a
296 3402 446 3441 nostra
486 3399 713 3444 clementia
750 3402 839 3446 sive
870 3415 897 3446 a
925 3403 1206 3448 serenissima
1234 3406 1438 3460 Augusta

106 3452 287 3516 coniuge
318 3456 468 3496 nostra
497 3455 585 3498 sive
615 3457 670 3499 ab
701 3457 791 3511 his,
833 3458 908 3513 qui
935 3463 1095 3514 postea
1124 3459 1242 3516 digni
1271 3460 1438 3505 fuerint

105 3520 278 3551 nomine
315 3509 548 3564 imperiali,
588 3511 677 3555 sive
706 3513 793 3556 iam
830 3514 1067 3558 alienatum
1104 3516 1208 3571 quid
1245 3520 1314 3561 est
1342 3517 1437 3562 sive

104 3565 261 3627 postea
290 3564 433 3618 fuerit,
465 3565 559 3608 sine
585 3567 700 3609 omni
721 3568 1018 3623 inquietudine
1042 3574 1314 3627 permanere,
1346 3574 1437 3618 sive

104 3631 174 3662 res
218 3631 280 3663 eis
324 3632 403 3675 per
446 3626 616 3664 nosmet
661 3622 782 3677 ipsos
834 3625 950 3669 sive2
993 3631 1329 3683 procuratores,
1383 3642 1437 3673 ex

108 3674 164 3717 ld
206 3675 478 3730 epistalmate
499 3679 646 3721 tamen
667 3683 833 3733 nostro,
857 3680 1022 3726 fuerint
1045 3682 1314 3739 adsignatae.
1374 3684 1437 3728 Et

104 3730 432 3795 nemo·audeat
469 3743 566 3786 eos,
607 3733 683 3788 qui
720 3747 789 3778 res
822 3736 1045 3792 accipiunt
1073 3751 1152 3795 per
1182 3753 1434 3796 quemcum-

104 3798 187 3840 que
225 3787 400 3830 titulum
429 3787 706 3832 alienationis
742 3790 832 3834 sive
861 3793 1040 3837 mobiles
1072 3795 1162 3839 sive
1190 3796 1435 3841 immobiles

103 3853 181 3884 seu
219 3854 267 3885 se
306 3848 528 3887 moventes
558 3844 627 3888 vel
656 3844 755 3888 iura
783 3845 1078 3903 incorporalia
1106 3852 1175 3895 vel
1203 3864 1340 3908 panes
1372 3853 1433 3896 ci·

101 3897 230 3949 viles,
267 3897 439 3942 iudiciis
479 3898 670 3944 adficere
708 3901 776 3944 vel
820 3915 997 3958 sperare
1041 3906 1234 3962 aliquam
1280 3913 1436 3953 contra

103 3965 177 3995 eos
208 3966 303 3997 esse
332 3954 418 3998 sibi
447 3955 560 3999 viam
589 3960 802 4012 apertam,
834 3958 910 4002 sed
939 3962 1078 4006 omnis
1109 3963 1254 4009 aditus
1284 3965 1433 4008 exclu-

103 4007 251 4061 datur,
291 4010 430 4054 omnis
468 4015 613 4056 motus
655 4017 699 4055 et
736 4026 836 4068 spes
867 4014 1115 4061 huiusmodi
1144 4020 1431 4075 petulantiae.

103 4068 125 4104 2
185 4064 270 4107 Sed
307 4065 513 4110 adversus
550 4067 703 4112 domos
733 4075 907 4114 nostras
938 4070 1150 4127 habeant,
1180 4076 1296 4119 intra
1327 4089 1435 4132 qua-

103 4118 346 4186 driennium
375 4126 540 4177 tamen,
583 4124 825 4168 secundum
853 4126 1135 4173 imitationem
1165 4131 1284 4186 fisci,
1325 4145 1434 4188 quas

103 4179 352 4219 existimant
374 4190 510 4243 posse
550 4179 634 4223 sibi
670 4185 917 4236 competere
945 4184 1141 4230 actiones
1170 4187 1218 4230 in
1245 4200 1337 4231 rem
1367 4189 1434 4232 vel

102 4230 478 4288 hypothecariam,
517 4239 568 4278 ut
606 4247 661 4279 ex
689 4240 844 4281 nostra
872 4237 1065 4284 iussione
1096 4254 1231 4287 causa
1258 4256 1433 4288 movea-

103 4371 153 4420 (ι)
182 4373 239 4411 εἰσ
269 4371 320 4422 R,
349 4372 496 4414 habeat
531 4377 570 4428 C,
602 4375 754 4417 habent
785 4378 840 4418 M
864 4394 947 4419 cum
978 4380 1022 4420 B
1053 4383 1107 4432 (κ.
1123 4383 1188 4434 π.)

104 4428 177 4466 ins.
202 4424 315 4467 Cblib
338 4439 474 4469 contra
501 4431 698 4484 Β(κ.π.)
785 4435 840 4485 (3)
871 4437 912 4474 et
940 4435 994 4487 R,
1026 4440 1064 4475 et
1093 4438 1150 4477 eis
1186 4440 1222 4481 Ο

105 4482 142 4527 s,
173 4490 229 4531 53,
261 4491 316 4529 34,
348 4493 391 4524 m
546 4487 601 4538 (5)
640 4489 692 4541 cs.
733 4491 773 4541 5,
813 4498 867 4541 ic,
908 4498 952 4531 26

104 4536 157 4597 (7)
186 4537 292 4586 quod
327 4538 540 4602 liffommsen
651 4543 709 4595 (8)
737 4546 1062 4598 subscriptionem
1092 4550 1264 4595 fortasse
1292 4567 1427 4593 serva-

105 4592 240 4653 ⁰3²!ss
280 4594 345 4632 ubi
370 4604 462 4645 post
493 4598 527 4635 h.
562 4605 586 4637 t.
618 4600 816 4641 rubricam
846 4602 1023 4653 sequitur
1052 4603 1217 4645 edictum
1254 4606 1428 4648 Theode-

106 4657 179 4684 rici
212 4654 259 4684 15.
294 4656 330 4687 16
362 4649 428 4701 (cs.
463 4652 518 4689 ad
546 4654 584 4703 9,
616 4660 669 4704 16,
700 4655 736 4703 3)
778 4670 860 4696 cum
893 4659 968 4697 Ιιαε
997 4657 1177 4699 clausula
1213 4660 1292 4703 dat.
1323 4662 1426 4703 viiii.

1299 4442 1353 4492 (⁴)
1377 4443 1429 4494 ef·

1422 177 1522 235 310

1475 3261 1479 3329 Ι

1474 3357 1478 3448 1

1274 4386 1330 4436 (2)
1359 4397 1433 4437 per
1515 4383 1573 4426 kl.
1597 4383 1704 4427 octb.
1735 4385 1830 4425 iust.
1860 4386 1997 4439 opimo
2026 4386 2107 4437 (vel
2132 4385 2372 4439 iustopimo)

1108 4493 1163 4544 (6)
1207 4495 1246 4535 Β
1287 4498 1352 4547 50,
1390 4506 1430 4539 23
1513 4495 1667 4537 ’ναΐκοῢ
1710 4496 1754 4536 Β
1791 4498 1847 4548 (κ.
1864 4500 1928 4549 π.)

1904 196 1980 234 DE
2017 194 2383 246 QUADRIENNII
2417 195 2855 236 PRAESRIPTIONR

1519 332 1596 374 tur
1639 333 1684 373 et
1728 332 2046 387 competentem
2092 335 2314 379 mereatur
2364 330 2580 376 effectum.
2656 332 2774 389 quod
2819 331 2857 376 si

1518 385 1853 442 quadriennium
1879 387 2017 434 fuerit
2046 402 2281 440 emensum,
2313 398 2393 430 nec
2423 386 2631 433 adversus
2661 393 2858 432 nostram

1519 446 1542 484 3
1590 441 1767 486 domum
1794 442 1960 488 habeat
1987 446 2085 502 quis
2115 455 2439 501 quamcumque
2468 443 2698 488 actionem.
2743 443 2859 500 Quia

1519 497 1652 552 igitur
1690 497 1829 541 multa
1867 500 2028 547 scimus
2067 505 2160 546 tam
2197 503 2371 545 nosmet
2407 498 2529 554 ipsos
2568 511 2699 554 quam
2737 512 2857 546 sere-

1519 552 1743 597 nissimam
1771 553 2018 610 Augustam
2057 558 2287 612 coniugem
2314 558 2514 598 nostram
2542 554 2673 599 variis
2702 568 2856 612 perso-

1519 608 1588 653 nis
1626 608 1714 652 iam
1754 608 1941 656 donasse
1982 617 2028 656 et
2061 613 2307 658 vendidisse
2346 611 2419 654 et³
2457 622 2537 666 per
2569 610 2679 654 alios
2707 611 2858 656 titulos

1519 664 1791 719 adsignasse,
1823 669 1867 710 et
1893 669 2081 714 maxime
2110 666 2406 713 sacrosanctis
2436 664 2632 710 ecclesiis
2656 669 2701 709 et
2721 678 2857 712 xeno-

1519 720 1649 764 nibus
1689 724 1734 764 et
1762 722 2114 780 ptochotrophiis
2156 727 2201 769 et
2229 722 2450 780 episcopis
2485 724 2530 765 et
2556 721 2784 765 monachis
2815 725 2861 766 et

1521 776 1618 821 aliis
1648 776 2041 825 innumerabilibus
2070 780 2272 837 personis
2286 813 2297 833 ,
2333 783 2377 823 et
2405 777 2589 822 eandem
2617 777 2860 821 liberalita-

1519 837 1608 877 tem
1644 845 1697 876 ex
1734 837 1888 877 nostra
1925 835 2175 880 substantia
2204 836 2295 880 sive
2325 833 2631 879 serenissimae
2661 832 2861 889 coniugis

1519 890 1698 933 nostrae
1742 901 1839 932 esse
1879 890 2146 945 confectam,
2191 892 2414 936 sancimus
2452 889 2584 933 etiam
2623 901 2699 933 eos
2734 888 2860 934 firmo

1518 945 1614 988 iure
1641 943 1806 988 habere
1838 945 1954 999 quod
1983 948 2213 992 consecuti
2243 952 2367 1001 sunt,
2402 946 2466 990 ita
2495 948 2547 988 ut
2575 949 2733 989 contra
2761 945 2862 990 illos

1520 1000 1696 1057 quidem
1740 1000 1863 1044 nulla
1906 1007 2132 1047 moveatur
2174 1004 2311 1056 actio,
2359 1004 2479 1046 intra
2523 999 2861 1057 quadriennium

1520 1061 1665 1101 autem
1696 1068 1750 1100 ex
1777 1057 2002 1113 praesenti
2031 1058 2101 1102 die
2130 1059 2448 1104 numerandum
2477 1059 2630 1114 pateat
2659 1056 2864 1102 omnibus

1520 1113 1666 1157 aditus
1705 1117 1864 1156 contra
1904 1117 2080 1158 nostras
2120 1114 2289 1159 divinas
2328 1114 2481 1159 domos
2521 1125 2625 1157 suas
2664 1112 2863 1157 actiones

1521 1181 1653 1225 super
1691 1168 1831 1212 isdem
1867 1169 2000 1213 rebus
2037 1182 2233 1223 movere,
2273 1170 2472 1223 scituris,
2512 1168 2631 1225 quod
2659 1167 2864 1226 praefato

1522 1224 1808 1281 quadriennio
1839 1224 1964 1269 finito
1994 1237 2137 1282 neque
2167 1226 2376 1271 adversus
2402 1229 2576 1270 nostras
2600 1224 2752 1269 domos
2783 1223 2864 1268 ali-

1522 1286 1544 1324 4
1605 1280 1702 1336 quis
1742 1281 1804 1324 eis
1841 1284 2092 1325 reservetur
2130 1294 2372 1337 regressus.
2441 1282 2551 1326 Cum
2581 1281 2695 1325 enim
2725 1279 2866 1327 multa

1521 1336 1749 1392 privilegia
1771 1337 1974 1392 Augusta
2003 1336 2183 1381 fortuna
2210 1338 2373 1382 meruit
2401 1342 2446 1382 et
2471 1337 2520 1382 in
2549 1335 2866 1382 donationibus

1522 1393 1615 1437 sine
1643 1393 1940 1437 insinuatione
1968 1397 2195 1449 gestorum
2219 1405 2394 1438 omnem
2417 1394 2670 1437 firmitatem
2695 1393 2865 1438 haben-

1521 1450 1670 1493 tibus⁴
1707 1451 1751 1493 et
1788 1462 1923 1505 super
1958 1449 2113 1502 rebus,
2155 1462 2266 1505 quas
2298 1462 2380 1505 pro
2411 1455 2609 1504 tempore
2636 1448 2865 1493 serenissi-

1521 1518 1618 1548 mus
1648 1505 1854 1561 princeps
1882 1505 2055 1549 divinae
2073 1507 2303 1560 Augustae
2331 1510 2563 1549 constante
2587 1503 2866 1549 matrimonio

1522 1561 1750 1605 donaverit
1777 1561 1845 1605 vel
1874 1562 1968 1617 ipse
1999 1575 2026 1605 a
2054 1561 2336 1606 serenissima
2365 1562 2570 1616 Augusta
2609 1573 2691 1617 per
2726 1560 2866 1605 dona-

1522 1618 1653 1662 tionis
1683 1617 1860 1661 titulum
1891 1630 2023 1661 conse
2055 1622 2210 1668 uatur,
2251 1621 2301 1660 ut
2335 1621 2515 1661 maneat
2552 1616 2656 1661 ilico
2685 1615 2867 1662 donatio

1520 1674 1666 1729 plena,
1699 1674 1821 1718 nullo
1852 1673 1939 1717 alio
1970 1673 2027 1717 ad
2063 1673 2292 1718 rmationis
2322 1677 2520 1729 tempore
2549 1672 2825 1729 expectando
2837 1675 2867 1725 ⁵,

1521 1731 1583 1774 ita
1624 1734 1668 1773 et
1706 1729 1791 1773 hoc
1820 1729 2020 1773 videatur
2057 1729 2286 1785 imperiale
2318 1742 2416 1774 esse
2444 1728 2730 1785 privilegium.
2791 1728 2868 1785 qui

1523 1787 1636 1829 enim
1676 1785 1768 1830 suis
1808 1785 2001 1829 consiliis
2042 1786 2223 1841 suisque
2260 1785 2488 1830 laboribus
2522 1798 2605 1841 pro
2634 1788 2730 1830 toto
2760 1785 2869 1829 orbe

1521 1845 1738 1886 terrarum
1769 1841 1840 1885 die
1868 1845 2092 1898 noctuque
2121 1841 2350 1896 laborant,
2389 1854 2527 1897 quare
2555 1855 2644 1886 non
2672 1841 2870 1886 habeant

1525 1903 1548 1941 5
1608 1897 1783 1953 dignam
1812 1910 1895 1942 sua
1924 1897 2275 1953 praerogativam
2310 1897 2524 1941 fortuna?
2582 1897 2705 1953 Quae
2732 1897 2869 1952 igitur

1523 1966 1605 2010 pro
1647 1956 1847 2009 Augusto
1901 1953 2071 1998 honore
2124 1958 2167 1997 et
2221 1953 2398 1998 cautela
2439 1966 2510 1997 res
2554 1953 2867 2010 accipientium

1524 2013 1678 2053 nostra
1715 2009 1872 2053 statuit
1911 2009 2177 2061 aeternitas,
2221 2010 2332 2053 baec
2369 2013 2462 2053 tam
2501 2009 2749 2054 sublimitas
2787 2014 2869 2054 tua

1524 2078 1655 2121 quam
1686 2065 1821 2110 ceteri
1851 2078 2002 2110 omnes
2026 2065 2193 2110 iudices
2217 2065 2359 2110 nostri
2381 2065 2618 2110 observare
2641 2065 2868 2120 festinent,

1524 2134 1579 2165 ex
1604 2133 1655 2166 eo
1680 2124 1880 2177 tempore
1903 2121 2107 2176 valitura,
2138 2134 2193 2165 ex
2216 2134 2303 2178 quo
2327 2125 2439 2165 nutu
2456 2121 2601 2165 divino
2617 2121 2868 2178 imperiales

1523 2178 1799 2234 suscepimus
1836 2177 2014 2221 infulas.
2084 2176 2139 2222 D.
2180 2189 2210 2221 V
2247 2176 2294 2222 lc.
2323 2176 2430 2222 Dec.
2473 2175 2869 2236 Constantinopoli

1519 2239 1628 2291 post
1652 2232 1934 2277 consulatum
1954 2232 2196 2292 Lampadii
2223 2239 2270 2278 et
2296 2231 2466 2278 Orestis
2490 2246 2554 2277 vv.
2573 2245 2634 2277 cc.
2682 2236 2740 2286 [a.
2767 2236 2867 2287 531]

2052 2514 2349 2565 ΧΧΧΣῙΙΙΙ.ο

1520 2595 1599 2635 NE
1638 2595 1736 2635 REI
1778 2595 2098 2637 DOMINIOAE
2135 2595 2249 2637 VEL
2289 2597 2644 2639 TEMPLORUM
2683 2598 2867 2641 VINDI-

1522 2651 1687 2692 CATIO
1718 2651 2001 2694 TEMPORIS
2030 2652 2403 2694 EXCEPTIONE
2438 2653 2866 2698 SUBMOVEATUR.

1579 2732 1602 2779 1
1641 2731 1787 2832 Implp.
1817 2731 2162 2778 Valentinianus
2192 2740 2236 2779 et
2269 2734 2434 2783 Valens
2458 2736 2551 2780 AA.
2583 2736 2646 2780 ad
2667 2735 2868 2783 Probum

1515 2803 1596 2848 pp.
1640 2787 1903 2833 Galiarum.
1971 2788 2300 2846 Saepenumero
2341 2794 2628 2848 praeceptum
2678 2795 2767 2849 est,
2816 2797 2868 2838 ut

1522 2844 1636 2888 servi
1675 2848 1808 2901 atque
1844 2844 2015 2898 liberti,
2054 2845 2288 2901 colonique
2325 2851 2559 2903 praeterea
2594 2849 2658 2892 rei
2685 2854 2867 2894 nostrae

1522 2913 1602 2944 nec
1642 2913 1732 2944 non
1771 2900 1905 2944 etiam
1943 2912 2095 2945 eorum
2133 2902 2311 2946 suboles
2340 2914 2395 2946 ac
2425 2907 2622 2958 nepotes,
2665 2904 2866 2960 quicum-

1523 2969 1607 3012 que
1645 2956 1699 3000 de
1739 2957 1902 3000 nostris
1939 2957 2296 3013 possessionibus
2331 2960 2618 3003 recessissent
2646 2972 2699 3004 ac
2729 2973 2779 3005 se
2807 2961 2866 3006 ad

1522 3013 1696 3056 diversa
1720 3013 1899 3056 militiae
1931 3025 2094 3067 genera
2126 3014 2431 3066 contulissent,
2463 3015 2652 3070 cingulo,
2683 3016 2729 3060 in
2749 3018 2866 3073 quo⁷

1522 3069 1814 3125 obrepserant
1850 3068 2180 3122 fraudulenter,
2221 3070 2361 3124 exuti,
2402 3071 2441 3114 si
2478 3070 2537 3114 ad
2568 3071 2741 3137 aliquas
2771 3073 2864 3118 for-

1520 3127 1641 3169 tasse
1670 3124 2024 3169 transcenderint
2054 3124 2302 3181 dignitates,
2333 3126 2450 3170 omni
2474 3132 2686 3184 temporis
2710 3127 2864 3174 defini·

1520 3180 1641 3225 tione
1671 3181 1875 3225 submota
1904 3183 2056 3225 nostro
2086 3182 2352 3245 patrimonio
2382 3182 2672 3228 redderentur
2685 3185 2714 3228 ⁸.

1578 3235 1610 3283 2
1651 3235 1719 3280 Im
1745 3250 1829 3295 pp.
1873 3235 2218 3281 Valentinianus
2258 3237 2534 3283 Theodosius
2569 3245 2615 3285 et
2641 3240 2865 3286 Arcadius

1520 3293 1653 3337 AAA.
1686 3250 1865 3337 fflxtro
1897 3293 2051 3337 comiti
2082 3306 2234 3338 rerum
2262 3294 2564 3360 privatarum.
2624 3295 2864 3343 Universas

1520 3354 1684 3403 terras,
1727 3360 1840 3404 quae
1879 3361 1907 3392 a
1945 3348 2116 3394 colonis
2155 3348 2388 3395 dominicis
2425 3350 2535 3395 iuris
2564 3352 2628 3395 rei
2657 3353 2864 3408 publicae

1520 3405 1587 3448 vel
1621 3403 1732 3449 iuris
1771 3405 2068 3461 templorum⁹
2103 3405 2149 3449 in
2179 3406 2377 3461 qualibet
2403 3408 2632 3463 provincia
2661 3409 2864 3454 venditae

1519 3461 1587 3505 vel
1618 3461 1708 3505 ullo
1739 3461 1826 3505 alio
1855 3465 1988 3517 pacto
2019 3460 2238 3506 alienatae
2265 3466 2393 3515 sunt,
2433 3465 2490 3509 ab
2527 3463 2616 3516 his,
2659 3465 2733 3520 qui
2761 3478 2862 3522 per-

1520 3529 1671 3572 peram
1710 3520 1841 3572 atque
1881 3521 2035 3560 contra
2070 3517 2188 3573 leges
2218 3529 2295 3562 eas
2325 3517 2542 3571 detinent,
2583 3520 2706 3564 nulla
2745 3521 2863 3577 longi

1519 3573 1729 3629 temporis
1770 3572 2122 3629 praescriptione
2161 3572 2384 3618 officiente
2425 3574 2630 3620 iubemus
2673 3576 2860 3632 restitui,

1519 3630 1582 3673 ita
1620 3634 1670 3672 ut
1707 3640 1791 3672 nec
1829 3628 2021 3684 pretium
2056 3627 2230 3685 quidem
2267 3629 2329 3672 ini
2361 3629 2428 3674 uis
2479 3632 2861 3687 comparatoribus

1519 3698 1565 3728 re
1600 3696 1751 3730 oscere
1793 3684 1938 3728 liceat.
2011 3683 2066 3729 D.
2113 3696 2144 3728 V
2182 3697 2287 3729 non.
2362 3685 2421 3730 ul.
2470 3686 2862 3746 Constantinopoli

1531 3699 1847 3786 Vglentiniano
1877 3742 1929 3784 A.
1962 3751 2032 3784 111
2056 3744 2102 3784 et
2126 3738 2353 3799 Eutropio
2385 3755 2528 3786 conss.
2670 3747 2728 3796 [a.
2760 3747 2859 3797 387]

1577 3794 1607 3845 3
1643 3794 1780 3855 ¹⁰Imp
1818 3830 1826 3839 .
1858 3795 2082 3840 Arcadius
2115 3801 2160 3840 et
2190 3795 2424 3841 Honorius
2452 3799 2544 3842 AA.
2577 3797 2639 3842 ad
2665 3797 2860 3844 Paulum

1521 3853 1723 3897 comitem
1785 3865 1998 3895 omorum.
2057 3851 2104 3896 Si
2139 3865 2226 3918 qua
2254 3861 2441 3909 usquam
2468 3853 2568 3898 loca
2596 3854 2654 3898 ad
2682 3866 2858 3900 sacrum

1519 3908 1758 3953 dominium
1787 3907 2056 3963 pertinentia
2084 3908 2321 3952 cuiuslibet
2354 3910 2578 3953 temeritas
2610 3910 2856 3966 occupavit,

1519 3963 1761 4009 secundum
1789 3962 1949 4007 veteris
1981 3975 2139 4008 census
2170 3963 2300 4008 fidem
2328 3965 2374 4009 in
2404 3977 2486 4009 sua
2507 3965 2606 4010 iura
2630 3966 2856 4010 retrahen-

1523 4026 1540 4064 1
1616 4023 1703 4065 tur.
1777 4018 2012 4075 Rescripta
2054 4020 2187 4075 igitur
2239 4021 2576 4077 obreptionibus
2623 4021 2857 4077 impetrata

1520 4089 1619 4120 cum
1662 4075 2012 4132 praescriptione
2055 4076 2174 4132 longi
2215 4076 2430 4132 temporis
2468 4081 2514 4122 et
2550 4077 2652 4121 novi
2696 4088 2854 4121 census

1517 4130 1789 4189 praeiudicio
1842 4131 2120 4176 submovebit
2167 4132 2410 4176 auctoritas
2454 4136 2556 4183 tua,
2610 4136 2743 4187 atque
2793 4132 2855 4175 ita

1519 4187 1666 4231 omnia
1703 4199 1784 4230 suo
1825 4188 2001 4242 corpori
2037 4200 2150 4244 quae
2180 4192 2284 4232 sunt
2311 4188 2471 4232 avulsa
2499 4186 2716 4232 restituet.
2776 4200 2854 4231 ne-

1518 4256 1602 4300 que
1633 4243 1746 4287 enim
1763 4244 1796 4269 ¹²
1832 4243 2057 4288 incubatio
2094 4243 2302 4288 diuturna
2331 4248 2408 4288 aut
2437 4242 2609 4288 novella
2635 4242 2853 4299 professio

2456 4384 2513 4437 (9)
2541 4383 2786 4437 templorum
2809 4387 2852 4435 G',

1514 4443 1545 4480 t.
1576 4440 1641 4480 dei
1673 4440 1888 4493 Utinensis,
1918 4454 2126 4483 sacrorum
2155 4443 2187 4484 t.
2219 4442 2267 4491 P,
2298 4444 2327 4481 t.
2357 4451 2565 4481 sacrorum
2596 4440 2648 4489 R,
2679 4435 2851 4483 δικαίου

2097 4498 2176 4550 (ιο)
2209 4515 2268 4535 a:
2300 4498 2364 4546 ιι,
2394 4503 2453 4547 ⁶7,
2484 4504 2503 4536 2
2546 4494 2618 4537 le.
2653 4498 2716 4547 ιθ,
2747 4505 2778 4548 1,
2809 4505 2848 4539 ιο

1513 4552 1582 4648 (ἓ)
1612 4554 1685 4591 aut
1712 4553 1893 4603 precatio
1924 4552 2105 4595 colorata
2135 4553 2208 4593 aut
2247 4554 2322 4593 ine.
2359 4550 2428 4592 Th.
2460 4564 2546 4593 cum
2577 4551 2601 4592 l.
2631 4567 2746 4606 qen,
2776 4566 2848 4593 om.

1588 4608 1643 4660 (κ.
1661 4608 1726 4657 π.)
