3094 4732
204 119 277 160 DE
309 117 559 156 DIVERSIS
594 118 848 158 PRAEDIIS
878 115 1118 158 URBANIS

202 254 340 307 trahi,
379 259 618 312 quatenus,
666 255 873 312 quidquid
905 259 965 300 'ex
1036 255 1157 299 retiis
1195 261 1534 309 memoratorum

206 319 223 356 l
270 311 506 356 fundorum
535 312 676 368 possit
704 312 878 357 restitui
894 314 921 364 ¹,
949 324 1012 367 pu
1043 312 1130 356 lico
1159 311 1386 357 inferatur.
1447 313 1534 358 Sed

200 367 305 412 licet
333 380 415 424 per
443 368 625 412 eandem
655 368 929 413 sanctionem
958 367 1209 411 huiusmodi
1237 369 1534 415 venditionum

202 424 504 469 contractibus
541 425 794 480 plenissima
835 423 983 467 delata
1025 423 1083 467 sit
1128 425 1296 479 cautio,
1340 430 1534 470 attamen

201 485 442 537 perpetuae
456 481 688 536 empt10nis
706 478 934 525 securitati
958 480 1238 524 consulentes
1254 481 1386 525 huius
1402 481 1533 526 etiam

201 539 440 593 perpetuae
481 535 808 580 constitutionis
851 535 1118 579 auctoritate
1160 537 1321 580 muniri
1358 537 1533 581 eosdem

202 597 422 648 emptores
451 592 760 649 praecipimus.

636 761 770 810 Lxx
807 761 1116 823 (LXV1111).²

200 845 276 886 DE
305 843 562 885 DIVERSIS
603 843 866 883 PRAEDIIS
896 843 1139 884 URBANIS
1169 845 1243 885 ET
1281 843 1534 885 RUSTIOIS

199 899 550 942 TEMPLORUM
579 899 651 939 ΕΤ
692 897 1004 996 ΟΙἾΟΙΙἙΞᾹΙῖῑΙῖοΜ
1042 900 1116 940 ΕΤ
1147 901 1292 941 OMNI
1320 899 1533 940 REDITU

258 1036 281 1084 1
318 1035 387 1081 Im
423 1071 432 1081 .
464 1035 670 1080 Iulianus
698 1036 750 1080 A.
781 1037 1014 1081 Atarbino.
1073 1037 1159 1081 Pro
1192 1037 1390 1090 aedibus,
1421 1048 1531 1091 quas

199 1106 350 1138 nonnu
437 1092 484 1136 in
514 1092 607 1136 solo
637 1091 704 1136 rei
740 1093 948 1148 publicae
976 1096 1286 1147 extruxerunt,
1324 1092 1531 1149 placitam

199 1153 427 1206 praestare
455 1148 710 1204 pensionem
740 1153 971 1204 cogantur.

255 1203 287 1251 2
318 1203 463 1249 ³Idem
492 1207 543 1248 A.
577 1203 783 1248 Secundo
807 1219 890 1271 pp.
949 1205 1236 1262 Pamphyliae
1266 1204 1397 1249 etiam
1426 1203 1529 1248 civi-

198 1263 312 1304 tates
351 1264 396 1305 et
432 1273 734 1316 quaecumque
763 1261 876 1305 ahae
914 1261 1127 1317 quidquid
1155 1261 1251 1305 :sibi
1280 1260 1530 1317 adquirant,

199 1316 245 1359 id
273 1315 458 1361 firmiter
485 1316 682 1360 habeant
692 1318 723 1358 ⁴.

255 1370 284 1419 3
317 1370 480 1430 ‘Impp
521 1372 746 1416 Arcadius
786 1378 832 1417 et
869 1372 1106 1416 Honorius
1148 1372 1241 1415 AA.
1288 1370 1530 1415 Hadriano

198 1428 348 1472 comiti
360 1441 594 1472 sacrarum
616 1428 919 1486 larqitionum.
963 1427 1299 1472 Restaurationi
1312 1426 1532 1471 moenium

197 1483 477 1540 publicorum
516 1484 690 1528 tertiam
728 1484 977 1540 portionem
1006 1484 1098 1528 eius
1130 1483 1333 1536 canonis,
1373 1482 1449 1539 qui
1478 1494 1532 1526 ex

196 1540 305 1597 locis
333 1539 534 1584 fundisve
574 1541 639 1584 rei
674 1539 880 1596 publicae
910 1552 1058 1583 annua
1095 1539 1396 1595 praestatione
1426 1551 1531 1583 con-

195 1595 350 1650 fertur,
381 1600 550 1640 certum
579 1599 648 1640 est
674 1597 783 1640 satis
811 1608 945 1651 posse
974 1594 1194 1639 sufficere.
1254 1593 1309 1639 D.
1350 1606 1445 1638 V111
1469 1593 1529 1638 id.

195 1652 266 1696 An
300 1685 310 1695 .
345 1650 530 1709 Olybrio
560 1658 606 1696 et
631 1650 833 1695 Prohinc
864 1664 1007 1695 conss.
1341 1654 1396 1703 [a.
1429 1653 1528 1701 395]

251 1665 299 1754 ἕ
314 1705 438 1751 Idem
452 1708 545 1751 AA.
566 1706 775 1751 Caesario
798 1719 877 1771 pp.
934 1706 1042 1760 Eos,
1067 1706 1141 1760 qui
1163 1705 1371 1749 auctione
1389 1705 1532 1761 prima

193 1761 432 1807 fundorum
460 1762 570 1805 iuris
598 1761 918 1817 patrimomalis
942 1762 1031 1805 sive
1060 1761 1325 1816 templorum
1354 1773 1531 1816 posses-

193 1830 316 1862 sores
341 1817 485 1861 effecti
509 1823 614 1860 sunt
636 1818 704 1860 vel
726 1817 906 1868 fuerint,
927 1817 1099 1860 firmum
1118 1815 1358 1859 dominium
1381 1820 1532 1860 tenere

193 1873 489 1925 decernimus,
527 1885 582 1915 ne
621 1871 808 1915 ulterius
834 1872 1011 1915 vacillet
1047 1871 1398 1927 uniuscuiusque
1427 1884 1531 1927 pos-

191 1927 345 1983 sessio,
375 1927 454 1972 sed
480 1930 633 1972 teneat
671 1927 858 1982 quisque
885 1928 955 1972 ius
983 1927 1235 1984 proprium,
1279 1926 1396 1982 quod
1427 1927 1531 1971 dato

191 1983 333 2040 pretio
362 1983 622 2028 roboratum
653 1986 723 2027 est
749 1986 819 2029 vel
848 1983 994 2026 fuerit.

246 2038 276 2086 5
310 2037 476 2098 ⁶Impp.
505 2039 848 2083 Valentinianus
876 2045 921 2083 et
935 2038 1201 2083 Marcianus
1225 2038 1317 2082 AA.
1349 2037 1412 2082 ad
1423 2036 1531 2082 Pal-

191 2095 360 2139 ladium
379 2109 464 2162 pp.
499 2095 704 2140 Orientis.
764 2094 811 2138 Si
841 2095 916 2151 qui
939 2108 995 2139 ex
1022 2094 1152 2138 titulo
1182 2093 1435 2138 donationis
1463 2096 1533 2138 vel

191 2164 247 2195 ex
275 2156 495 2207 emptlone
523 2151 614 2194 sive
643 2163 697 2194 ex
725 2150 812 2195 alio
843 2151 1041 2206 quolibet
1067 2150 1198 2195 titulo
1224 2150 1530 2206 possessiones

192 2207 259 2251 vel
288 2207 441 2251 domus
470 2206 540 2250 vel
568 2207 806 2261 ergasteria
833 2206 944 2250 iuris
973 2207 1207 2251 dumtaxat
1237 2207 1387 2261 civilis,
1419 2219 1532 2262 quae

191 2263 321 2306 huius
342 2262 452 2307 iuris
478 2275 576 2306 esse
589 2275 690 2306 vere
707 2263 954 2318 probantur
965 2263 996 2315 ⁷,
1021 2263 1258 2306 cuiuslibet
1282 2263 1471 2307 civitatis
1487 2267 1533 2307 et

190 2318 430 2374 praecipue
465 2319 596 2362 huius
627 2323 832 2362 aeternae
861 2319 1008 2372 urbis,
1048 2318 1121 2362 cui
1158 2319 1368 2362 maiorem
1399 2319 1529 2363 debe-

191 2388 288 2419 mus
317 2373 527 2428 favorem,
554 2378 647 2417 tam
678 2374 831 2429 civilis,
863 2379 914 2417 ut
943 2374 1109 2418 dictum
1139 2379 1228 2427 est,
1258 2374 1368 2418 iuris
1399 2387 1531 2430 quam

192 2430 322 2474 etiam
351 2430 684 2485 agonotheticas
714 2430 1020 2486 possessiones
1046 2443 1074 2473 a
1094 2431 1328 2474 consulatu
1345 2431 1530 2475 Ausonii

191 2491 236 2530 et
273 2486 471 2543 Olybrii⁸
519 2486 695 2541 dempto
740 2486 856 2529 civili
901 2498 1071 2530 canone
1116 2493 1409 2541 acceperunt,
1454 2499 1529 2530 eos

189 2543 441 2598 impositum
471 2542 561 2586 eis⁹
591 2554 803 2587 canonem
827 2542 952 2585 iuxta
973 2541 1104 2585 fidem
1134 2541 1412 2597 publicorum
1435 2555 1529 2586 mo—

190 2603 499 2643 numentorum
529 2597 743 2652 civitatis,
783 2598 841 2641 ad
871 2610 1003 2653 quam
1032 2597 1212 2642 eaedem
1240 2610 1313 2641 res
1330 2598 1364 2624 ¹⁰
1393 2598 1529 2653 perti·

194 2659 212 2698 1
273 2659 488 2708 nuerunt,
527 2654 742 2710 praebere
780 2653 982 2698 iubemus
998 2655 1048 2698 ¹¹.
1115 2654 1231 2697 Nam
1270 2653 1309 2697 si
1345 2655 1529 2709 privatis

189 2709 292 2754 viris
317 2710 466 2754 debita
490 2723 579 2754 non
605 2710 798 2766 patimur
821 2710 1042 2764 denegari,
1073 2709 1210 2753 multo
1235 2709 1373 2765 magis
1398 2723 1528 2765 prae-

188 2766 334 2810 benda
361 2769 467 2810 sunt
489 2766 741 2811 civitatibus
771 2779 885 2822 quae
906 2766 1004 2810 iure
1035 2765 1272 2817 debentur,
1305 2778 1404 2809 cum
1434 2765 1527 2809 suf-

188 2822 310 2866 ficiat
336 2822 683 2877 possessoribus,
715 2822 831 2877 quod
855 2822 976 2878 apud
1002 2835 1077 2865 eos
1095 2821 1333 2865 dominium
1357 2821 1404 2864 in
1428 2834 1527 2877 per-

189 2883 213 2921 2
271 2881 455 2934 petuum
478 2890 533 2922 ex
557 2882 711 2922 nostra
732 2877 1001 2922 liberalitate
1030 2881 1300 2933 permaneat.
1342 2877 1390 2921 Si
1415 2890 1528 2932 quae

187 2936 336 2978 tamen
389 2934 695 2990 possessiones
746 2934 856 2977 iuris
901 2933 1041 2977 civilis
1089 2945 1301 2978 canonem
1343 2933 1527 2989 privatis

187 2990 494 3045 largitionibus
536 2990 583 3033 in
633 2990 856 3046 praesenti
908 2992 1129 3045 praebent
1171 2989 1240 3033 vel
1289 3002 1528 3043 numquam

189 3045 443 3101 ademptum
471 3046 540 3090 vel
578 3048 734 3101 postea
769 3046 1045 3101 impositum,
1085 3045 1142 3088 ad
1171 3045 1287 3088 hanc
1303 3046 1339 3071 ¹²
1366 3045 1527 3089 iussio-

189 3113 289 3145 nem
316 3114 408 3144 non
435 3101 745 3157 pertinebunt,
785 3101 864 3145 sed
900 3102 1073 3157 privato
1111 3100 1282 3145 aerario
1314 3113 1527 3145 canonem

189 3169 318 3213 quem
347 3170 466 3200 nunc
496 3160 744 3212 agnoscunt
764 3156 928 3201 inferre
952 3170 1007 3201 ex
1031 3169 1151 3201 more
1181 3155 1415 3209 debebunt,
1447 3156 1526 3201 do-

188 3213 322 3256 minio
360 3211 550 3256 firmiter
597 3212 717 3268 apud
756 3224 832 3257 eos
876 3225 1155 3257 successores
1188 3225 1244 3256 ue
1288 3225 1438 3256 eorum
1482 3215 1528 3256 et

190 3268 489 3312 detentatores
517 3267 618 3324 pari
645 3267 776 3312 modo
804 3274 1101 3324 permanente.
1195 3302 1203 3310 .
1230 3280 1301 3311 xv
1321 3267 1362 3311 lc.
1396 3267 1524 3311 Febr.

193 3323 486 3368 Constantino
523 3323 587 3367 oli
614 3321 853 3369 Marciano
882 3326 934 3369 A.
966 3338 1086 3369 cons.
1342 3327 1397 3376 [a.
1425 3327 1525 3377 451]

245 3377 277 3426 6
307 3378 420 3438 Imp.
491 3392 576 3423 eno
607 3380 658 3423 A.
690 3379 878 3425 Aeliano
932 3395 983 3446 p.
1052 3380 1149 3423 Hac
1186 3380 1233 3422 in
1262 3381 1526 3435 perpetuum

188 3436 377 3480 valitura
414 3436 510 3491 lege
547 3435 770 3479 sancimus
807 3438 854 3480 et
931 3435 1199 3480 icaeensium
1240 3435 1406 3480 civitati
1445 3447 1525 3479 seu

188 3491 513 3536 habitatoribus
529 3492 622 3534 eius
649 3495 739 3533 tam
753 3491 822 3535 ius
840 3492 1081 3536 exactionis
1107 3491 1524 3546 quadringentorum

189 3547 429 3591 solidorum
458 3547 595 3590 annui
625 3547 807 3591 canonis
838 3548 976 3592 civilis
1007 3547 1175 3591 reditus
1205 3548 1262 3590 ad
1293 3559 1415 3591 suam
1444 3559 1524 3602 pa-

189 3603 318 3646 triam
346 3602 607 3658 pertinentis
636 3615 691 3646 ex
707 3603 742 3629 ¹³
768 3603 1143 3657 possessionibuS‚
1172 3602 1218 3647 id
1248 3607 1316 3646 est
1345 3602 1524 3646 Calamo

190 3664 234 3701 et
262 3658 522 3704 Heliobomo
538 3659 572 3685 ¹⁴
600 3670 683 3702 nec
713 3671 813 3702 nonv
842 3659 1056 3715 emptorio
1073 3661 1108 3686 ¹⁵
1136 3658 1342 3702 Variario
1359 3659 1394 3684 ¹⁶
1425 3671 1524 3701 cum

189 3716 350 3771 emptio
365 3716 398 3740 ¹⁷
443 3726 596 3758 eorum
649 3715 732 3758 sub
777 3715 998 3759 territorio
1036 3717 1288 3769 Apamenas
1333 3714 1523 3757 civitatis

190 3769 469 3823 constitutis,
510 3782 564 3813 ex
602 3782 743 3825 nuper
780 3771 907 3825 lapsa
943 3771 1075 3814 tertia
1103 3770 1342 3814 indictione
1360 3771 1394 3797 ¹⁸
1423 3781 1524 3813 cum

188 3826 288 3882 ipsa
303 3825 338 3853 ¹⁹
365 3825 564 3879 restitui,
606 3839 736 3880 quam
767 3826 804 3869 si
834 3826 958 3881 quid,
1000 3839 1055 3870 ex
1085 3839 1169 3881 quo
1200 3826 1371 3870 sanctio
1401 3824 1521 3868 Mar-

190 3882 305 3925 ciani
345 3881 470 3925 divae
499 3882 733 3925 memoriae
762 3882 854 3924 lata
881 3887 973 3935 est,
1014 3882 1070 3925 ad
1108 3881 1303 3926 eiusdem
1334 3880 1522 3924 civitatis

190 4023 240 4076 (1)
272 4021 404 4073 redigi
442 4021 661 4061 Mommsen
777 4023 831 4071 (2)
863 4020 906 4060 Β
946 4023 1014 4071 55,
1055 4030 1093 4062 13
1205 4022 1260 4071 (3)
1291 4023 1408 4073 iunye
1448 4019 1522 4059 Th.

194 4081 256 4127 10,
273 4087 307 4128 3,
324 4087 353 4118 1.
388 4079 452 4127 11,
468 4084 524 4127 16,
541 4085 596 4117 10.
634 4078 694 4127 11,
715 4084 771 4126 23,
788 4075 839 4116 2?
874 4078 935 4125 12,
959 4085 988 4126 1,
1007 4085 1066 4123 50-
1104 4077 1164 4124 12,
1181 4075 1300 4128 13,1?
1386 4076 1440 4125 (4)
1455 4086 1522 4127 pp.

188 4147 241 4174 111
271 4133 326 4184 (d.
357 4145 409 4173 111
442 4132 515 4174 Th.
553 4133 616 4182 11,
648 4139 705 4181 23,
735 4141 769 4172 2.
806 4132 868 4182 12,
897 4139 950 4182 13,
981 4141 1010 4180 1,
1040 4144 1106 4183 pp.
1140 4131 1213 4172 Th.
1246 4133 1307 4181 10,
1339 4140 1372 4182 3,
1402 4132 1436 4179 1)
1467 4129 1523 4169 id.

190 4190 311 4230 Mart.
328 4186 688 4238 Constantinopoli
703 4186 950 4226 Mamertino
967 4190 1006 4227 et
1019 4187 1060 4226 N
1063 4186 1190 4226 evitta
1206 4199 1333 4226 conss.
1352 4187 1408 4237 (α.
1428 4187 1525 4236 362)

191 4246 296 4299 leqes
336 4244 564 4298 iunyendae
663 4244 718 4293 (5)
749 4262 803 4277 ===
835 4242 908 4282 Th.
943 4245 982 4290 5,
1012 4250 1064 4290 13,
1096 4251 1138 4282 35
1250 4245 1306 4293 (θ)
1335 4262 1389 4277 =
1420 4240 1523 4282 Nov.

191 4301 328 4341 Marc.
346 4303 369 4342 3
456 4300 510 4349 (7)
540 4297 605 4338 vel
635 4297 779 4337 domus
795 4327 804 4335 .
822 4327 831 4336 .
850 4327 859 4336 .
876 4297 1120 4349 probantur]
1147 4297 1250 4337 iuris
1271 4296 1405 4337 civilis
1435 4299 1524 4335 tan-

190 4355 398 4397 tummodo
414 4357 455 4395 et
470 4353 572 4396 Nov.
633 4355 689 4405 (8)
707 4369 744 4393 a.
763 4354 843 4394 379
902 4354 959 4404 (9)
973 4352 1152 4404 praediis
1168 4352 1269 4394 Νου.
1331 4354 1406 4405 (1ο)
1436 4364 1524 4390 eae·

191 4409 280 4451 dem
310 4413 387 4461 res]
416 4410 584 4464 praedia
614 4410 718 4451 Νου.
784 4409 853 4458 (11)
883 4407 1105 4448 iubeantur
1135 4407 1241 4449 Νου.
1300 4408 1373 4459 (12)
1402 4419 1524 4459 prag·-

190 4467 380 4507 maticam
409 4469 483 4507 ins.
515 4466 618 4507 Nov.
705 4464 779 4516 (13)
811 4476 859 4503 ex
894 4464 1091 4512 Cuiacius,
1123 4465 1163 4502 et
1193 4464 1288 4505 libri
1360 4465 1433 4515 (14)
1467 4463 1525 4502 sic

191 4524 298 4572 deta,
326 4521 582 4562 heliobionio
610 4521 659 4562 K
665 4551 675 4570 ‚
700 4519 824 4569 h’(=
839 4519 913 4559 her
922 4518 1114 4569 '?)iobimo
1149 4518 1198 4568 O,
1229 4517 1450 4559 eliobunno
1467 4514 1524 4567 1¹³,

191 4576 414 4619 heliobimo
451 4578 546 4627 alii,
585 4578 719 4631 deficit
749 4575 793 4615 1⁰
934 4575 1006 4627 (15)
1037 4573 1216 4625 emporio
1233 4576 1417 4627 fortasse
1446 4588 1525 4612 scr.

1514 101 1613 161 451

2626 113 2704 165 XI
2740 115 2938 165 69-71

1616 257 1933 314 praeiudicium
1956 260 2127 326 gestum
2149 262 2230 313 est,
2254 259 2461 304 infirmari
2486 263 2542 314 et,
2574 262 2691 318 quod
2715 274 2769 307 ex
2796 262 2946 307 eadem

1614 315 1869 371 provisione
1896 314 2148 359 civitatibus
2178 315 2369 360 delatum
2397 317 2564 361 interea
2594 319 2788 373 qualibet
2817 331 2945 362 occa-

1616 371 1739 415 sione
1767 371 2043 416 imminutum
2073 373 2162 424 est,
2195 384 2249 415 ex
2260 373 2299 398 ²⁰
2326 374 2589 419 auctoritate
2620 374 2944 418 constitutionis

1615 431 1794 471 nostrae
1822 427 2071 471 serenitatis
2100 426 2238 470 isdem
2269 428 2516 472 civitatibus
2545 428 2778 481 redhiberi,
2805 430 2868 473 ita
2898 432 2948 473 ut

1615 495 1759 538 neque
1788 482 2021 527 iudiciaria
2049 484 2290 528 auctoritas
2312 497 2393 528 nec
2415 484 2640 539 imperiale
2668 484 2944 539 rescriptum,

1616 550 1890 594 quacumque
1912 538 2115 583 videlicet
2129 539 2376 583 adiectione
2399 539 2625 591 munitum,
2648 551 2724 583 sae
2756 551 2780 582 e
2805 539 2947 584 dictae

1614 595 1830 648 generalis
1858 595 1965 650 legis
1994 595 2107 638 vires
2146 595 2287 650 possit
2314 593 2567 648 refringere.
2636 606 2721 648 quo
2782 595 2819 636 si
2848 595 2945 649 quis

1616 649 1744 692 aliter
1774 649 1943 703 fecerit,
1975 662 2119 705 poena
2147 649 2271 705 gravi
2299 649 2533 705 plectetur.
2733 653 2788 701 [a.
2820 654 2899 693 480
2909 652 2945 702 ⁴?]

2088 818 2244 864 LXXI
2280 817 2468 877 (Lxx).

1614 899 1691 939 DE
1745 897 2066 939 LOCATIONE
2116 898 2484 939 PRAEDIORUM
2530 897 2791 939 CIVILIUM
2835 900 2948 941 VEL

1613 953 1922 995 FISCALIUM
1951 952 2080 993 SIVE
2111 953 2460 994 TEMPLORUM
2489 953 2617 995 SIVE
2641 955 2740 994 REI
2758 956 2945 997 PRIVA-

1977 1009 2088 1050 TAE
2117 1009 2231 1050 VEL
2262 1009 2595 1050 DOMINICAE.

1671 1090 1694 1137 1
1733 1088 1912 1190 Implpp.
1948 1088 2194 1134 Gratianus
2229 1089 2573 1135 Valentinianus
2601 1101 2646 1135 et
2676 1090 2951 1136 Theodosius

1614 1148 1745 1191 AAA.
1791 1161 1819 1190 a
1853 1181 1862 1190 .
1902 1146 2091 1190 Florum
2159 1160 2209 1205 p.
2283 1146 2384 1190 Divi
2426 1147 2566 1202 patris
2610 1147 2751 1191 nostri
2795 1152 2951 1203 aperta

1613 1202 1868 1259 praeceptio
1899 1203 2015 1247 est²¹
2045 1160 2207 1246 fungos
2234 1215 2289 1246 ex
2311 1215 2361 1246 re
2384 1203 2558 1258 privata
2576 1207 2730 1247 nostra
2749 1203 2814 1246 ita
2832 1204 2950 1247 tradi

1614 1258 1930 1315 perpetuariis,
1971 1262 2021 1301 ut
2055 1258 2253 1313 periculo
2295 1258 2606 1302 collocantium
2616 1260 2654 1285 ²²
2684 1258 2948 1303 officiorum-

1620 1320 1636 1357 1
1701 1327 1785 1369 que
1814 1314 2060 1358 tradantur.
2129 1314 2284 1370 Neque
2314 1314 2426 1358 enim
2458 1315 2692 1370 quicquam
2720 1318 2868 1370 potest
2897 1328 2950 1358 ex

1615 1371 1857 1414 devotionis
1896 1371 2170 1426 plenitudine
2199 1370 2427 1421 vacillare,
2467 1371 2506 1414 si
2534 1371 2809 1426 apparitione
2837 1371 2949 1415 iudi-

1616 1426 1754 1470 ciaria
1782 1429 1827 1470 et
1865 1425 1991 1470 fundi
2030 1426 2198 1470 idoneis
2237 1426 2438 1470 attributi
2475 1431 2581 1470 sunt
2618 1431 2662 1470 et
2700 1426 2758 1470 sit
2786 1426 2950 1470 fiscalis

1615 1487 1640 1526 2
1696 1482 1960 1526 indemnitas
1990 1482 2150 1526 idonea
2172 1482 2454 1526 fideiussione
2480 1483 2708 1526 munita2³.
2756 1483 2950 1536 Quorum

1615 1539 1654 1583 si
1684 1539 1869 1582 alterum
1898 1538 1966 1582 vel
1995 1542 2230 1594 utrumque
2258 1537 2505 1593 neglectum
2535 1543 2614 1593 est,
2646 1551 2757 1594 quae
2782 1551 2836 1582 ex
2864 1538 2951 1582 hoc

1614 1594 1743 1638 titulo
1787 1594 2023 1649 pensitatio
2071 1594 2284 1638 canonica
2323 1593 2564 1648 desiderat,
2610 1606 2666 1637 ex
2703 1593 2950 1638 officiorum

1615 1649 1905 1694 facultatibus
1936 1651 2228 1694 seruentur2⁴.
2624 1654 2679 1703 [a.
2712 1653 2948 1702 380—383]

1673 1702 1704 1750 2
1734 1703 1899 1748 ²⁵Idem
1913 1705 2045 1748 AAA.
2064 1704 2279 1749 Nebridio
2307 1706 2458 1749 comiti
2479 1719 2629 1749 rerum
2650 1707 2948 1762 privatarum.

1614 1760 1761 1804 Fundi
1789 1760 1854 1804 rei
1882 1760 2087 1816 publicae
2117 1761 2174 1804 ab
2203 1760 2286 1813 his,
2319 1761 2392 1815 qui
2420 1773 2502 1805 nec
2532 1761 2662 1805 titulo
2695 1761 2949 1805 conductio-

1616 1817 1684 1860 nis
1714 1829 1790 1860 eos
1822 1816 2018 1860 detinent
2056 1815 2219 1871 quique
2247 1816 2448 1860 meliores
2480 1817 2603 1860 cultu
2641 1817 2950 1872 patrocinante

1614 1871 1912 1926 reddiderunt,
1938 1884 1994 1916 ne
2010 1874 2264 1915 nostrarum
2284 1872 2458 1927 quidem
2474 1873 2750 1916 sanctionum
2768 1872 2824 1925 (si
2837 1873 2951 1917 forte

1616 1928 1831 1983 quispiam
1869 1940 1948 1983 per
1983 1928 2316 1983 subreptionem
2343 1929 2567 1981 meruerit)
2606 1928 2788 1973 nutibus
2826 1928 2951 1972 aufe-

1615 1988 1794 2036 rantur,
1834 1985 1959 2027 iuxta
1996 1984 2135 2039 legem
2163 1988 2354 2028 veterem
2392 1985 2526 2028 semel
2563 1987 2735 2028 tantum
2773 1984 2952 2028 licentia

1615 2040 1845 2084 faciendae
1857 2040 1893 2067 ²⁶
1924 2039 2183 2083 adiectionis
2212 2040 2396 2084 indulta.
2623 2044 2681 2093 [a.
2714 2043 2949 2092 382—384]

1675 2093 1704 2142 3
1739 2094 1923 2154 2⁷Impp.
1964 2095 2188 2139 Arcadius
2225 2102 2270 2140 et
2306 2096 2543 2140 Honorius
2578 2097 2669 2139 AA.
2708 2095 2949 2139 Hadriano

1608 2166 1690 2218 pp.
1749 2152 1874 2196 Loca
1890 2151 2037 2195 omnia
2059 2151 2237 2195 fundive
2251 2152 2316 2195 rei
2340 2152 2545 2207 publicae
2567 2152 2805 2218 propositis
2829 2152 2951 2208 prius

1615 2210 1800 2252 licenter
1839 2207 1992 2252 edictis
2024 2207 2203 2260 dehinc,
2244 2208 2321 2251 ubi
2358 2208 2402 2250 in
2434 2221 2534 2251 eum
2564 2220 2746 2251 canonis
2774 2208 2951 2252 modum

1618 2263 1975 2309 contendentium
1989 2268 2223 2319 augmenta
2237 2263 2546 2317 succreverint,
2573 2269 2623 2307 ut
2642 2264 2819 2307 extendi
2833 2264 2952 2307 ultra

1615 2325 1693 2363 aut
1732 2319 1932 2375 superari
1967 2319 2148 2363 alterius
2181 2319 2406 2363 oblatione
2442 2332 2531 2363 non
2561 2319 2752 2375 possint,
2792 2331 2949 2375 perpe-

1615 2376 1773 2419 tuariis
1802 2375 2148 2419 conductoribus
2177 2375 2392 2420 locentur.
2621 2379 2677 2427 [a.
2710 2379 2948 2426 400—405]

1673 2431 1703 2477 4
1735 2431 1860 2475 Idem
1889 2433 1980 2474 AA.
2021 2430 2242 2475 Minervio
2283 2430 2435 2475 comiti
2471 2444 2705 2474 sacrarum
2745 2431 2950 2488 larqitio-

1614 2501 1731 2531 num.
1779 2485 1991 2543 Congruit
2014 2486 2246 2541 aequitati,
2277 2492 2328 2530 ut
2350 2492 2517 2531 veteres
2543 2499 2822 2542 possessores
2848 2486 2949 2530 fun-

1616 2543 1770 2587 dorum
1798 2543 2074 2599 publicorum
2098 2543 2221 2586 novis
2251 2542 2594 2588 conductoribus
2624 2542 2948 2598 praeferantur,

1615 2600 1653 2642 si
1681 2599 1804 2642 facta
1832 2611 1912 2655 per
1940 2599 2050 2642 alios
2079 2602 2315 2653 augmenta
2345 2599 2604 2653 suscipiant.

1669 2653 1699 2700 5
1735 2654 1919 2712 ²⁸Impp.
1954 2653 2228 2698 Theodosius
2256 2659 2301 2698 et
2324 2653 2666 2698 Valentinianus
2694 2654 2785 2698 AA.
2813 2653 2947 2698 Volu-

1612 2711 1743 2754 siano
1764 2724 1848 2768 pp.
1894 2709 2081 2753 Praedia
2106 2709 2261 2753 domus
2286 2714 2477 2764 nostrae,
2508 2710 2546 2753 si
2569 2710 2703 2754 semel
2724 2711 2820 2753 iure
2849 2722 2949 2765 per-

1612 2770 1745 2822 petuo
1775 2766 1844 2810 vel
1873 2770 2027 2809 nostra
2055 2765 2364 2821 praeceptione
2384 2766 2452 2809 vel
2477 2766 2744 2810 auctoritate
2767 2766 2950 2809 illustris

1613 2822 1694 2866 viri
1724 2821 1897 2866 comitis
1928 2821 2085 2865 aerarii
2113 2821 2275 2876 privati
2303 2822 2421 2876 apud
2457 2821 2646 2876 aliquem
2684 2821 2851 2864 fuerint
2879 2822 2948 2864 vel

1610 2878 1700 2922 iam
1730 2878 1895 2922 dudum
1925 2882 2029 2920 sunt
2058 2877 2297 2931 collocata,
2335 2877 2391 2920 ad
2421 2877 2555 2920 alium
2586 2877 2818 2921 transferri
2847 2890 2946 2932 per-

1615 2939 1633 2977 1
1694 2934 1943 2990 petuarium
1981 2945 2071 2976 non
2109 2935 2298 2988 oportet.
2357 2933 2523 2987 Aperte
2563 2932 2678 2976 enim
2718 2932 2945 2976 definimus

1612 2990 1698 3035 hoc
1716 2990 1872 3043 edicto,
1893 2994 1943 3032 ut
1964 3001 1990 3031 a
2015 2989 2297 3044 perpetuario
2313 3001 2548 3043 numquam
2565 2989 2785 3043 possessio
2801 2994 2945 3030 trans-

1611 3046 1794 3100 feratur,
1827 3044 1998 3088 etiamsi
2027 3044 2155 3087 alteri
2181 3056 2277 3088 eam
2299 3043 2538 3098 imperator
2561 3044 2628 3086 vel
2651 3048 2860 3087 exoratus
2879 3044 2947 3086 vel

1611 3104 1769 3157 sponte
1808 3099 2035 3144 donaverit
2074 3099 2164 3143 sive
2203 3099 2487 3143 adnotatione
2527 3099 2615 3142 sive
2660 3098 2944 3154 pragmatica.

1612 3161 1635 3200 2
1696 3157 1776 3201 Cui
1807 3157 1845 3200 si
1873 3156 1989 3198 forte
2019 3159 2177 3199 contra
2206 3155 2534 3210 perpetuarium
2564 3153 2630 3197 vir
2658 3155 2840 3198 illustris
2873 3167 2944 3197 co-

1611 3225 1703 3257 mes
1726 3212 2008 3268 privatarum,
2033 3210 2136 3254 dum
2163 3210 2450 3266 adlegabitur‚
2482 3211 2750 3264 adquiescet,
2783 3215 2826 3253 et
2849 3210 2944 3264 ipse

1612 3269 1666 3312 de
1704 3267 1883 3324 proprio
1922 3269 2098 3310 centum
2127 3266 2263 3310 libras
2303 3266 2400 3309 auri
2427 3271 2471 3309 et
2501 3266 2611 3309 alias
2644 3270 2822 3309 centum
2850 3265 2946 3308 fisci

1612 3329 1635 3366 3
1693 3323 1858 3367 viribus
1897 3322 2143 3378 palatinum
2172 3323 2334 3365 inferre
2371 3326 2555 3376 cogatur
2584 3321 2793 3365 officium.
2852 3321 2946 3364 Nec

1609 3382 1756 3423 tamen
1792 3382 1895 3434 post
1932 3378 2257 3432 adlegationem
2295 3377 2477 3421 habebit
2515 3377 2769 3421 huiusmodi
2809 3377 2944 3420 iussio

1610 3435 1874 3486 firmitatem,
1905 3434 1983 3477 sed
2007 3446 2090 3477 nec
2115 3433 2334 3477 locabitur
2349 3432 2488 3483 alteri,
2516 3433 2621 3476 licet
2635 3433 2799 3487 ingenti
2816 3444 2943 3487 supe-

1609 3496 1634 3534 4
1691 3503 1791 3534 rare
1830 3489 2028 3533 videatur
2067 3493 2322 3544 augmento,
2362 3489 2596 3544 possessio.
2670 3489 2771 3531 Iure
2811 3488 2943 3542 igitur

1608 3550 1821 3602 perpetuo
1869 3545 2039 3601 publici
2085 3548 2339 3588 contractus
2384 3544 2591 3587 firmitate
2636 3543 2943 3599 perpetuarius

1609 3614 1790 3646 securus
1822 3602 1879 3644 sit
1907 3605 1951 3644 et
1979 3601 2205 3655 intellegat
2233 3612 2375 3655 neque
2403 3612 2430 3642 a
2459 3612 2506 3642 se
2531 3611 2672 3654 neque
2702 3613 2728 3642 a
2756 3598 2944 3655 posteris

1608 3657 1699 3701 suis
1730 3657 1799 3700 vel
1826 3657 1910 3708 his,
1940 3657 1997 3699 ad
2026 3669 2136 3711 quos
2167 3669 2220 3699 ea
2248 3669 2318 3699 res
2347 3656 2415 3699 vel
2455 3654 2736 3698 successione
2767 3653 2835 3696 vel
2864 3653 2941 3696 do·

1607 3713 1787 3756 natione
1830 3713 1920 3756 sive
1950 3712 2200 3755 venditione
2239 3713 2307 3755 vel
2347 3711 2541 3766 quolibet
2579 3711 2707 3753 titulo
2747 3709 2944 3763 pervenit

1609 3774 1632 3812 5
1686 3769 1775 3812 sive
1800 3767 2036 3823 aliquando
2062 3767 2321 3822 pervenerit,
2352 3779 2450 3810 esse
2474 3766 2798 3808 retrahendam.
2828 3764 2943 3807 Sane

1608 3824 1710 3879 quia
1733 3837 1822 3867 non
1848 3836 1901 3866 ex
1922 3823 2041 3866 omni
2070 3827 2195 3877 parte
2218 3821 2497 3876 excludenda,
2513 3826 2582 3864 est
2610 3821 2790 3875 largitas
2820 3819 2941 3875 prin-

1608 3880 1782 3936 cipalis,
1813 3891 1904 3922 rem
1934 3879 2103 3921 divinae
2143 3878 2296 3922 domus
2328 3890 2435 3921 suae
2464 3877 2716 3932 imperator,
2756 3875 2794 3918 si
2823 3875 2941 3927 velit,

1607 4021 1682 4068 (16)
1713 4018 1888 4057 variario
1905 4017 1960 4067 K,
1992 4016 2193 4055 veratorio
2217 4017 2288 4065 ΟΖ,
2320 4014 2522 4054 varatorio
2552 4015 2616 4054 vel
2643 4015 2857 4053 naratteno
2879 4014 2944 4054 vel

1609 4074 1820 4113 variateno
1852 4073 1928 4112 alii
1957 4073 2061 4122 libri,
2091 4074 2285 4111 varateno
2321 4071 2505 4110 Cuiacz'us
2607 4070 2679 4118 (17)
2710 4072 2767 4109 sic
2795 4067 2941 4120 K001,

1609 4128 1803 4180 empciori
1839 4127 1910 4177 0⁰,
1940 4126 2074 4179 pretio
2103 4129 2166 4167 vel
2194 4126 2360 4178 epetitio
2391 4126 2511 4165 dett„-
2551 4125 2707 4175 equitio
2738 4125 2801 4164 vel
2828 4126 2939 4164 ente-

1608 4185 1703 4224 chio
1729 4185 1941 4236 proposuit
1974 4183 2162 4223 Cuiacius
2258 4183 2332 4234 (18)
2363 4196 2400 4220 a.
2432 4181 2525 4221 479.
2558 4182 2637 4220 480
2738 4180 2812 4230 (19)
2843 4180 2942 4231 ipsis

1610 4240 1826 4280 Mommsen
1927 4239 2008 4289 (2ο)
2040 4250 2087 4277 ex
2123 4239 2169 4286 Ο,
2209 4250 2256 4277 ex
2286 4237 2361 4275 hac
2393 4236 2464 4275 KI
2560 4236 2632 4285 (21)
2662 4237 2720 4275 sic
2749 4235 2794 4285 I,
2824 4247 2936 4286 prae-

1609 4294 1795 4347 ceptione
1827 4294 1910 4334 ΚΟ
1995 4295 2074 4343 (22)
2106 4292 2330 4332 locantium
2360 4291 2576 4331 Mommsen
2669 4291 2746 4341 (23)
2776 4290 2830 4329 sit
2858 4289 2940 4332 fisc.

1611 4382 1618 4389 .
1639 4381 1646 4389 .
1669 4349 1800 4390 .fidei.
1817 4362 1929 4388 mun.
1948 4350 2004 4400 K,
2034 4349 2141 4389 idem
2170 4348 2253 4387 fisc.
2271 4377 2281 4386 .
2297 4376 2307 4386 .
2327 4377 2335 4385 .
2350 4346 2457 4387 fidei.
2483 4347 2541 4385 est
2570 4347 2646 4395 (est
2671 4361 2741 4386 om.
2758 4345 2799 4395 Ι)
2828 4359 2941 4386 mun.

1615 4406 1681 4445 Ol
1732 4407 1810 4455 (24)
1841 4407 2037 4444 eruentur
2073 4405 2259 4445 Cuiacius
2346 4403 2422 4450 (25)
2442 4403 2624 4454 fortasse
2654 4402 2855 4454 iunyenda
2885 4410 2943 4442 est

1615 4463 1675 4511 11,
1693 4470 1790 4510 59,6
1823 4461 1877 4512 (α.
1897 4461 1993 4511 383)
2080 4460 2159 4510 (26)
2187 4460 2245 4499 sic
2275 4459 2381 4508 dett„
2412 4456 2598 4496 facienda
2630 4458 2673 4497 Κ
2681 4457 2726 4509 0,
2757 4457 2942 4497 faciende

1610 4517 1651 4556 et
1679 4516 1708 4557 I
1815 4515 1893 4567 (27)
1927 4515 2197 4567 Gotlzosredus
2237 4514 2366 4567 iunyit
2407 4513 2477 4553 le.
2521 4514 2583 4562 11,
2616 4521 2674 4563 20,
2704 4520 2723 4553 3
2756 4514 2809 4564 (a.
2841 4514 2940 4564 400)

1610 4572 1691 4622 (28)
1722 4571 1952 4611 Hermann
1983 4572 2111 4624 iunyit
2144 4571 2179 4619 1,
2212 4578 2264 4619 14,
2298 4578 2315 4609 4
2345 4570 2399 4618 (α.
2430 4568 2527 4616 429)

2524 4638 2603 4675 57*
