3094 4732
191 148 292 200 XII
328 150 390 198 35

187 297 196 305 '
241 291 274 339 2
317 290 440 336 Idem
487 293 538 336 A.
588 290 799 335 militibus
842 290 1042 335 cohortis
1081 289 1299 351 primae:-
1339 283 1510 348 Viginti

190 347 403 406 stipendia
431 347 468 391 si
496 347 728 402 implestis,
761 346 941 390 sordida
971 357 1149 389 munera
1178 342 1356 384 mihtiae
1384 342 1509 384 vob1s

187 418 273 450 non
299 402 556 447 indicentur.
1128 453 1138 462 ·
1174 452 1184 461 ο
1288 450 1299 460 ·
1351 449 1362 460 ·

242 457 271 505 3
303 458 425 502 Idem
453 459 502 501 A.
535 456 727 500 Iuliano.
786 456 951 500 Milites
981 457 1214 510 ignominia
1243 462 1377 501 m1ss1,
1399 462 1508 515 'cum

185 513 363 559 infamia
377 516 599 563 notantur,
629 510 757 554 nullis
782 510 1034 561 honoribus,
1065 508 1138 563 qui
1158 507 1352 560 integrae
1368 504 1507 559 digm-

185 570 286 614 tatis
315 569 560 614 hominibus
588 567 744 610 deferri
776 566 937 618 solent,
964 565 1028 606 uti
1052 565 1251 618 possunt.
1313 561 1508 604 habeant

186 628 331 669 autem
359 623 555 668 morandi
594 623 669 666 ubi
705 621 836 664 velint
872 622 1157 675 potestatem,
1197 619 1507 672 praeterquam

184 682 228 725 in
257 680 317 724 eIs
346 679 479 734 locis,
509 679 666 735 quibus
695 670 943 733 'specialiter
973 675 1192 717 arcentur.
1209 674 1221 698 ¹

240 735 270 781 4
310 734 421 793 Imp.
462 734 718 779 Alexander
767 734 816 775 A.
863 730 1023 773 Attico.
1097 727 1420 771 Defunctorum
1459 727 1506 793 in

185 791 426 836 desertione
464 791 580 834 bona
616 787 847 833 confiscari
875 786 997 829 divus
1027 783 1206 827 Marcus
1247 787 1293 826 et
1320 784 1505 827 Antom-

183 861 264 892 nus
294 851 420 902 pater
448 859 570 890 meus
600 843 838 889 constituit.
978 896 985 904 .
1202 894 1226 902 ..
1330 894 1338 902 ¹
1365 894 1373 902 ι
1401 894 1409 902 ι

237 902 266 948 5
300 902 367 946 Im
403 937 411 945 .
446 901 698 945 Gordianus
725 900 776 943 A.
811 897 1044 941 Valentino
1075 900 1119 939 et
1147 895 1249 937 aliis
1278 893 1503 938 militibus.

183 959 290 1002 Cum
334 970 360 1000 a
392 958 541 1012 legatis
584 961 748 1011 septem
793 965 930 997 annos
975 951 1019 994 in
1074 950 1318 1015 desertione
1362 949 1506 1005 egisse

181 1014 383 1058 maritum
422 1013 583 1057 sororis
624 1014 793 1054 vestrae
833 1012 877 1052 et
914 1007 1183 1062 indulgentia
1220 1007 1373 1049 nostra
1409 1018 1507 1050 esse

181 1070 452 1123 restitutum,
491 1081 579 1111 non
616 1071 733 1110 recte
764 1064 1042 1116 desideratis,
1082 1067 1131 1105 ut
1158 1061 1203 1127 id
1233 1066 1420 1117 tempus,
1452 1075 1505 1106 ac

187 1131 199 1168 1
264 1125 375 1169 siin
411 1124 564 1167 castris
593 1122 747 1175 fuerit,
787 1121 1016 1164 habeatur.
1085 1117 1277 1162 Promde
1318 1123 1502 1174 excepto

180 1193 231 1225 eo
260 1186 470 1236 tempore,
510 1178 625 1234 quod
664 1177 720 1221 ad
751 1177 994 1220 desertores
1023 1174 1238 1230 pertinet,
1270 1174 1504 1218 restitutus

184 1241 334 1280 nostra
364 1234 629 1289 indulgentia
657 1233 830 1277 residuo
860 1231 1044 1274 militare
1082 1230 1279 1273 debebit:
1318 1230 1505 1285 ideoque

179 1305 258 1336 nec
289 1290 501 1346 stipendia
526 1289 747 1346 temporis,
779 1301 863 1344 quo
889 1287 934 1330 in
962 1286 1209 1330 desertione
1231 1285 1378 1340 fuerit,
1410 1286 1504 1329 exi-

205 1360 276 1390 ere
336 1346 474 1389 oterit.

177 1361 203 1402 g
233 1399 263 1448 6
294 1360 415 1445 Idem
444 1401 495 1445 A.
527 1400 674 1444 Bruto
704 1400 844 1443 militi.
906 1398 1048 1443 Semel
1088 1397 1320 1441 causaria2
1358 1398 1503 1442 missis

175 1457 380 1501 militibus
419 1456 680 1500 instauratio
718 1469 807 1500 non
846 1454 959 1499 solet
997 1454 1179 1498 concedi
1218 1455 1405 1498 obtentu
1434 1467 1503 1498 re-

177 1516 410 1569 cuperatae
447 1511 696 1556 valitudinis
734 1510 945 1563 melioris,
988 1510 1164 1566 quando
1206 1523 1296 1555 non
1341 1515 1504 1554 temere

174 1569 459 1620 dimittantur,
489 1568 575 1611 nisi
603 1581 711 1624 quos
738 1570 911 1611 constet
930 1566 1107 1610 medicis
1140 1566 1503 1611 denuntiantibus

129 1669 131 1671 ,
174 1630 217 1667 et
254 1624 398 1668 iudice
439 1627 711 1690 competente
759 1623 988 1678 diligenter
1037 1623 1169 1666 etiam
1211 1622 1504 1678 investigante

173 1680 322 1723 vitium
354 1683 639 1724 contramsse.

232 1734 260 1781 7
293 1735 417 1779 Idem
447 1738 497 1779 A.
528 1735 704 1779 Domno
734 1740 958 1779 veterano.
1017 1734 1207 1779 Frustra
1236 1735 1418 1790 vereris,
1450 1749 1505 1779 ne

174 1796 291 1844 nota,
323 1804 433 1846 quae
448 1793 628 1847 propter
652 1790 859 1834 delictum
884 1790 1071 1834 militare
1094 1790 1358 1845 intercessit,
1390 1792 1503 1836 exis-

171 1847 437 1891 timationem
452 1852 573 1890 tuam
589 1846 677 1890 iam
685 1846 878 1891 veterani
892 1846 1074 1890 laesisse
1085 1847 1296 1900 videatur,
1317 1847 1506 1891 maxime

172 1916 270 1946 cum
293 1915 374 1947 nec
403 1915 455 1946 ex
485 1915 534 1947 eo
565 1902 738 1958 delicto,
769 1902 886 1956 quod
917 1905 961 1946 et
987 1903 1032 1946 in
1061 1915 1331 1959 paganorum
1358 1905 1507 1959 potest

171 1959 325 2003 cadere
352 1971 599 2015 personam,
627 1962 804 2003 notatos
824 1958 982 2002 milites
1002 1964 1104 2015 post
1130 1959 1380 2004 missionem
1410 1959 1504 2015 pla-

173 2016 309 2059 cuerit
338 2027 433 2059 esse
461 2014 673 2059 famosos.

227 2068 257 2118 8
288 2070 399 2136 Imp.
417 2069 570 2128 Pliilip
605 2083 659 2114 us
673 2070 723 2114 A.
755 2074 799 2114 et
827 2069 1068 2127 Philippus
1087 2069 1128 2114 C.
1152 2069 1342 2114 Maecio.
1389 2070 1503 2115 Cau-

171 2127 286 2170 saria
313 2140 472 2170 m1ssus
502 2127 625 2170 nula
654 2125 987 2170 existimationis
1011 2126 1186 2170 macula
1210 2126 1502 2182 adspergitur.

227 2181 255 2228 9
291 2182 421 2240 ³Imp.
457 2181 774 2226 Constantinus
801 2184 851 2225 A.
883 2187 927 2225 et
958 2180 999 2224 C.
1032 2182 1160 2225 Aelio
1183 2196 1265 2239 pp.
1327 2182 1372 2225 Si
1403 2183 1501 2238 quis

169 2239 369 2282 barbaris
400 2238 614 2282 scelerata
637 2237 830 2282 factione
859 2236 1117 2281 facultatem
1147 2237 1501 2293 depraedationis

167 2295 214 2337 in
252 2294 477 2338 Romanos
517 2293 704 2346 dederit,
743 2293 810 2337 vel
848 2293 886 2337 si
923 2293 1020 2348 quis
1058 2293 1146 2337 alio
1175 2293 1305 2338 modo
1335 2294 1502 2338 factam

169 2350 377 2405 diviserit,
409 2350 530 2394 vivus
560 2350 829 2394 amburatur.
899 2348 952 2392 D.
988 2361 1075 2392 llll
1103 2349 1145 2392 lc.
1178 2348 1286 2393 Mai.
1334 2349 1498 2394 Severo

168 2411 212 2450 et
239 2405 403 2462 Rufino
441 2419 583 2449 conss.
1311 2410 1366 2458 [a.
1400 2409 1496 2459 323]

227 2461 289 2509 10
322 2461 454 2519 ⁴Imp.
497 2460 715 2506 Constans
753 2462 828 2505 A.⁵
869 2460 1046 2504 Titiano
1068 2475 1152 2528 pp.
1225 2461 1500 2518 Quicumque

167 2518 351 2561 militum
391 2530 448 2561 ex
486 2520 640 2562 nostra
677 2517 938 2561 auctoritate
981 2516 1169 2561 familias
1214 2530 1318 2562 suas
1357 2518 1415 2561 ad
1451 2531 1500 2562 se

166 2574 311 2618 venire
341 2574 589 2627 meruerint,
621 2587 708 2617 non
734 2573 920 2628 amplius
947 2585 1079 2628 quam
1095 2574 1298 2630 coniugia
1322 2574 1498 2630 liberos,

167 2643 314 2674 servos
346 2631 476 2673 etiam
513 2629 566 2673 de
593 2630 768 2686 peculio
799 2630 1010 2673 castrensi
1041 2633 1212 2696 emptos
1251 2643 1392 2686 neque
1422 2631 1498 2674 ad-

166 2686 356 2742 scriptos
381 2685 583 2730 censibus
607 2685 663 2729 ad
687 2685 862 2730 eosdem
892 2685 1154 2729 excellent1a
1178 2690 1256 2729 tua
1283 2687 1407 2742 dirigi
1432 2687 1496 2730 fa·

167 2743 266 2786 ciat.
297 2741 350 2786 D.
371 2754 439 2785 ΙΙΙ
450 2741 492 2785 lc.
512 2741 610 2785 Iun.
643 2741 842 2785 Limenio
859 2747 903 2786 et
921 2741 1144 2786 Catullino
1163 2755 1306 2786 conss.
1330 2747 1386 2795 [a.
1401 2747 1497 2796 349]

224 2797 282 2844 11
321 2797 471 2855 “Impp
509 2833 517 2841 .
559 2796 803 2841 Gratianus
842 2796 1184 2841 Valentinianus
1222 2804 1267 2842 et
1297 2798 1497 2843 Tlieodo—

165 2854 260 2897 sius
287 2854 419 2897 ΑΑΑ.
454 2812 648 2911 (Ξζχηερὶο
670 2867 751 2920 pp.
822 2853 1005 2896 Tribuni
1035 2854 1103 2897 vel
1141 2854 1301 2898 milites
1331 2855 1499 2899 nullam

168 2910 377 2965 evagandi
415 2923 494 2965 per
522 2922 822 2965 possessiones
851 2909 1046 2953 habeant
1074 2910 1357 2954 facultatem:
1399 2925 1498 2955 cum

166 2966 300 3022 signis
331 2966 520 3022 propriis
548 2965 594 3009 in
622 2966 920 3010 mansionibus
943 2966 1083 3010 solitis
1108 2979 1163 3010 ac
1191 2967 1380 3022 publicis
1406 2980 1499 3011 ma-

165 3026 321 3065 neant:
354 3028 431 3065 aut
460 3022 497 3065 si
518 3021 615 3078 quis
644 3026 733 3065 tam
758 3022 1009 3066 necessaria
1034 3022 1148 3066 scita
1172 3023 1498 3079 contempserit,

165 3077 220 3121 de
240 3091 291 3122 eo
318 3090 371 3122 ac
399 3077 580 3122 tribuno
606 3077 697 3121 eius
720 3078 777 3121 ad
807 3083 1003 3122 nostram
1030 3079 1257 3122 scientiam
1274 3083 1499 3123 rectorum

164 3146 218 3177 ac
248 3133 526 3178 defensorum
565 3133 852 3178 relationibus
882 3134 1083 3190 protinus
1115 3135 1346 3189 referatur,
1387 3149 1497 3191 qua-

163 3193 293 3233 tenus
331 3190 602 3234 severissime
636 3190 684 3234 in
720 3203 795 3235 eos
835 3190 1211 3235 animadvertatur
1223 3193 1254 3235 ⁷.
1322 3191 1377 3236 D.
1410 3204 1503 3235 HJJ

163 3245 222 3288 id.
267 3245 410 3304 April.
468 3244 860 3305 Constantinopoli
909 3245 1143 3292 Ricomere
1193 3252 1238 3292 et
1284 3247 1498 3293 Clearelio

165 3315 307 3345 conss.
1307 3308 1364 3357 [a.
1397 3307 1494 3356 384]

221 3356 245 3403 1
255 3355 287 3403 2
320 3355 517 3415 ⁸Imppp.
528 3356 803 3402 Theodosius
818 3358 1041 3403 Arcadius
1056 3364 1101 3404 et
1116 3358 1351 3404 Honorius
1364 3360 1496 3404 AAA.

163 3412 389 3458 Ricomeri
409 3414 559 3457 comiti
581 3418 626 3458 et
649 3415 866 3471 maqi'stro
892 3415 1127 3481 utriusque
1155 3415 1352 3460 militiae.
1387 3416 1499 3460 Cum

163 3482 302 3525 supra
324 3469 512 3513 virentes
541 3469 767 3514 fluminum
796 3470 916 3526 ripas
938 3484 1079 3515 omnls
1101 3471 1321 3526 legionum
1350 3472 1498 3515 multi-

162 3526 272 3569 tudo
314 3525 535 3578 consistit,
571 3524 647 3569 id⁹
685 3526 866 3582 provida
904 3528 1170 3571 auctoritate
1206 3528 1496 3583 decernimus,

163 3584 215 3625 ut
252 3581 398 3624 nullus
438 3581 614 3625 omnino
652 3581 876 3627 immundo
915 3582 1018 3627 fimo
1056 3584 1290 3628 sordidatis
1319 3584 1498 3628 fluentis

166 3648 393 3682 commune
427 3637 636 3694 poculum
674 3639 866 3693 polluat,
897 3651 1005 3682 neve
1034 3639 1254 3684 abluendo
1286 3653 1497 3696 equorum

163 3693 325 3738 sudore
354 3693 621 3749 deproperus
651 3694 853 3750 publicos
869 3696 1021 3739 oculos
1035 3696 1228 3739 nudatus
1243 3696 1434 3740 incestet
1447 3697 1496 3749 ¹⁰,

164 3750 241 3793 sed
313 3749 439 3794 rocul
482 3762 509 3792 a
552 3752 810 3793 cunctorum
855 3751 1083 3796 obtutibus
1128 3752 1173 3795 in
1210 3751 1495 3796 inferioribus

196 3763 365 3849 artigas
395 3803 627 3849 fluviorum
655 3806 742 3850 hoc
770 3806 914 3862 ipsum
943 3807 1095 3851 faciat.
1147 3807 1201 3852 D.
1242 3820 1292 3851 VJ
1317 3807 1360 3852 lc.
1394 3807 1495 3852 Iun.

214 3861 434 3905 incentiae
464 3860 654 3905 Tatiano
683 3867 728 3905 et
756 3861 1023 3919 Symmacho
1055 3877 1200 3907 conss.
1309 3868 1365 3917 [a.
1398 3868 1494 3917 391]

223 3914 285 3963 13
321 3915 503 3974 ¹¹Impp.
535 3917 757 3961 Arcadius
785 3923 829 3962 et
853 3918 1084 3962 Honorius
1101 3921 1190 3963 AA.
1222 3918 1495 3963 Romuliano

158 3986 239 4030 pu.
296 3972 437 4016 Nemo
474 3972 596 4016 miles
627 3986 680 4017 ex
709 3973 802 4026 his,
843 3975 916 4029 qui
953 3981 1208 4029 praesentes
1239 3976 1386 4020 divino
1417 3976 1496 4020 ob-

166 4028 315 4083 sequio
345 4030 523 4072 nostrae
541 4029 795 4073 clementiae
825 4029 1023 4085 deputati
1046 4035 1150 4075 sunt
1171 4036 1215 4075 et
1244 4031 1317 4087 qui
1339 4032 1386 4075 in
1411 4031 1497 4075 hac

167 4169 215 4219 (1)
245 4170 302 4209 sic
332 4169 399 4219 B,
435 4171 632 4220 argentur
661 4171 720 4221 Ia,
758 4172 986 4222 arguentur
1026 4170 1155 4212 KoP
1269 4173 1325 4225 (2)
1363 4174 1420 4213 sic
1458 4172 1496 4225 I,

168 4223 348 4263 causarie
378 4224 434 4275 K,
464 4225 639 4265 cassaria
673 4227 707 4266 O
805 4228 858 4277 (3)
890 4246 944 4260 =
976 4226 1048 4266 Th.
1080 4229 1119 4278 7,
1149 4237 1178 4275 1,
1210 4238 1249 4269 1:
1281 4230 1400 4282 iunye
1432 4230 1497 4279 12,

168 4288 225 4330 42,
255 4288 272 4320 1
398 4280 451 4331 (4)
479 4300 535 4315 =
566 4281 638 4321 le.
671 4283 710 4332 7,
743 4290 771 4333 1,
802 4289 822 4322 3
949 4282 1002 4332 (5)
1032 4281 1128 4333 imp.
1161 4287 1285 4325 const.
1323 4297 1358 4322 a.
1393 4284 1498 4334 libri,

168 4334 275 4373 idem
305 4337 375 4382 (=
394 4335 703 4387 Constantinus)
733 4339 779 4375 A.
816 4337 910 4377 Tk.:
932 4339 1113 4390 fortasse
1142 4337 1266 4391 impp.
1298 4339 1499 4379 Constan-

170 4388 252 4427 tius
282 4391 323 4429 et
351 4390 551 4430 Constans
580 4393 665 4431 AA.
706 4407 781 4432 scr.
875 4394 931 4444 (6)
961 4413 1014 4427 =
1046 4392 1119 4432 Th.
1152 4395 1189 4443 Ἴ,
1222 4404 1250 4444 1,
1281 4404 1341 4436 12:
1382 4397 1500 4448 iunye

178 4443 248 4483 Th.
279 4446 317 4493 8,
348 4455 381 4494 5,
411 4454 454 4486 45
547 4446 600 4497 (7)
631 4449 884 4497 quatenus..
904 4478 912 4487 .
931 4447 1280 4489 animadvertatur
1318 4466 1390 4491 om.
1426 4451 1499 4491 Th.

175 4499 231 4547 (8)
259 4517 313 4533 =
340 4501 413 4541 Th.
444 4502 482 4551 7,
511 4510 542 4551 1,
573 4510 611 4543 13
710 4503 765 4552 (9)
797 4503 838 4542 id
870 4504 958 4552 Th„
987 4503 1113 4553 idque
1143 4504 1198 4553 K,
1229 4505 1417 4557 idemque
1453 4506 1501 4555 Ο,

177 4551 266 4591 ideo
297 4555 388 4595 dett.
475 4556 549 4607 (10)
578 4558 699 4607 atque
728 4558 786 4597 ita
816 4559 982 4599 turbido
1011 4560 1154 4610 potum
1184 4571 1307 4601 caeno
1336 4561 1504 4601 misceat

179 4607 219 4645 et
248 4607 469 4649 confundat
498 4611 729 4663 adspectum
760 4615 832 4654 im.
868 4614 941 4655 Th.
1042 4615 1112 4665 (11)
1142 4634 1196 4651 ==
1227 4615 1299 4656 Th.
1332 4618 1371 4667 7,
1402 4626 1431 4666 1,
1463 4626 1501 4658 ιτ

1483 130 1600 216 470

2463 146 2538 184 DE
2573 149 2643 186 RE
2677 150 2927 189 MILITARI
3047 0 3085 292 ἢ

1593 292 1690 324 esse
1720 281 1830 324 urbe
1858 284 2092 336 praesente
2116 281 2327 325 comitatu
2358 282 2557 326 concessi
2587 287 2689 328 sunt
2716 286 2842 342 quive
2873 286 2928 331 de
3066 295 3087 339 ι(

1592 337 1688 380 aliis
1717 337 1911 380 numeris
1941 337 2007 380 vel
2045 337 2290 393 legionibus
2329 342 2455 390 sunt,
2486 338 2555 381 vel
2593 339 2678 383 sibi
2705 345 2831 386 vacet
2858 343 2927 387 vel
3067 338 3089 392 (ζ,

1591 391 1737 435 aliena
1762 392 1976 448 obsequia
2002 393 2094 437 sine
2115 397 2228 436 nutu
2249 392 2483 449 principali
2510 405 2721 448 peragere
2749 397 2925 444 audeat.
3072 391 3090 444 'l

1591 447 1666 502 qui
1709 451 1858 491 autem
1901 447 1948 491 in
1990 447 2242 492 huiusmodi
2280 448 2478 492 facinore
2516 448 2685 492 fuerint
2723 453 2924 506 convicti,
3084 452 3090 478 ³

1590 502 1746 546 militia
1776 503 1897 546 exuti
1932 516 2098 558 poenas
2140 508 2461 548 consentaneas
2497 505 2618 548 luere
2659 507 2945 561 compellan-'

1589 563 1683 601 tur:
1721 558 1797 601 ¹2ii
1826 561 1987 612 autem,
2019 560 2093 614 qui
2120 560 2167 603 in
2198 560 2367 616 privato
2399 560 2611 615 obsequio
2651 561 2832 604 militem
2856 576 2927 607 re-

1589 614 1731 657 tinere
1777 614 1944 658 fuerint
1986 616 2170 670 reperti,
2222 617 2413 671 quinque
2455 616 2579 659 libris
2624 616 2721 660 auri
2763 618 2930 663 multae

1595 674 1610 712 1
1671 670 1846 713 nomine
1882 669 2112 715 feriantur.
2182 671 2259 715 Sin
2297 685 2398 715 vero
2440 672 2670 727 quisquam
2705 672 2866 716 missus
2901 685 2931 718 a

1589 739 1772 769 numero
1804 726 1871 769 vel
1906 738 1932 768 a
1962 726 2141 771 tribuno
2173 727 2229 770 ad
2260 727 2514 771 comitatum
2546 728 2794 771 serenitatis
2824 741 2928 772 nos-

1587 786 1683 824 trae
1707 781 1955 836 pervenerit
1971 782 2117 835 (aliter
2141 783 2256 826 enim
2277 796 2351 827 eos
2374 784 2459 827 hoc
2483 784 2633 827 facere
2648 787 2847 828 vetamus
2865 786 2929 839 ¹³),

1587 838 1688 881 ilico
1720 850 1768 880 se
1797 837 1900 881 viris
1930 837 2175 881 illustribus
2207 839 2455 892 comitibus,
2487 840 2568 883 sub
2600 853 2788 895 quorum
2815 840 2928 896 regi-

1587 893 1703 936 mine
1734 892 1966 936 constituti
1991 896 2096 936 sunt
2113 895 2159 946 ¹⁴,
2192 894 2350 938 offerre
2376 895 2557 939 festinet
2574 898 2619 938 et
2644 908 2802 940 causas
2826 909 2929 952 pro-

1585 948 1789 993 fectionis
1807 950 1841 976 ¹⁵
1871 951 2076 1004 exponat,
2107 954 2158 992 ut
2187 953 2232 994 et
2260 963 2523 1006 responsum
2547 952 2737 995 caeleste
2761 963 2930 996 merea-

1587 1009 1611 1048 2
1671 1009 1744 1048 tur
1774 1008 1818 1048 et
1847 1005 1980 1048 citam
2010 1006 2235 1049 remeandi
2262 1007 2455 1062 accipiat
2491 1007 2762 1052 facultatem.
2839 1007 2931 1052 ¹⁶Si

1587 1073 1697 1116 quos
1737 1065 1885 1104 autem
1924 1060 2082 1104 milites
2120 1074 2201 1116 per
2238 1063 2491 1117 provincias
2530 1063 2697 1107 relictis
2735 1063 2931 1120 propriis

1587 1117 1778 1160 numeris
1809 1117 1975 1171 passim
2005 1117 2155 1172 vagari
2183 1118 2408 1173 praesides
2447 1132 2599 1164 earum
2630 1120 2929 1174 cognoverint,

1587 1175 1816 1228 correptos
1846 1171 2015 1216 faciant
2046 1173 2280 1227 custodiri,
2313 1174 2452 1219 donec
2483 1175 2537 1219 de
2573 1175 2641 1218 his
2673 1175 2931 1219 clementiae

1586 1233 1765 1272 nostrae
1794 1228 1977 1272 auribus
2007 1229 2233 1272 intimetur
2252 1232 2309 1283 et,
2341 1231 2448 1285 quid
2475 1230 2574 1275 fieri
2603 1235 2822 1287 oporteat,
2853 1231 2929 1275 de-

1586 1297 1831 1328 cernamus,
1891 1284 1945 1328 D.
1978 1283 2020 1328 lc.
2047 1284 2176 1329 Febr.
2212 1286 2605 1344 Constantinopoli
2635 1286 2846 1332 Honorio
2875 1289 2928 1332 A.

1588 1352 1680 1383 ΗΠ
1705 1346 1750 1384 et
1779 1339 2069 1398 Eutychiano
2101 1354 2244 1385 conss.
2740 1347 2797 1396 [a.
2830 1345 2928 1396 398]

1644 1394 1709 1441 14
1744 1395 1906 1439 ¹⁷Idem
1921 1397 2012 1440 AA.
2046 1395 2287 1441 Stilichoni
2315 1398 2534 1456 maqistro
2565 1399 2766 1443 militum.
2811 1398 2929 1444 Gon-

1586 1454 1656 1495 tra
1687 1452 1913 1507 publicam
1943 1452 2178 1496 utilitatem
2208 1454 2414 1497 nolumus
2445 1466 2473 1497 a
2507 1454 2700 1499 numeris
2731 1454 2790 1499 ad
2818 1454 2931 1500 alios

1585 1521 1791 1552 numeros
1821 1508 1980 1552 milites
2010 1513 2187 1552 nostros
2218 1509 2464 1554 transferri.
2517 1510 2662 1554 sciant
2689 1511 2824 1566 igitur
2853 1523 2928 1556 co-

1585 1565 1712 1608 mites
1742 1566 1812 1608 vel
1841 1564 1998 1617 duces,
2031 1564 2189 1620 quibus
2218 1566 2435 1621 regendae
2461 1566 2640 1611 militiae
2671 1579 2780 1610 cura
2810 1579 2929 1611 com·-

1585 1620 1721 1665 missa
1749 1625 1830 1675 est,
1861 1634 1950 1665 non
1983 1621 2125 1665 solum
2156 1621 2261 1666 de¹⁸
2290 1622 2655 1666 comitatensibus
2685 1635 2738 1667 ac
2766 1622 2929 1680 palati-

1587 1677 1654 1720 nis
1670 1677 1863 1721 numeris
1893 1676 1951 1720 ad
1976 1677 2086 1721 alios
2112 1690 2319 1722 numeros
2345 1678 2506 1722 milites
2523 1679 2557 1704 ¹⁹
2586 1679 2821 1723 transferri
2839 1692 2930 1723 nou

1586 1734 1742 1787 licere,
1773 1733 1850 1776 sed
1877 1746 1934 1777 ne
1963 1733 2070 1788 ipsis
2102 1734 2275 1788 quidem
2311 1747 2389 1778 seu
2431 1735 2484 1778 de
2516 1735 2878 1780 comitatensibus
2891 1736 2930 1762 ²⁰

1588 1789 1833 1844 legionibus
1865 1802 1942 1833 seu
1975 1790 2028 1832 de
2042 1791 2079 1816 2¹
2108 1790 2413 1845 riparensibus
2453 1791 2730 1836 castricianis
2743 1792 2781 1819 ²²
2811 1795 2928 1836 cete-

1587 1845 1735 1901 risque
1767 1845 1971 1900 cuiquam
2010 1858 2163 1889 eorum
2202 1846 2500 1891 transferendi
2535 1847 2718 1891 militem
2755 1847 2929 1904 copiam

1588 1901 1862 1953 attributam,
1892 1900 1980 1944 nisi
2007 1902 2093 1945 hoc
2123 1906 2313 1956 augusta
2335 1903 2544 1946 maiestas
2573 1903 2780 1958 publicae
2809 1903 2927 1947 utili-

1587 1957 1690 2001 tatis
1718 1957 1862 2013 gratia
1890 1956 1985 2001 fieri
2014 1957 2196 2002 iusserit
2208 1959 2266 2001 ²³:
2300 1958 2403 2013 quia
2433 1959 2614 2002 honoris
2644 1964 2927 2015 augmentum

1587 2026 1677 2058 non
1707 2013 1967 2065 ambitione,
2000 2014 2077 2057 sed
2117 2014 2269 2058 labore
2299 2015 2354 2057 ad
2384 2027 2739 2071 unumquemque
2769 2027 2925 2060 conve-

1591 2072 1610 2112 1
1669 2069 1737 2113 nit
1775 2069 1986 2113 devenire.
2055 2069 2183 2124 Quod
2219 2070 2258 2114 si
2296 2069 2372 2126 qui
2401 2075 2558 2114 contra
2594 2070 2806 2124 fecerint,
2847 2083 2928 2136 per

1586 2124 1782 2181 singulos
1821 2125 1980 2169 milites
2025 2126 2219 2180 singulas
2264 2126 2363 2170 auri
2398 2126 2535 2170 libras
2574 2139 2603 2170 a
2641 2139 2690 2170 se
2726 2129 2929 2172 noverint

1585 2181 1835 2236 exigendas.
1895 2181 1949 2224 D.
1982 2193 2110 2224 XIIII
2135 2180 2178 2223 lc.
2210 2182 2355 2238 April.
2398 2181 2650 2225 Mediolani
2679 2180 2928 2226 Stilichone

1584 2243 1629 2281 et
1655 2237 1902 2281 Aureliano
1931 2250 2074 2280 conss.
2753 2243 2810 2291 [a.
2827 2241 2926 2290 400]

1643 2291 1704 2338 15
1738 2290 1852 2349 Imp.
1870 2291 1961 2335 Leo
1978 2293 2029 2335 A.
2047 2292 2216 2349 Aspari‘
2244 2292 2465 2351 maqistro
2496 2293 2699 2338 militum.
2743 2293 2925 2347 Milites,

1585 2349 1659 2404 qui
1688 2361 1716 2390 a
1753 2360 1801 2392 re
1840 2347 2020 2403 publica
2056 2352 2285 2392 armantur
2313 2352 2360 2392 et
2388 2350 2582 2402 aluntur,
2621 2349 2726 2395 solis
2764 2349 2928 2394 debent

1583 2403 1773 2460 publicis
1803 2404 2065 2448 utilitatibus
2105 2404 2319 2460 occupari
2355 2418 2438 2449 nec
2468 2418 2673 2461 agrorum
2713 2405 2854 2451 cultui
2882 2410 2926 2450 et

1585 2459 1815 2504 custodiae
1854 2460 2110 2503 animalium
2157 2461 2229 2504 vel
2275 2461 2662 2506 mercimoniorum
2707 2462 2924 2518 quaestui,

1588 2520 1606 2560 1
1668 2515 1747 2560 sed
1784 2516 1992 2573 propriae
2031 2516 2192 2560 muniis
2230 2517 2441 2561 insudare
2481 2518 2675 2563 militiae.
2744 2518 2926 2563 Nullam

1582 2574 1814 2629 praeterea
1853 2585 1906 2616 ex
1942 2572 2155 2616 militibus
2195 2574 2384 2628 posthac
2422 2574 2661 2629 praedictis
2701 2574 2925 2631 obsequiis

1582 2641 1742 2672 vacare
1771 2628 2027 2683 magnitudo
2066 2630 2146 2672 tua
2175 2630 2383 2684 patiatur,
2426 2630 2504 2674 sed
2544 2631 2796 2698 frequentes
2825 2642 2925 2675 esse

1582 2685 1629 2728 in
1657 2697 1839 2728 numero
1869 2697 1950 2728 suo
1966 2684 2145 2737 iubeat,
2177 2687 2228 2728 ut
2256 2698 2479 2729 armorum
2510 2686 2768 2742 quot1diano
2799 2699 2923 2731 exer·

1583 2744 1608 2784 2
1667 2740 1771 2784 citio
1807 2740 1865 2784 ad
1903 2740 2021 2784 bella
2059 2753 2107 2784 se
2145 2747 2423 2797 praeparent.
2492 2742 2619 2797 Quod
2658 2743 2697 2787 si
2735 2743 2833 2799 quis
2870 2755 2926 2786 ex

1582 2797 1843 2841 militaribus
1871 2796 2092 2840 iudicibus
2121 2798 2238 2841 ullos
2268 2798 2454 2842 militum
2482 2801 2574 2842 tam
2603 2798 2761 2843 divinis
2819 2811 2925 2843 uam
2984 2845 2986 2848 ,

1583 2853 1714 2909 regiis
1743 2854 1812 2897 vel
1850 2852 2033 2908 privatis
2073 2852 2275 2897 domibus
2306 2867 2359 2898 ac
2395 2855 2751 2909 possessionibus
2810 2855 2922 2898 lver-

1583 2909 1731 2964 sisque
1772 2908 1869 2952 aliis
1910 2908 2134 2965 obsequiis
2171 2915 2328 2953 contra
2356 2910 2636 2954 interdictum
2674 2910 2923 2954 serenitatis

1581 2970 1761 3009 nostrae
1785 2964 2022 3008 crediderit
2050 2965 2338 3020 deputandos,
2370 2965 2484 3010 sciat
2502 2967 2558 3010 ab
2585 2966 2697 3016 eo2⁴‚
2728 2966 2804 3022 qui
2817 2978 2924 3011 con-

1581 3027 1653 3064 tra
1690 3021 1872 3064 vetitum
1912 3021 2089 3073 fecerit,
2136 3025 2181 3064 et
2219 3023 2275 3065 ab
2316 3035 2380 3075 eo,
2421 3022 2498 3078 qui
2542 3035 2680 3066 ausus
2719 3022 2924 3078 accipere

1581 3077 1763 3121 militem
1798 3077 1956 3131 fuerit,
1997 3089 2077 3133 per
2115 3077 2312 3132 singulos
2351 3078 2510 3123 milites
2547 3078 2742 3134 singulas
2784 3078 2924 3124 libras

1582 3134 1681 3177 auri
1718 3134 1922 3189 protinus
1961 3133 2212 3188 exigendas.
2282 3133 2337 3179 1).
2370 3134 2495 3192 prid.
2536 3148 2641 3178 non.
2674 3133 2760 3179 Iul.
2811 3133 2925 3179 Con-

1581 3190 1782 3234 stantino
1819 3190 1881 3233 oli
1911 3189 2060 3243 Leone
2089 3191 2140 3233 A.
2173 3203 2294 3234 cons.
2733 3194 2790 3244 [a.
2822 3193 2922 3243 458]

1642 3242 1706 3291 16
1738 3244 1769 3288 Ι
1796 3260 1862 3289 em
1893 3249 1944 3289 A.
1977 3245 2201 3290 Dioscoro
2223 3261 2308 3304 pp.
2367 3245 2586 3290 Militares
2614 3246 2732 3291 viros
2775 3245 2924 3291 civiles

1582 3314 1713 3345 curas
1739 3301 1943 3356 adripere
1965 3301 2262 3357 prohibemus,
2295 3305 2375 3347 aut
2398 3302 2436 3347 si
2456 3302 2650 3358 aliquam
2672 3301 2925 3347 huiusmodi

1582 3357 1921 3402 sollicitudinem
1957 3358 2072 3402 forte
2102 3359 2396 3414 susceperint,
2435 3363 2479 3403 et
2516 3358 2671 3402 militia
2700 3359 2850 3402 statim
2879 3360 2926 3402 et

1581 3414 1819 3470 privilegiis
1849 3415 2050 3458 omnibus
2091 3414 2303 3458 denudari
2340 3415 2639 3458 decernimus:
2682 3414 2922 3459 formidan-

1580 3470 1701 3514 tibus
1740 3470 1810 3513 his
1849 3477 2016 3514 motum
2053 3474 2231 3514 nostrae
2259 3471 2531 3522 serenitatis,
2572 3471 2647 3526 qui
2675 3471 2924 3515 temeritate

1582 3525 1882 3570 saluberrimis
1913 3526 2094 3570 statutis
2124 3527 2298 3570 obviam
2326 3527 2390 3571 ire
2419 3526 2742 3582 temptaverint.

1642 3580 1703 3628 17
1745 3580 1860 3639 Imp.
1915 3582 2035 3626 Zeno
2071 3583 2123 3626 A.
2170 3581 2408 3627 Marciano
2457 3583 2676 3640 maqi‘stro
2720 3582 2922 3627 militum.

1581 3638 1810 3682 Neminem
1838 3637 1885 3680 in
1914 3638 2006 3682 ullo
2036 3651 2220 3682 numero
2244 3638 2440 3695 equitum
2469 3639 2538 3683 vel
2567 3638 2764 3694 peditum
2783 3638 2853 3682 vel
2874 3637 2924 3682 in

1583 3694 1783 3750 quolibet
1810 3692 1948 3737 limite
1979 3694 2072 3738 sine
2102 3695 2246 3738 nostri
2274 3694 2464 3738 numinis
2496 3707 2626 3738 sacra
2663 3694 2924 3751 probatoria

1580 3751 1626 3794 in
1655 3754 1880 3806 posterum
1918 3749 2080 3794 sociari
2121 3751 2421 3804 concedimus,
2463 3751 2782 3795 consuetudine
2811 3759 2924 3806 quae

1581 3807 1796 3850 hactenus
1825 3806 1968 3849 tenuit
1991 3806 2236 3860 antiquata,
2269 3819 2381 3861 quae
2398 3806 2682 3862 *magisteriae
2711 3805 2923 3863 potestati

1581 3863 1647 3906 vel
1679 3861 1865 3906 ducibus
1896 3862 2177 3917 probatorius
2208 3863 2392 3906 militum
2431 3862 2578 3907 facere
2606 3863 2675 3907 vel
2709 3862 2922 3907 militibus

1581 3919 1715 3962 adiun
1746 3929 1818 3962 ere
1847 3917 2071 3962 licentiam
2093 3919 2333 3972 tribuebat,
2363 3923 2414 3962 ut
2442 3919 2474 3962 ii
2502 3922 2674 3962 tantum
2695 3919 2741 3961 in
2770 3930 2920 3962 nume-

1580 3975 1641 4018 ris
1671 3986 1724 4018 ve
1769 3973 1815 4017 in
1853 3973 2064 4018 limitibus
2093 3975 2305 4027 militent,
2346 3975 2421 4030 qui
2451 3988 2479 4018 a
2507 3979 2661 4019 nostra
2695 3973 2922 4018 divinitate

1586 4036 1598 4072 1
1665 4030 1943 4087 probatorias
1978 4035 2322 4084 consequuntur.
2382 4031 2514 4075 Viros
2544 4035 2692 4074 autem
2730 4029 2921 4073 eminen-

1582 4174 1656 4224 (1⁶2)
1685 4171 1743 4211 ii.
1762 4170 2018 4211 ..feriantur
2047 4186 2095 4211 ex
2115 4171 2187 4211 Th.
2219 4173 2360 4223 7,1,15
2393 4173 2537 4212 addita
2566 4179 2657 4212 sunt
2739 4170 2814 4221 (13)
2844 4170 2922 4211 ali-

1582 4230 1644 4267 ter
1670 4257 1678 4267 .
1700 4257 1737 4266 ..
1762 4227 1946 4266 vetamus
1985 4242 2056 4267 om.
2092 4227 2164 4267 Th.
2309 4227 2381 4278 (14)
2412 4226 2487 4266 sub
2511 4258 2521 4268 .
2541 4257 2550 4266 .
2571 4256 2580 4267 .
2604 4226 2701 4266 sunt
2738 4240 2811 4267 om.
2847 4227 2933 4274 Th.

1582 4284 1655 4334 (15)
1684 4283 1743 4323 sic
1773 4282 1862 4322 edd.
1895 4298 1992 4323 eum.
2027 4282 2115 4332 Th„
2146 4282 2408 4334 professionis
2440 4283 2536 4323 libri
2571 4283 2648 4322 mei
2741 4281 2818 4333 (16)
2850 4288 2869 4330 §
2899 4291 2921 4324 2

1582 4360 1638 4375 =
1671 4338 1742 4379 Th.
1775 4339 1815 4390 7,
1844 4347 1874 4388 1,
1905 4346 1945 4379 16
2061 4338 2134 4389 (17)
2164 4358 2219 4373 =
2252 4338 2326 4378 ΤΙι.
2359 4341 2397 4389 7,
2428 4347 2457 4388 1,
2490 4347 2529 4379 18
2644 4337 2719 4388 (18)
2749 4337 2798 4378 de
2831 4338 2920 4392 Th„

1584 4410 1657 4436 om.
1690 4394 1786 4435 libri
1869 4394 1943 4445 (19)
1973 4392 2148 4433 militem
2175 4394 2249 4434 Th.
2348 4395 2429 4445 (20)
2461 4394 2561 4434 idem
2580 4392 2681 4432 Tit.-
2711 4394 2840 4441 fuitne
2869 4407 2921 4435 ne

1585 4451 1635 4491 de
1657 4448 1756 4503 ipsis
1772 4448 1935 4499 quidem
1950 4449 2441 4501 pseudocomitatensibus
2457 4447 2710 4500 (Cuiaciusfl
2768 4450 2841 4500 (21)
2872 4450 2921 4491 de

1587 4506 1680 4557 Th„
1709 4503 1759 4544 de
1788 4505 1930 4544 castris
1962 4506 2056 4546 libri
2125 4506 2204 4558 (22)
2234 4503 2489 4544 castricianis
2509 4504 2595 4554 le.,
2626 4503 2840 4546 castrianis
2862 4505 2920 4558 1⁰,

1586 4558 1871 4602 castrensianis
1906 4558 2034 4602 KOIb
2130 4562 2207 4612 (23)
2238 4559 2318 4599 nisi
2356 4560 2513 4599 hoc...

1587 4618 1666 4668 (24)
1695 4614 1746 4656 ab
1776 4628 1823 4656 eo
1852 4618 2011 4670 scripsi,
2040 4629 2081 4656 se
2112 4617 2161 4657 ab
2192 4628 2238 4657 eo
2274 4616 2323 4666 Ο,
2354 4627 2378 4655 a
2405 4627 2446 4655 se
2478 4615 2525 4656 Κ

2541 4558 2709 4601 iusserit
2738 4576 2810 4603 om.
2846 4560 2917 4603 Th.
