3054 4796
66 4450 70 4457 =
149 4433 298 4473 veteris
327 4434 551 4474 defensoris
579 4434 668 4474 ΒΣ
691 4435 747 4485 (κ.
764 4435 830 4485 π.)

165 182 240 224 DE
273 181 626 221 ADSERTIONE
663 180 962 221 TOLLENDA

218 315 284 364 42
319 315 450 376 ¹Imp.
481 317 800 364 Constantinus
827 317 878 362 A.
911 316 974 361 ad
994 316 1245 363 Maximum
1309 335 1349 365 u.
1397 322 1498 367 Pla-

162 374 255 419 cuit
291 386 367 418 eos
406 374 484 431 qui
520 378 765 419 nascuntur
802 377 995 417 matrum
1032 375 1278 421 condicioni
1310 379 1390 423 us2
1419 379 1496 434 uti,

160 442 345 487 quarum
374 444 476 475 mox
504 430 746 476 visceribus
776 434 1073 495 exponuntur.
1122 437 1222 476 ante
1247 432 1367 478 litem
1393 445 1496 479 vero

159 486 252 530 nati
295 499 376 530 suo
422 499 572 532 omnes
614 486 789 534 nomine
832 499 879 528 1n
925 487 1228 541 quaestionem
1270 493 1496 546 vocentur,

188 542 366 586 uoniam
402 542 484 587 hos
523 542 666 596 solos,
705 541 779 597 qui
817 541 863 584 in
899 541 976 585 lite
1015 544 1107 585 nati
1137 549 1283 599 erunt,
1325 559 1498 590 omnem

179 602 383 642 ortunam
426 602 616 643 matrum
662 596 896 653 complecti
941 601 1116 653 oportet
1160 606 1203 643 et
1246 606 1324 644 aut
1366 602 1497 645 iustis

157 654 276 698 tradi
333 655 520 699 dominis
572 658 650 698 aut
692 653 898 697 libertate
943 667 1041 697 cum
1084 656 1195 699 lucis
1240 657 1498 702 auctoribus

159 709 263 754 frui.
321 710 376 755 D.
399 711 524 770 prid.
555 710 614 754 id.
647 707 748 753 Iun.
782 707 949 753 Sirmio
981 709 1210 756 Probiano
1242 719 1285 757 et
1313 712 1496 820 Iulia2n20]

158 778 304 811 conss.
1309 773 1365 823 [a.
1398 773 1422 814 3

735 936 913 986 ΧῩΙΙ.3

420 1017 498 1059 DE
526 1017 846 1060 ADSERTION
848 1020 885 1059 E
914 1020 1139 1061 TOLLEN
1142 1022 1230 1063 DA.

213 1099 237 1146 1
283 1098 397 1158 Imp.
438 1097 722 1144 lastinianus
758 1102 809 1144 A.
849 1100 1012 1147 Menae
1079 1118 1130 1161 p.
1198 1103 1323 1147 Lites
1362 1115 1497 1159 super

155 1155 303 1200 servili
346 1155 604 1200 condicione
648 1157 885 1203 movendas
931 1159 988 1202 ad
1036 1118 1362 1204 ‹ffementiorem
1405 1162 1498 1203 tam

153 1211 520 1256 examinationem
561 1225 693 1267 quam
728 1214 961 1258 terminum
996 1215 1305 1259 transferimus
1341 1215 1496 1259 iuben-

152 1273 234 1321 tes,
262 1268 300 1312 si
323 1268 419 1323 quis
444 1268 512 1311 vel
537 1269 685 1312 adhuc
709 1270 901 1315 serviens
927 1271 1115 1316 liberum
1141 1285 1189 1316 se
1214 1283 1314 1315 esse
1337 1271 1499 1315 dixerit

151 1324 221 1368 vel
257 1324 304 1367 in
342 1324 550 1368 libertate
595 1338 872 1370 commorans
917 1327 975 1370 ad
1017 1328 1275 1372 servitutem
1313 1331 1496 1372 vocatus

150 1379 310 1445 fuerit,
351 1379 593 1425 adsertoris
630 1382 939 1429 difficultatem
966 1383 1013 1427 in
1043 1389 1233 1439 utroque
1263 1396 1371 1427 casu
1401 1396 1495 1427 ces—

151 1449 254 1480 sare
288 1449 522 1492 ipsumque
559 1450 640 1493 per
679 1451 727 1482 se
766 1439 823 1482 ad
851 1439 1150 1483 intentiones⁴
1190 1440 1283 1483 eius
1315 1440 1389 1495 qui
1418 1439 1495 1483 do-

151 1492 319 1536 minum
347 1505 445 1536 sese
473 1493 640 1537 adserit
668 1495 938 1550 respondere
968 1500 1030 1549 et,
1064 1496 1100 1539 si
1130 1508 1184 1539 ex
1213 1495 1497 1551 possessione

149 1549 367 1593 libertatis
397 1549 454 1592 ad
483 1550 738 1594 servitutem
770 1550 968 1604 ducitur,
1001 1552 1133 1594 etiam
1161 1556 1496 1607 procuratorem

151 1605 258 1649 dare
293 1604 470 1649 minime
508 1606 757 1661 prohiberi,
799 1606 916 1662 quod
953 1607 1046 1662 his,
1088 1607 1163 1661 qui
1202 1620 1256 1650 ex
1286 1608 1497 1651 servitute

149 1660 207 1704 ad
235 1661 485 1705 libertatem
513 1663 808 1717 prosiluerint,
838 1663 1015 1718 penitus
1044 1662 1370 1707 interdicimus:
1409 1663 1496 1706 illis

148 1717 343 1773 legibus,
414 1730 497 1761 uae
537 1718 702 1762 dudum
741 1720 786 1761 et
825 1718 1023 1761 secunda
1059 1721 1105 1761 et
1131 1719 1265 1762 tertia
1293 1719 1387 1763 vice
1417 1719 1495 1762 ad·

149 1774 361 1817 sertorias
407 1774 490 1817 ites
522 1773 764 1817 examinari
791 1773 1147 1838 praecipiebant,
1186 1774 1234 1817 in
1268 1779 1496 1830 posterum

150 1829 590 1885 conquiescentibus,
634 1842 735 1873 cum
772 1833 831 1872 alt
864 1830 1029 1873 iustum
1057 1830 1246 1886 primam
1277 1830 1495 1874 definitio·

148 1897 246 1929 nem
276 1885 322 1928 in
356 1885 448 1928 suis
489 1897 666 1929 manere
703 1884 893 1937 viribus,
937 1898 1038 1929 cum
1076 1885 1334 1941 provocatio
1375 1886 1497 1928 nulla

149 1941 300 1985 oblata
338 1939 489 1985 fuerit:
537 1953 625 1996 qua
662 1945 892 1997 porrecta,
933 1941 992 1984 ad
1028 1941 1356 1986 similitudinem
1387 1942 1494 1985 alio-

145 2009 245 2044 rum
274 1996 550 2051 negotiorum
579 1996 727 2049 iudex,
760 1996 817 2040 ad
847 2010 977 2053 quem
1000 2010 1071 2041 res
1098 2010 1153 2041 ex
1177 1997 1495 2053 provocatione

146 2052 341 2105 ducitur,
381 2065 480 2096 eam
519 2052 816 2108 examinabit,
858 2053 982 2098 cuius
1020 2058 1065 2097 et
1102 2055 1244 2109 ipsius
1283 2054 1494 2097 iudicium

147 2109 204 2153 ad
233 2108 474 2153 secundam
512 2109 851 2165 exquisitionem
881 2109 1057 2153 minime
1088 2109 1335 2154 deducetur
1363 2123 1492 2154 occa-

147 2166 270 2213 sione
307 2165 474 2220 legum,
518 2178 632 2221 quae
672 2178 806 2221 super
848 2165 1103 2211 adsertoriis
1142 2166 1294 2211 litibus
1323 2167 1496 2223 positae

151 2226 168 2265 1
231 2225 348 2266 sunt.
408 2221 551 2277 Super
579 2222 753 2277 peculio
787 2222 919 2266 etiam
949 2235 1102 2267 eorum
1132 2223 1200 2266 vel
1230 2223 1330 2267 aliis
1360 2224 1494 2267 rebus

147 2281 226 2321 aut
266 2277 413 2322 causis
452 2283 643 2322 veterem
672 2276 916 2322 defensoris
931 2281 947 2306 ⁵
985 2279 1335 2323 observationem
1378 2279 1494 2323 tolli-

146 2347 258 2387 mus,
287 2333 615 2390 praecipientes
645 2333 822 2377 illorum
852 2335 1157 2379 tantummodo
1187 2335 1387 2391 peculia,
1420 2336 1495 2390 qui

147 2403 202 2434 ex
231 2389 513 2447 possessione
542 2389 765 2434 servitutis
796 2403 930 2445 super
954 2391 1095 2434 libera
1120 2390 1380 2435 condicione
1404 2391 1492 2434 liti·

145 2451 274 2502 gant,
304 2445 505 2501 aliasque
534 2459 606 2489 res
635 2458 748 2502 quae
777 2446 1060 2489 vindicantur
1088 2447 1134 2490 in
1163 2451 1260 2494 tuto
1290 2460 1372 2503 pro
1404 2446 1493 2491 dis·

147 2507 172 2546 2
230 2502 453 2558 positione
481 2502 640 2545 iudicis
672 2502 896 2546 collocari.
958 2501 1119 2546 Omnes
1148 2515 1267 2556 vero,
1309 2503 1382 2558 qui
1411 2516 1493 2559 pro

145 2558 354 2603 libertate
377 2557 702 2614 periclitantur,
735 2558 772 2602 si
795 2558 970 2614 quidem
993 2558 1168 2614 possint
1190 2558 1496 2603 fideiussorem

147 2615 267 2667 dare,
305 2627 407 2658 eum
437 2615 571 2670 exigi:
613 2615 681 2658 sin
709 2627 812 2658 vero
842 2627 891 2658 re
919 2627 1024 2658 vera
1053 2614 1173 2659 datio
1205 2615 1299 2659 eius
1329 2615 1493 2672 impos-

148 2671 288 2717 sibilis
333 2671 398 2714 eis
443 2670 503 2715 sit
545 2671 718 2726 hocque
761 2670 899 2714 iudici
943 2671 1177 2715 manifeste
1219 2671 1493 2725 ostendatur,

145 2727 385 2774 iuratoriae
416 2727 611 2776 cautioni
643 2726 879 2771 committi:
921 2726 1112 2771 scientes
1143 2727 1282 2793 quod,
1324 2727 1362 2771 si
1392 2732 1495 2783 post

146 2783 399 2828 huiusmodi
437 2783 758 2838 expositionem
797 2782 992 2827 afuerInt
1031 2788 1074 2826 et
1106 2783 1260 2828 edlctis
1293 2783 1419 2827 citati
1446 2783 1493 2826 in

147 2840 349 2884 absentia
387 2839 524 2882 nihilo
563 2840 708 2883 minus
748 2851 828 2894 per
862 2852 999 2882 unum
1029 2852 1194 2883 annum
1224 2839 1493 2892 duraverint,

145 2895 395 2940 omnimodo
440 2895 645 2939 servituti
682 2894 864 2938 obnoxii
905 2899 1034 2939 erunt
1073 2900 1118 2939 et
1152 2896 1246 2940 eius
1285 2896 1491 2948 dominio,

146 2952 221 3008 qui
257 2951 380 2996 litem
420 2952 484 2995 eis
523 2951 693 3003 intulit,
732 2951 826 2995 sine
856 2951 949 2995 ulla
979 2951 1257 2996 dubitatione
1287 2952 1492 3008 adsigna-

147 3013 171 3052 3
229 3008 408 3052 buntur.
470 3007 594 3051 Scire
622 3020 725 3052 vero
757 3020 832 3052 eos
863 3008 1076 3058 volumus,
1109 3009 1184 3064 qui
1215 3008 1406 3064 aliquem
1437 3008 1494 3052 ad

145 3064 399 3109 servitutem
429 3068 613 3116 vocant,
654 3063 795 3120 quod,
827 3064 865 3108 si
894 3068 998 3120 post
1025 3064 1211 3121 primam
1241 3065 1492 3109 accusatio-

145 3131 246 3164 nem
287 3120 333 3163 in
378 3133 655 3175 quocumque
697 3119 859 3164 iudicio
905 3120 973 3164 vel
1021 3133 1077 3164 ex
1120 3121 1254 3164 divali
1296 3121 1493 3165 iussione

146 3175 312 3219 factam
343 3178 388 3218 et
416 3175 757 3220 admonitionem
785 3176 826 3219 ei
856 3176 1062 3226 oblatam,
1104 3177 1180 3232 qui
1209 3189 1363 3221 servus
1394 3189 1493 3222 esse

147 3231 329 3285 dicitur,
371 3231 419 3273 in
458 3230 543 3274 alio
583 3231 746 3274 iudicio
786 3243 886 3274 eum
924 3232 1235 3275 accusaverint
1278 3236 1491 3288 (praeter-

147 3299 280 3343 quam
318 3287 356 3329 si
396 3285 490 3330 eius
530 3286 810 3330 occasionem
838 3286 935 3341 ipse
966 3287 1042 3342 qui
1071 3300 1226 3331 servus
1256 3300 1354 3332 esse
1384 3288 1491 3332 dici-

146 3347 221 3386 tur
262 3342 563 3398 praestiterit),
609 3341 694 3386 etsi
732 3341 896 3386 domini
934 3342 1035 3396 sint,
1080 3355 1161 3386 suo
1203 3343 1303 3387 iure
1345 3344 1492 3399 priva-

147 3399 328 3443 buntur.
398 3397 451 3442 1).
486 3409 554 3441 ΠΙ
587 3397 646 3441 id.
685 3396 790 3442 Deo.
832 3398 904 3441 dn.
943 3396 1200 3442 Iustiniano
1228 3413 1313 3457 pp.
1354 3399 1406 3443 A.
1448 3411 1496 3443 ιι

148 3455 293 3499 cons.⁶
1303 3458 1359 3507 [a.
1394 3458 1491 3507 528]

205 3508 236 3556 2
268 3508 393 3554 Idem
422 3510 474 3553 A.
506 3507 706 3553 Iohanni
726 3523 809 3568 pp.
878 3509 1148 3566 Expeditam
1187 3514 1320 3554 antea
1358 3523 1491 3566 quae-

148 3566 359 3619 stionem,
398 3565 447 3609 in
483 3566 708 3622 praesenti
745 3569 895 3611 autem
932 3579 988 3610 ex
1015 3570 1170 3611 nostra
1205 3566 1247 3610 le
1277 3578 1321 3620 e,
1362 3579 1492 3621 quam

148 3622 203 3666 de
241 3620 497 3669 adsertione
525 3621 722 3666 tollenda
748 3622 1002 3678 posuimus,
1041 3625 1092 3666 in
1126 3634 1244 3677 quan
1276 3635 1346 3666 am
1376 3621 1491 3666 diffi-

149 3678 358 3722 cultatem
381 3677 578 3721 incidere
598 3677 936 3733 periclitantem,
964 3678 1278 3734 compendioso
1298 3678 1491 3722 remedio

154 3740 168 3777 1
231 3733 501 3778 fulciendam
538 3746 634 3778 esse
676 3746 921 3780 censemus.
994 3734 1102 3778 Cum
1141 3735 1257 3779 enim
1294 3747 1375 3791 per
1413 3733 1490 3777 ad-

149 3793 338 3834 sertores
377 3802 512 3845 super
550 3789 758 3834 libertate
791 3790 1004 3834 iudicium
1044 3790 1319 3845 agitabatur,
1365 3789 1403 3833 si
1445 3789 1492 3832 in

147 3845 290 3890 medio
328 3845 555 3889 adsertore
592 3846 714 3889 litem
754 3849 911 3902 agente
950 3846 1155 3890 adsertus
1191 3848 1247 3890 ab
1278 3847 1363 3889 hac
1393 3846 1492 3889 luce

147 3902 283 3946 fuerIt
307 3902 576 3955 subtractus,
600 3902 844 3946 necessitas
866 3902 1180 3958 imponebatur
1194 3903 1331 3946 nihilo
1348 3902 1491 3945 minus

148 3957 365 4002 adsertori
392 3956 515 4000 litem
542 3957 739 4013 implere,
770 3962 821 4001 ut
850 3962 1040 4014 emptor,
1083 3958 1120 4001 si
1148 3959 1292 4002 victus
1323 3961 1419 4002 erat
1449 3961 1494 4001 et

147 4027 228 4070 pro
259 4014 464 4057 libertate
493 4013 640 4056 fuerat
667 4014 1020 4069 pronuntiatum,
1051 4015 1216 4058 habeat
1244 4027 1492 4069 regressum

148 4070 360 4114 adversus
396 4069 690 4121 venditorem,
729 4073 781 4113 ut
819 4069 859 4113 ei
898 4071 1025 4125 quasi
1062 4070 1229 4114 liberae
1273 4081 1491 4126 personae

144 4124 347 4176 venditor
375 4122 534 4167 reddat
557 4122 616 4177 id,
649 4123 766 4179 quod
790 4127 1047 4184 emptionali
1070 4127 1364 4172 instrumento
1390 4138 1495 4170 con-

149 4267 199 4318 (1)
227 4287 284 4303 =
318 4268 389 4309 Th.
420 4269 462 4318 4,
493 4275 529 4316 s,
560 4275 581 4307 4

149 4323 205 4373 (κ.
221 4324 285 4375 π.)
399 4323 453 4375 (3)
484 4323 528 4363 Β
559 4323 625 4373 48,
658 4330 696 4363 21

149 4378 423 4418 intentionem
451 4378 551 4419 PtR
666 4379 720 4431 (5)
751 4379 809 4419 sic
839 4377 931 4429 PR,
962 4381 1140 4419 veterem
1169 4379 1419 4420 defensionis
1449 4381 1490 4428 C,

920 4434 975 4486 (6)
1002 4434 1232 4476 iustiniano
1262 4465 1273 4475 .
1293 4466 1301 4475 .
1321 4466 1331 4475 .
1362 4447 1490 4475 conss.

150 4489 419 4540 supplevimus
506 4491 559 4543 (7)
588 4488 949 4541 Constantinopoli
972 4492 1066 4542 post
1088 4491 1348 4531 consulatum
1369 4492 1491 4531 Lam-

149 4543 264 4594 padii
293 4543 334 4584 et
363 4546 517 4586 Orestis
547 4558 610 4585 vv.
642 4559 699 4586 cc.
729 4546 864 4598 suppl.
897 4546 1125 4586 Buchlzoltz
1216 4547 1274 4598 (8)
1307 4548 1350 4588 Β
1375 4548 1443 4597 48,
1470 4556 1490 4587 9

149 4621 204 4627 —-
240 4599 301 4649 Cf:
323 4599 424 4654 Diy.
455 4604 523 4652 40,
554 4611 596 4643 43
682 4603 738 4654 (9)
769 4604 872 4642 idem
901 4603 989 4640 ΒΣ
1013 4603 1067 4654 (κ.
1084 4604 1170 4653 π.);
1201 4606 1242 4642 et
1269 4603 1492 4655 participa-

723 4266 779 4317 (2)
817 4268 858 4306 et
895 4267 987 4307 iure
1027 4269 1102 4309 ins.
1137 4269 1211 4310 Th.
1243 4277 1382 4310 contra
1411 4268 1501 4308 ΒΣ

819 4323 872 4373 (4)
903 4325 961 4363 sic
989 4322 1094 4365 P²¹G
1117 4339 1201 4365 cum
1230 4325 1319 4364 ΒΣ
1342 4325 1396 4376 (κ.
1413 4325 1491 4375 π.),

150 4654 217 4695 tus
238 4657 296 4693 est
318 4656 451 4695 aretia
476 4658 551 4697 del.
578 4658 796 4698 Mommsen
864 4660 941 4708 (10)
964 4659 1023 4698 sic
1053 4658 1103 4707 C,
1128 4658 1381 4697 meritissimi
1401 4658 1491 4707 PR,
1531 4708 1535 4711 .

1483 167 1589 227 303

2580 175 2678 229 VII
2720 178 2920 228 16—-19

1586 327 1611 367 2
1670 324 1897 371 tinebatur
1939 323 2007 368 vel
2060 326 2221 368 natura
2275 329 2531 372 contractus
2576 329 2799 384 'exigebat
2871 329 2923 371 In

1585 381 1810 436 praesenti
1849 384 2019 433 autem,
2060 380 2163 436 quia
2203 381 2479 427 adsertorum
2508 396 2620 428 vana
2648 386 2826 429 nomina
2854 398 2922 428 re-

1584 437 1702 480 iecta
1729 440 1845 491 sunt,
1877 437 1915 480 si
1943 448 2148 492 persona,
2187 451 2268 492 pro
2305 439 2429 483 cuius
2461 440 2720 484 condicione
2748 440 2802 484 lis
2832 442 2921 496 agi-

1585 495 1682 548 tur,
1722 495 1898 537 mortua
1934 492 2091 544 fuerit,
2136 494 2498 548 quemadmodum
2538 496 2748 539 iudicium
2779 499 2924 550 potest

1586 548 1816 604 adimpleri
1854 561 1944 593 una
1980 549 2283 594 tantummodo
2316 564 2508 606 persona
2535 551 2583 593 in
2611 551 2822 594 iudicium
2850 564 2922 594 ve-

1586 607 1609 646 3
1668 605 1847 648 niente?
1898 604 2130 648 Sancimus
2154 605 2303 661 itaque
2327 606 2374 649 in
2397 605 2624 662 praesenti
2653 617 2761 648 casu
2790 606 2924 648 licen-

1583 659 1691 702 tiam
1731 673 1829 706 esse
1870 661 2057 717 emptori
2096 661 2306 706 adversus
2347 675 2476 705 suum
2506 666 2735 704 auctorem
2762 662 2924 713 venire,

1614 719 1803 759 uatenus
1847 718 1914 760 vel
1964 716 2171 761 ostendat
2213 717 2413 762 venditor
2464 729 2636 760 servum
2687 727 2735 758 se
2778 716 2925 757 vendi-

1616 769 1700 813 ‘sse
1743 772 1834 825 vel,
1889 772 1926 814 si
1974 785 2064 816 non
2111 773 2326 827 potuerit,
2373 771 2500 826 quasi
2546 770 2688 813 libera
2736 781 2927 824 persona

1582 824 1762 925 {engita
1786 826 2026 907 7evictionis
2062 827 2309 883 periculum
2339 827 2396 873 ad
2426 838 2525 870 eum
2553 827 2811 869 revertatur.
2829 883 2852 922 5
2871 825 2926 869 D.

1617 914 1626 924 .
1693 884 1781 937 ept.
2740 884 2796 932 [a.
2859 885 2926 932 31]

2155 1049 2359 1099 XV111.⁸

1585 1131 1788 1179 QUIBUS
1839 1132 1915 1172 AD
1966 1131 2336 1173 LIBERTATEM
2384 1131 2767 1173 PROCLAMARE
2812 1133 2927 1174 NON

1583 1188 1755 1229 LICET
1794 1188 1869 1229 ET
1907 1188 1985 1229 DE
2024 1187 2205 1229 REBUS
2243 1188 2463 1239 EORUM,
2504 1188 2602 1234 QUI
2630 1189 2705 1228 AD
2735 1189 2928 1229 LIBER—

1654 1244 1849 1287 TATEM
1877 1244 2260 1287 PROCLAMARE
2290 1245 2409 1285 NON
2438 1244 2857 1286 PROHIBENTUR.

1643 1325 1666 1372 1
1706 1325 1818 1394 Imp.
1852 1325 2110 1371 Gordianus
2139 1330 2190 1371 A.
2222 1325 2435 1371 Proculo.
2496 1327 2663 1383 Dispar
2696 1339 2832 1371 causa
2862 1331 2930 1371 est

1584 1384 1693 1438 eius,
1719 1397 1793 1439 qu1
1818 1383 2095 1427 dissimulata
2120 1383 2382 1430 condicione
2405 1395 2487 1427 sua
2503 1383 2689 1427 distrahi
2705 1396 2752 1428 se
2768 1389 2928 1439 passus

1583 1443 1665 1492 est,
1697 1443 1742 1484 et
1771 1439 1886 1491 eius,
1925 1440 2000 1496 qui
2029 1440 2222 1495 pretium
2251 1439 2548 1495 participatus
2580 1443 2659 1483 est.
2721 1452 2824 1483 nam
2854 1452 2927 1483 su-

1583 1496 1747 1552 periori
1792 1496 1968 1551 quidem
2014 1509 2105 1539 non
2149 1496 2391 1551 denegatur
2443 1496 2663 1540 libertatis
2717 1495 2928 1549 defensio,

1583 1551 1820 1607 posteriori
1849 1557 2020 1604 autem,
2052 1557 2096 1596 et
2125 1552 2162 1596 si
2194 1552 2299 1596 civis
2329 1552 2557 1596 Romanus
2588 1552 2645 1596 sit
2674 1555 2718 1596 et
2746 1552 2927 1607 partici-

1589 1612 1605 1650 1
1668 1611 1800 1664 patus
1840 1611 1907 1652 est
1943 1608 2088 1663 pretia
2100 1608 2130 1660 ⁰,
2171 1608 2355 1652 libertas
2393 1608 2647 1663 denegatur.
2707 1608 2927 1652 Eandem-

1586 1676 1669 1718 que
1707 1669 1753 1708 et
1789 1665 1837 1707 in
1869 1675 1927 1707 ,eo
1969 1663 2297 1708 distinctionem
2332 1664 2650 1718 adhibendam,
2693 1665 2765 1708 cui
2803 1664 2928 1708 fidei-

1586 1719 1889 1763 commissaria
1938 1719 2123 1764 libertas
2177 1720 2385 1772 debetur,
2440 1720 2719 1763 meritissimo
2734 1721 2769 1746 ¹⁰
2819 1721 2928 1764 iuris

1585 1780 1789 1820 auctores
1828 1775 2164 1830 responderunt.
2236 1775 2327 1819 PP.
2369 1775 2412 1819 lc.
2453 1775 2563 1819 Mai.
2609 1775 2839 1820 Gordiano
2875 1778 2928 1819 A.

1583 1836 1630 1875 et
1656 1831 1819 1875 Aviola
1849 1844 1993 1874 conss.
2740 1836 2796 1884 [a.
2829 1835 2928 1882 239]

1640 1883 1671 1932 2
1705 1885 1851 1944 Impp.
1884 1885 2199 1930 Diocletianus
2237 1891 2281 1930 et
2308 1885 2621 1930 Maximianus
2650 1888 2743 1930 AA.
2775 1892 2820 1931 et
2850 1885 2928 1930 CC.

1583 1940 1804 1986 Melanae.
1878 1941 1947 1985 De
1989 1942 2212 1986 latronum
2255 1941 2424 1985 familia
2468 1942 2833 1991 descendentibus
2879 1956 2930 1987 ex

1582 1997 1815 2054 largitione
1834 1997 2077 2055 principali
2092 1998 2160 2042 vel
2183 1998 2450 2042 auctoritate
2473 1998 2615 2042 fiscali
2640 2000 2775 2044 servis
2799 1999 2928 2043 factis

1582 2057 1702 2100 retro
1730 2054 1955 2112 principes
1985 2054 2236 2099 libertatem
2266 2054 2475 2110 denegari
2503 2055 2802 2100 decreverunt.

1641 2109 1684 2159 3.
1709 2111 1813 2155 ¹¹Im
1850 2147 1858 2156 .
1894 2111 2216 2157 Constantinus
2244 2111 2296 2154 A.
2328 2112 2389 2155 ad
2416 2110 2671 2156 Maximum
2700 2113 2826 2170 pu.¹²
2885 2112 2932 2155 Si

1583 2167 1681 2224 quis
1710 2167 1758 2211 in
1786 2169 1820 2212 h
1853 2171 2039 2213 ertatem
2097 2167 2432 2220 roclamaverit,
2473 2167 2536 2221 id,
2579 2168 2698 2223 quod
2735 2168 2855 2225 apud
2884 2181 2931 2212 se

1582 2237 1680 2269 esse
1721 2224 1816 2269 eius
1862 2224 1938 2280 qui
1977 2237 2025 2269 se
2097 2225 2291 2269 ominum
2331 2224 2439 2270 dicit
2477 2224 2778 2281 profitebitur,
2822 2238 2929 2280 quo-

1582 2280 1700 2324 niam
1740 2280 1795 2324 de
1835 2294 1887 2325 eo
1927 2294 2017 2330 non
2053 2281 2304 2335 dubitatur,
2346 2282 2470 2325 reddi
2509 2295 2563 2326 ac
2602 2281 2758 2324 referri
2796 2281 2929 2324 iudex

1587 2341 1604 2379 1
1675 2337 1880 2391 protinus
1928 2337 2250 2393 pronuntiabit.
2331 2337 2459 2391 Quod
2502 2350 2603 2381 vero
2654 2338 2838 2394 petitur,
2892 2337 2930 2381 si

1582 2392 1716 2436 fuerit
1744 2392 1979 2448 negatione
2009 2393 2191 2436 dubium
2209 2395 2254 2446 ¹³,
2294 2406 2376 2448 per
2414 2394 2661 2437 cautionem
2694 2407 2926 2438 conserva-

1583 2448 1704 2491 bitur
1733 2460 1786 2491 ac
1816 2447 1971 2504 petitio
2003 2448 2244 2499 differetur,
2284 2453 2355 2501 ut,
2397 2449 2434 2492 si
2463 2449 2598 2492 fuerit
2628 2450 2878 2505 approbata
2894 2451 2928 2476 ¹⁴

1581 2503 1780 2556 libertas,
1811 2504 2036 2559 (quomam
2067 2509 2110 2547 et
2133 2504 2255 2560 ipsis,
2288 2504 2363 2560 qui
2387 2505 2455 2548 his
2480 2517 2571 2548 rem
2601 2506 2926 2559 commiserunt,

1580 2560 1844 2604 medendum
1885 2563 1966 2613 est)
2005 2564 2230 2615 gestarum
2268 2573 2414 2605 rerum
2445 2561 2501 2604 ab
2533 2561 2685 2605 eodem
2715 2561 2828 2605 ratio
2860 2567 2925 2604 at-

1582 2628 1667 2671 que
1707 2630 1834 2661 omne
1875 2616 1993 2672 quod
2033 2616 2267 2661 debebitur
2304 2621 2579 2672 reposcatur,
2624 2623 2674 2660 ut
2718 2618 2928 2662 servitute

1581 2672 1767 2728 depulsa
1811 2672 1887 2728 qui
1929 2686 2010 2728 pro
2057 2673 2236 2716 domino
2281 2673 2503 2728 quondam
2555 2673 2703 2717 fuerat
2749 2674 2926 2724 habeat,

1582 2729 1700 2784 quod
1738 2732 1792 2772 ut
1828 2741 1955 2773 servo
1998 2728 2180 2772 dominii
2216 2729 2313 2772 iure
2342 2728 2528 2783 largitus
2560 2733 2627 2773 est
2657 2733 2701 2772 et
2731 2742 2844 2785 quae
2875 2743 2929 2772 ex

1581 2797 1734 2828 earum
1771 2797 1919 2828 rerum
1959 2789 2150 2840 quaestu
2189 2797 2244 2828 ac
2282 2784 2502 2829 fructibus
2542 2785 2779 2829 conciliata
2824 2788 2929 2828 sunt

1580 2844 1627 2885 et
1668 2853 1782 2897 quae
1826 2841 1880 2884 de
1923 2839 2099 2884 furtivis
2146 2840 2415 2896 compendiis
2465 2841 2653 2885 obscure
2701 2845 2832 2897 capta
2875 2854 2928 2884 ac

1579 2902 1739 2953 parata
1768 2901 1886 2951 sunt,
1917 2910 2018 2941 cum
2046 2897 2234 2940 liberum
2252 2899 2285 2923 ¹⁵
2314 2909 2411 2940 esse
2440 2910 2530 2941 non
2560 2902 2777 2953 oporteat,
2810 2898 2927 2952 quod

1580 2953 1702 3010 apud
1738 2967 1912 2998 servum
1952 2953 2156 2998 dominus
2196 2953 2357 3008 peculii
2399 2953 2576 2996 nomine
2616 2954 2925 2997 collocaverat.

1582 3014 1606 3053 2
1664 3009 1735 3053 Ea
1763 3022 1888 3062 vero,
1921 3022 2035 3065 quae
2064 3014 2328 3053 testamento
2360 3009 2428 3051 vel
2458 3008 2695 3052 donatione
2726 3009 2927 3063 quaesita

1579 3070 1685 3111 sunt
1723 3070 1803 3109 aut
1839 3078 1953 3121 quae
1995 3079 2049 3108 ex
2078 3078 2232 3108 earum
2262 3077 2410 3107 rerum
2441 3064 2746 3108 emolumentis
2777 3069 2926 3120 empta

1580 3121 1875 3177 confectaque
1905 3126 2032 3174 sunt,
2064 3121 2205 3164 eidem
2234 3120 2424 3176 ingenuo
2463 3119 2743 3174 deputentur.
2813 3132 2925 3174 quae

1578 3181 1728 3222 tamen
1766 3178 1971 3221 universa
2010 3181 2164 3220 exacto
2203 3175 2420 3218 libertatis
2461 3175 2646 3227 iudicio,
2691 3188 2804 3230 quae
2821 3176 2855 3201 ¹⁶
2899 3189 2926 3219 a

1579 3246 1716 3289 supra
1746 3233 1876 3276 dictis
1906 3234 2040 3276 rebus
2071 3232 2381 3275 discernantur
2397 3232 2443 3283 ¹⁷,
2483 3231 2528 3273 in
2565 3234 2794 3287 sequestro
2826 3244 2923 3275 esse

1579 3291 1775 3345 oportet,
1817 3291 1869 3332 ut
1907 3288 1977 3332 his
2006 3288 2063 3330 ab
2094 3291 2282 3342 utroque
2312 3286 2512 3331 deductis
2543 3291 2675 3343 atque
2703 3287 2751 3330 in
2779 3287 2922 3331 medio

1578 3346 1676 3389 iure
1707 3343 1935 3395 collocatis
1975 3343 2032 3387 ad
2070 3355 2222 3387 eorum
2253 3356 2334 3399 pro
2367 3343 2572 3386 rietatem
2601 3348 2787 3399 uterque
2817 3357 2924 3388 con-

1578 3401 1745 3445 tendat.
1819 3399 1875 3443 D.
1915 3411 1988 3442 XV
2035 3397 2078 3442 lc.
2118 3398 2264 3443 Iun.¹⁸

1580 3457 1746 3512 Rufino
1778 3468 1922 3500 conss.

2673 3399 2836 3444 Severo
2882 3404 2926 3443 et

2734 3459 2791 3508 [a.
2825 3459 2921 3507 323]

2343 3398 2627 3443 kessalonica

2130 3625 2374 3677 ΧἮΙΙΙ.19

1867 3707 1945 3748 DE
1975 3707 2190 3749 ORDINE
2222 3707 2630 3749 coomrmNUM.

1637 3790 1659 3835 1
1699 3788 1812 3848 Imp.
1844 3788 2108 3836 Alexander
2135 3791 2186 3834 A.
2230 3789 2409 3834 Vitalio.
2471 3789 2580 3832 Cum
2617 3792 2660 3831 et
2689 3788 2783 3843 ipse
2814 3801 2918 3830 con-

1576 3846 1722 3890 fessus
1765 3858 1813 3890 es
1860 3848 2005 3890 status
2050 3846 2394 3890 controversiam
2437 3846 2552 3900 pati,
2608 3856 2698 3899 qua
2748 3844 2920 3886 ratione

1578 3902 1805 3958 postulas,
1848 3901 2106 3957 priusquam
2150 3903 2203 3946 de
2248 3901 2506 3946 condicione
2556 3901 2781 3943 constaret
2823 3901 2918 3952 tua,

1579 3957 1822 4002 accusandi
1850 3956 1934 4001 tibi
1961 3957 2098 4001 tribui
2126 3960 2391 4014 potestatem
2422 3960 2575 3999 contra
2611 3967 2729 4007 eum,
2771 3955 2844 4009 qui
2873 3957 2919 3997 te

1577 4026 1751 4058 servum
1781 4024 1879 4057 esse
1920 4013 2173 4058 contendit?
2239 4027 2338 4057 cum
2373 4011 2527 4066 igitur,
2571 4010 2688 4053 sicut
2725 4010 2917 4063 adlegas,

1578 4073 1698 4114 statu
1710 4070 1749 4097 2⁰
1776 4068 1949 4125 generis
1979 4068 2118 4114 fretus
2148 4082 2209 4125 es,
2240 4070 2366 4112 iuxta
2394 4067 2463 4110 ius
2495 4065 2764 4110 ordinarium
2789 4078 2916 4120 prae-

1577 4125 1715 4170 sidem
1739 4128 1854 4181 pete,
1883 4124 1957 4181 qui
1980 4126 2157 4182 cognita
2179 4125 2304 4183 prius
2329 4122 2504 4167 liberali
2526 4134 2665 4166 causa
2687 4134 2742 4165 ex
2759 4124 2919 4165 eventu

1579 4261 1715 4315 ἀξίως
1742 4267 1832 4306 ΒΣ
1855 4267 1910 4319 (κ.
1927 4268 1995 4319 π.)
2109 4268 2178 4319 (11)
2207 4285 2263 4301 ---
2291 4266 2362 4306 Th.
2379 4266 2419 4315 4,
2444 4273 2480 4315 8,
2504 4272 2547 4306 6:
2579 4264 2697 4317 iunqe
2727 4263 2766 4311 8,
2790 4271 2848 4312 46,
2874 4271 2913 4304 10

1580 4323 1652 4375 (12)
1683 4335 1752 4375 pu.
1790 4323 1877 4374 Th„
1906 4335 1975 4375 pp.
2007 4322 2120 4364 SCR
2197 4324 2269 4373 (13)
2299 4319 2579 4372 negotiatione
2608 4321 2914 4359 controversum

1585 4379 1656 4419 Th.
1689 4386 1829 4418 contra
1858 4379 1947 4418 ΒΣ
1970 4379 2026 4430 (κ.
2042 4380 2108 4429 π.)
2249 4378 2322 4428 (14)
2355 4375 2525 4427 propria
2562 4377 2634 4416 ins.
2671 4375 2712 4415 Τ
2707 4375 2743 4414 Ιι.
2775 4383 2915 4415 contra

1578 4434 1667 4474 ΒΣ
1677 4435 1733 4482 (κ.
1750 4435 1815 4485 π.)
1873 4434 1949 4485 (15)
1970 4436 2071 4475 idem
2094 4433 2192 4474 Th..·
2218 4431 2339 4472 liberi
2357 4431 2574 4471 Mommsen
2633 4431 2709 4481 (16)
2725 4441 2807 4481 quo
2827 4430 2914 4480 Th„

1577 4490 1651 4530 sed
1678 4484 1792 4544 ἅπερ
1821 4490 1910 4529 ΒΣ
1933 4491 1988 4542 (κ.
2003 4488 2070 4540 π.)
2173 4489 2246 4538 (17)
2275 4489 2334 4528 sic
2367 4487 2501 4535 01207,
2532 4485 2823 4526 discernuntur
2852 4483 2915 4525 Rb

1583 4545 1653 4585 ΤΙι.
1672 4545 1823 4595 ΒΣ(κ.
1840 4545 1907 4596 π.)
1979 4546 2056 4596 (18)
2081 4545 2168 4584 iun.
2186 4545 2224 4594 8,
2242 4551 2299 4593 46,
2320 4551 2372 4595 ¹0,
2403 4542 2485 4582 ian.
2513 4542 2636 4592 (alias
2657 4543 2794 4592 mart.)
2815 4541 2883 4581 Th.
2901 4557 2914 4580 .-

1578 4601 1785 4641 Maximus
1815 4602 1947 4642 idibus
1971 4600 2081 4653 Sept.
2116 4615 2155 4640 a.
2173 4607 2239 4639 323
2269 4599 2528 4651 praefectura
2553 4598 2655 4638 abiit
2765 4597 2840 4649 (19)
2871 4598 2915 4637 Β

1578 4657 1645 4707 48,
1676 4664 1718 4697 22
1833 4656 1912 4703 (20)
1942 4657 2002 4695 sic
2036 4656 2070 4695 C
2096 4670 2179 4694 cum
2218 4655 2299 4692 ΒΣ
2323 4656 2376 4706 (κ.
2394 4655 2472 4706 π.),
2503 4652 2566 4692 tui
2598 4654 2671 4693 ins.
2707 4651 2784 4693 PR
